1742 2718
601 70 958 111 MENAECHMI
1471 74 1585 101 PRoL.

113 188 328 224 Tarentum
348 183 477 222 auexit
497 195 630 221 secum
651 183 702 219 ad
724 187 938 219 mercatum
959 178 1086 224 simul,

113 252 223 291 illum
244 250 397 300 reliquit
417 251 580 288 alterum
601 249 708 297 apud
731 254 894 284 matrem
915 243 1035 283 domi.

113 318 273 356 Tarenti
294 317 399 355 ludei
420 318 518 355 forte
538 323 647 354 erant
668 328 789 364 quom
811 313 902 351 illuc
922 311 1042 351 uenit.

51 398 96 432 30
115 384 295 420 mortales
319 381 440 428 multi,
464 391 506 419 ut
526 381 576 418 ad
598 381 723 426 ludos,
747 383 1014 417 conuenerant
1032 391 1039 413 :
1464 384 1505 414 30

113 461 209 497 puer
228 446 421 484 aberrauit
441 446 542 484 inter
561 445 742 483 homines
763 457 785 481 a
805 451 924 493 patre.

116 510 434 562 Epidamniensis
456 510 617 560 quidam
640 508 693 547 ibi
715 515 908 546 mercator
928 506 1011 552 fuit,

114 576 146 614 is
166 589 329 626 puerum
351 575 449 613 tollit
470 575 684 624 auehitque
706 571 998 622 Epidamnium.

114 649 222 691 pater
241 640 323 678 eius
343 648 474 678 autem
497 646 705 689 postquam
728 650 892 688 puerum
913 634 1097 686 perdidit,

52 714 93 750 35
113 705 288 744 animum
310 704 523 754 despondit
543 717 667 753 eaque
688 703 719 740 is
739 701 982 752 aegritudine
1467 712 1505 743 35

113 770 248 820 paucis
268 770 408 808 diebus
428 777 517 819 post
539 768 699 806 Tarenti
721 774 947 805 emortuost.

114 843 323 885 postquam
344 836 553 884 Syracusas
574 825 626 872 de
647 847 692 872 ea
712 847 751 871 re
771 832 885 870 rediit
906 830 1066 869 nuntius

113 901 164 938 ad
183 914 301 938 auom
322 913 544 950 puerorum,
566 912 731 949 puerum
752 904 975 947 surruptum
995 898 1160 934 alterum

114 973 344 1015 patremque
364 964 474 1015 pueri
495 964 657 1002 Tarenti
682 963 686 1015 Ι
713 976 798 1001 esse
818 969 1052 1007 emortuom,

49 1045 96 1078 40
114 1029 295 1068 immutat
315 1044 461 1069 nomen
481 1043 578 1068 auos
598 1030 690 1067 hu’1'c
709 1027 868 1078 gemino
887 1025 995 1065 alteri
1011 1041 1021 1073 ;
1462 1037 1504 1068 40

113 1094 166 1133 ita
185 1094 295 1133 illum
315 1094 450 1134 dilexit
469 1094 538 1144 qui
558 1100 776 1143 surruptust
795 1093 960 1130 alterum
977 1106 984 1129 :

115 1159 215 1198 illius
235 1173 382 1198 nomen
403 1159 503 1197 indit
523 1159 577 1197 illi
598 1158 665 1208 qui
685 1157 794 1196 domi
815 1164 883 1204 est,

116 1225 391 1271 Menaechmo,
414 1224 522 1262 idem
542 1225 651 1273 quod
670 1222 780 1261 alteri
800 1234 947 1260 nomen
967 1221 1064 1268 fuit;

113 1297 152 1328 et
171 1289 278 1340 ipsus
299 1291 442 1328 eodem
462 1296 520 1327 est
540 1290 627 1327 auo'
647 1295 812 1326 uocatus
832 1287 993 1325 nomine

52 1366 93 1402 45
116 1353 338 1405 (propterea
358 1354 460 1392 illius
480 1367 628 1392 nomen
649 1351 812 1391 memini
831 1351 994 1399 facilius,
1465 1364 1508 1397 45

116 1419 208 1469 quia
227 1419 336 1457 illum
357 1421 528 1458 clamore
548 1418 631 1457 uidi
651 1417 884 1469 flagitarier).

116 1498 166 1523 ne
186 1498 277 1523 mox
297 1484 440 1532 erretis,
463 1485 541 1523 iam
561 1497 669 1522 nunc
688 1482 874 1534 praedico
894 1482 999 1533 prius
1016 1499 1023 1522 :

116 1549 222 1589 idem
242 1558 300 1589 est
320 1551 516 1590 ambobus
537 1564 685 1589 nomen
706 1548 872 1600 geminis
892 1548 1084 1586 fratribus.

115 1629 222 1654 nunc
242 1616 281 1654 in
303 1616 573 1667 Epidamnum
593 1615 763 1667 pedibus
783 1615 1030 1653 redeundum
1052 1620 1110 1651 est
1130 1611 1238 1660 mihi,

54 1693 98 1730 50
116 1688 158 1719 ut
178 1682 280 1720 hanc
301 1696 382 1720 rem
398 1682 513 1721 uobis
534 1680 771 1735 eQQu-sfiiffl
791 1679 1001 1730 disputem.
1143 1694 1147 1695 ⁷
1470 1691 1510 1723 50

117 1745 148 1784 si
168 1746 255 1796 quis
276 1747 372 1797 quid
392 1755 566 1786 uestrum
589 1746 859 1797 Epidamnum
880 1743 1003 1783 curari
1025 1743 1098 1782 sibi

115 1810 221 1859 uelit,
243 1813 428 1852 audacter
448 1812 640 1863 imperato
661 1819 699 1850 et
719 1810 853 1858 dicito,

116 1877 186 1915 sed
206 1876 259 1915 ita
278 1885 320 1916 ut
340 1879 407 1916 det
427 1879 534 1916 unde
555 1877 680 1916 curari
701 1876 741 1915 id
762 1875 885 1926 possit
906 1875 990 1914 sibi.

116 1959 208 1985 nam
228 1947 302 1985 nisi
322 1947 389 1998 qui
409 1956 613 1998 argentum
634 1947 798 1994 dederit,
820 1960 943 1997 nugas
964 1952 1082 1996 egent
1098 1959 1107 1992 5

55 2023 94 2060 55
117 2011 184 2062 qui
204 2013 367 2060 dederit,
391 2014 503 2063 magi'
524 2013 691 2051 maiores
713 2026 835 2063 nugas
856 2012 987 2062 egerit.
1468 2025 1507 2057 55

163 2127 203 2156 31
230 2118 318 2148 inter
333 2118 487 2148 homines
504 2118 675 2148 aberrauit
685 2116 752 2148 cod.
766 2129 773 2148 ε
789 2117 860 2148 trai.
876 2116 1049 2147 Acidalius
1159 2124 1200 2153 33
1225 2113 1446 2154 Epidamnum

117 2172 195 2193 eum
211 2160 348 2201 Seyfflrt
477 2171 518 2201 35
543 2172 584 2192 ea
599 2161 676 2200 quis
695 2159 764 2191 cod.
849 2164 925 2201 post
948 2161 992 2197 36
1013 2159 1150 2189 inseruit
1170 2157 1299 2189 Schoell
1316 2168 1448 2188 versum

116 2215 214 2245 quem
224 2204 416 2245 Fulgentius
432 2215 466 2245 p.
484 2214 549 2245 559
565 2204 612 2235 ad
630 2204 796 2235 ‘Plautum
815 2205 848 2234 in
869 2202 1101 2234 Menaechmis
1121 2201 1314 2232 comoedia⁷
1335 2201 1447 2241 rqsert:

117 2250 202 2279 sicut
219 2248 397 2288 pollinctor
409 2249 503 2287 dixit,
523 2249 579 2288 qui
597 2258 673 2279 eum
691 2247 897 2287 pollinxerat
915 2247 964 2286 (cs.
985 2245 1179 2286 Poen.prol.
1197 2245 1256 2284 63)
1407 2254 1449 2282 39

115 2303 161 2322 an
178 2292 306 2323 fuisse?
350 2291 420 2322 Sed
431 2292 570 2322 Tarenti
587 2295 772 2332 suspectum
789 2291 836 2331 (v.
857 2292 889 2330 Ι)
1034 2299 1074 2328 41
1098 2290 1152 2320 vel
1164 2289 1265 2320 illunc
1406 2296 1445 2325 51

117 2335 296 2375 Epidamni
311 2333 386 2365 Ital.
544 2344 586 2374 54
610 2335 666 2374 qui
682 2334 886 2365 Beroaldus:
911 2333 967 2373 qui
986 2333 1086 2374 [non]
1105 2332 1168 2363 cod.
1325 2339 1367 2370 55
1391 2329 1447 2369 qui

116 2378 274 2418 Pylades:
301 2380 396 2420 [nam
414 2378 494 2419 nisi]
512 2379 568 2418 qui
584 2377 650 2409 cod.
672 2380 725 2419 (ex
740 2388 768 2409 v.
787 2386 848 2416 54;
873 2377 917 2408 iv.
935 2378 969 2417 3)
1061 2376 1111 2407 vel
1125 2386 1220 2415 mage
