1742 2718
629 71 986 111 MENAECHMI
1401 66 1469 103 IV.
1494 63 1525 101 ii

146 190 260 226 ΜΕΝ.
297 201 365 237 per
400 188 538 224 Iouem
568 185 746 233 deosque
778 181 908 221 omnis
945 180 1094 226 adiuro,
1126 192 1222 217 uxor
1252 177 1367 227 (satin
1398 177 1475 215 hoc

1266 250 1325 281 est
1346 241 1473 291 tibi?)‚

145 331 208 356 me
236 316 297 355 isti
328 330 407 354 non
436 322 604 353 nutasse.
680 315 748 351 ΡΕ.
782 311 906 350 credit
932 310 1009 349 iam
1032 309 1102 348 tibi
1133 310 1183 347 de
1213 307 1344 346 ‘isti⁷:
1384 306 1475 343 illuc

1380 369 1473 409 redi.

145 449 260 485 ΜΕΝ.
302 445 381 496 quo
420 459 492 494 ego
531 445 719 482 redeam?
804 444 873 479 ΡΕ.
909 440 1095 490 equidem
1129 439 1180 477 ad
1218 435 1475 488 phrygionem
1495 448 1536 480 55

946 518 1114 551 censeo3
1143 511 1181 542 et
1202 504 1345 553 pallam
1367 502 1474 539 refer.

146 580 261 615 ΜΕΝ.
293 575 394 626 quae'
421 575 540 612 istaec
568 575 670 623 palla
690 574 778 610 est?
846 573 916 608 ΡΕ.
947 578 1060 608 taceo
1080 569 1169 615 iam,
1192 568 1352 617 quando
1379 567 1477 603 haec

949 649 1029 673 rem
1052 648 1132 672 non
1153 632 1332 671 meminit
1352 643 1474 669 suam.

59 708 128 742 620
149 709 264 745 MEN.
295 704 481 754 numquis
502 716 704 742 seruorum
725 700 923 751 deliquit?
951 713 1047 738 num
1067 698 1233 737 ancillae
1259 704 1326 735 aut
1353 694 1478 734 seruei

561 819 564 822 ἢ
1406 760 1477 798 tibi

146 837 409 888 responsant?
438 837 634 884 eloquere.
694 832 844 883 inpune
873 845 955 870 non
975 830 1056 869 erit.
1118 831 1202 868 MA.
1235 841 1356 878 nugas
1383 825 1475 876 agis.

148 904 263 940 MEN.
299 900 416 939 tristis
446 900 666 938 admodum
697 905 766 936 est.
825 910 908 935 non
936 894 1034 933 mihi
1062 894 1162 932 istuc
1193 892 1276 931 sati'
1296 893 1479 942 placet—

1126 960 1210 996 MA.
1242 969 1364 1007 nugas
1384 954 1476 1005 agis.

149 1034 263 1071 MEN.
295 1038 400 1070 certe
420 1028 667 1068 familiarium
688 1026 836 1077 aliquoi
856 1027 952 1064 irata
972 1039 1023 1063 es,
1084 1025 1167 1061 MA.
1191 1035 1314 1072 nugas
1333 1020 1424 1071 agis.
1500 1021 1544 1053 60

150 1099 265 1136 ΜΕΝ.
298 1109 394 1134 num
415 1093 513 1134 mihi
532 1107 574 1133 es
595 1093 692 1132 irata
711 1093 880 1131 saltem?
937 1092 1022 1128 MA.
1054 1101 1160 1127 nune
1187 1094 1229 1125 tu
1250 1099 1331 1125 non
1357 1098 1481 1135 nugas

1386 1149 1480 1201 agis.

63 1232 128 1275 625
153 1230 268 1266 ΜΕΝ.
291 1240 373 1266 non
393 1225 537 1275 edepol
556 1222 706 1274 deliqui
726 1222 951 1273 quicquam.
1011 1222 1095 1258 MA.
1128 1233 1191 1258 em
1221 1230 1354 1256 rusum
1376 1229 1482 1255 nunc

1245 1295 1368 1332 nugas
1387 1281 1479 1332 agis.

152 1360 267 1396 ΜΕΝ.
304 1356 379 1404 dic,
417 1368 505 1394 mea
542 1367 650 1401 uxor,
685 1350 782 1403 quid
820 1350 892 1390 tibi
930 1364 1044 1401 aegre
1082 1350 1169 1388 est?
1250 1350 1320 1386 PE.
1356 1347 1483 1385 bellus

1180 1413 1379 1452 blanditur
1399 1411 1480 1451 tibi.

155 1491 269 1527 MEN.
311 1486 422 1538 potin
455 1493 499 1525 ut
532 1483 629 1524 mihi
663 1484 852 1523 molestus
886 1496 936 1521 ne
970 1481 1051 1520 sis?
1098 1493 1194 1518 num
1228 1487 1266 1517 te
1299 1478 1486 1529 appello?

1066 1547 1149 1583 MA.
1181 1545 1289 1582 aufer
1310 1556 1482 1581 manum.

155 1621 223 1657 ΡΕ.
256 1617 311 1657 sic
331 1619 455 1657 datur.
514 1621 723 1666 properato
742 1619 906 1664 apsente
926 1625 990 1650 me
1010 1623 1188 1650 comesse
1208 1608 1428 1659 prandium,
1504 1613 1546 1654 65

154 1691 243 1735 post
263 1690 354 1721 ante
373 1681 482 1720 aedis
503 1694 594 1719 cum
615 1693 761 1719 corona
781 1692 845 1717 me
864 1676 1044 1716 derideto
1065 1674 1206 1714 ebrius.

67 1753 138 1800 630
156 1751 274 1787 ΜΕΝ.
312 1761 443 1798 neque
481 1746 624 1796 edepol
658 1758 732 1794 ego
764 1741 905 1794 prandi
943 1754 1073 1792 neque
1111 1739 1231 1779 hodie
1269 1740 1347 1778 huc
1385 1737 1487 1777 intro

1199 1804 1309 1843 tetuli
1329 1805 1484 1855 pedem.

157 1882 224 1918 ΡΕ.
257 1886 327 1918 tun
355 1879 502 1928 negas?
573 1878 688 1915 ΜΕΝ.
721 1888 822 1925 nego
848 1875 980 1912 hercle
1007 1886 1111 1911 uero.
1186 1873 1255 1909 PE.
1287 1869 1384 1908 nihil
1410 1870 1488 1908 hoe

1105 1935 1266 1975 homine
1286 1933 1485 1974 audacius.

157 2024 237 2049 non
258 2022 331 2059 ego
351 2015 389 2047 te
410 2009 531 2046 modo
551 2006 616 2045 hic
635 2013 727 2045 ante
745 2004 855 2044 aedis
875 2017 966 2043 eum
987 2015 1134 2042 corona
1153 2002 1273 2040 florea

156 2074 240 2114 uidi
258 2075 412 2113 astare?
440 2086 563 2123 quom
582 2071 754 2122 negabas
775 2069 871 2108 mihi
892 2082 977 2108 esse
997 2080 1137 2106 sanum
1158 2065 1327 2116 sinciput
1508 2076 1548 2111 70

202 2181 264 2219 617
289 2179 344 2210 isti
360 2178 434 2210 Ital.
454 2190 462 2209 :
485 2178 539 2208 isii
555 2176 622 2208 cod.
713 2175 792 2206 ‘isti
808 2175 817 2192 '
843 2172 1005 2215 (adverb.)
1021 2171 1143 2203 Pradel
1163 2170 1202 2202 de
1215 2175 1327 2211 praep.
1350 2180 1381 2210 p.
1400 2177 1462 2208 527
1480 2179 1488 2199 ε

160 2224 235 2255 istis
252 2223 316 2254 cod.
336 2234 343 2254 :
367 2223 432 2253 isto
447 2221 550 2252 Bothe
664 2219 727 2250 618
751 2229 814 2258 ego
831 2218 968 2248 redeam
985 2216 1034 2246 B2
1051 2226 1057 2246 :
1083 2215 1264 2255 egredeam
1281 2213 1347 2245 cod.
1438 2212 1488 2252 et]

161 2268 172 2298 i
190 2267 252 2309 (ei)
272 2266 431 2297 Gruterus
447 2265 498 2304 (cf
511 2263 649 2306 Sjiigren
669 2267 676 2279 ‘
687 2262 780 2294 Part.
799 2259 926 2301 Copul.'
939 2271 971 2300 p.
989 2259 1045 2299 85)
1179 2260 1244 2297 619
1267 2256 1404 2288 memini
1421 2255 1486 2286 cod.

162 2311 254 2353 (corr.
274 2309 338 2347 B2)
435 2309 500 2339 620
522 2307 611 2339 serui
638 2306 819 2338 Gruterus:
842 2308 958 2335 seruet
982 2301 1046 2334 cod.
1138 2302 1202 2332 622
1226 2311 1264 2332 es
1278 2299 1327 2331 ΒΨ·
1425 2300 1490 2338 625

161 2364 276 2387 rurum
294 2352 352 2385 cod
492 2353 556 2392 632
580 2352 663 2382 ssora
677 2349 744 2382 cod.
764 2349 857 2391 (corr.
875 2347 940 2388 ΒΞ)
