1742 2718
628 60 981 98 MENAECHMI
1418 63 1469 101 ΙΙ.
1490 62 1504 101 i

148 173 259 210 ΜΕΝ.
292 170 442 210 dictum
464 170 641 216 facessas,
665 171 799 209 datum
823 170 918 217 edis,
940 183 1081 209 caueas
1102 172 1217 210 malo.

57 248 126 284 250
144 237 331 274 molestus
352 249 401 274 ne
422 234 484 281 sis,
507 247 588 273 non
609 242 678 273 tuo
698 235 774 273 hoc
795 236 861 273 fiet
883 236 1013 274 modo.
1074 237 1179 275 MES.
1211 238 1299 275 em!
1492 250 1531 283 ²5

142 300 232 339 illoc
252 300 357 339 enim
379 301 502 339 uerbo
522 313 607 338 esse
628 313 691 337 me
711 313 866 338 seruom
888 300 981 339 scio.

141 379 220 404 non
242 365 368 416 potuit
389 364 522 414 paucis
543 366 654 414 plura
675 366 790 414 plane
810 363 1026 415 proloquei.

140 445 277 469 uerum
298 438 430 469 tamen
451 429 608 480 nequeo
628 429 820 469 contineri
841 429 936 480 quin
957 432 1104 480 loquar,

139 496 270 543 audin,
296 496 559 534 Menaechme
573 497 590 532 ?
618 508 738 545 quom
760 495 926 545 inspicio
947 495 1227 547 marsuppium,

55 577 74 602 2
80 575 96 612 5
103 577 120 613 5
140 560 311 599 uiaticati
333 562 461 599 hercle
481 561 700 599 admodum
721 560 869 599 aestiue
889 574 1035 599 sumus.
1488 578 1531 609 30

138 640 188 664 ne
208 633 249 664 tu
271 627 413 673 hercle,
434 625 585 676 opinor,
608 624 681 663 nisi
703 626 867 663 domum
889 626 1105 673 reuorteris‚

138 690 204 731 ubi
225 690 321 729 nihil
342 690 518 737 habebis,
541 689 742 740 geminum
764 691 857 728 dum
881 691 1045 740 quaeris,
1068 705 1214 741 gemes.

137 770 228 795 nam
248 756 301 794 ita
321 763 379 794 est
399 757 496 794 haec
517 754 725 793 hominum
745 754 875 793 natio:
906 755 946 793 in
968 755 1240 806 Epidamnieis

137 821 343 872 uoluptarii
364 829 482 870 atque
504 814 702 870 potatores
724 819 919 858 maxumei
935 835 946 868 3

50 890 118 924 260
135 894 219 925 turn
240 887 506 936 sycophantae
527 893 564 923 et
585 886 806 935 palpatores
826 885 1021 935 plurumei
1488 896 1527 928 35

134 951 174 990 in
194 951 290 990 urbe
311 953 384 989 hac
405 950 583 989 habitant
600 965 610 997 3
640 957 724 988 tum
745 950 967 989 meretrices
988 950 1171 990 mulieres

134 1031 328 1067 nusquam
350 1015 604 1066 perhibentur
624 1014 848 1054 blandiores
868 1015 1056 1065 gentium.

133 1090 338 1132 propterea
357 1081 449 1119 huic
470 1080 579 1119 urbei
601 1093 749 1118 nornen
771 1079 998 1130 Epidamno
1018 1080 1236 1128 inditumst‚

133 1146 224 1197 quia
244 1160 363 1186 nemo
383 1148 504 1184 ferme
524 1147 602 1183 huc
622 1144 706 1184 sine
727 1145 875 1184 damno
896 1145 1124 1184 deuortitur.

47 1217 112 1261 265
135 1213 250 1251 ΜΕΝ.
281 1225 354 1261 ego
374 1211 474 1249 istuc
494 1210 658 1249 cauebo.
718 1210 916 1248 cedodum
938 1211 1015 1249 huc
1036 1210 1133 1249 mihi
1158 1211 1436 1262 marsuppium.
1481 1227 1524 1253 40

134 1279 237 1316 Mes.
270 1277 367 1327 quid
383 1290 430 1315 eo
449 1275 560 1314 ueis?
618 1277 734 1313 MEN.
767 1274 845 1313 iam
860 1289 930 1325 aps
946 1283 984 1314 te
1001 1283 1135 1314 metuo
1151 1277 1202 1315 de
1223 1277 1352 1315 uerbis
1374 1277 1459 1316 tuis.

131 1343 235 1380 MES.
268 1341 365 1392 quid
386 1340 556 1380 metuis?
614 1342 728 1378 MEN.
761 1353 812 1379 ne
833 1339 930 1378 mihi
946 1341 1137 1380 damnum
1159 1340 1199 1380 in
1216 1341 1443 1391 Epidamno

1360 1406 1458 1446 duis.

129 1468 170 1499 tu
191 1460 313 1512 magis
333 1468 484 1500 amator
504 1458 711 1498 mulierum
733 1473 787 1507 es,
809 1459 1022 1506 Messenio,

127 1539 201 1576 ego
220 1533 353 1564 autem
372 1526 494 1564 homo
514 1524 736 1571 iracundus,
758 1523 879 1562 animi
898 1524 1040 1575 perditi
1055 1555 1065 1572 ‚

41 1605 109 1639 270
126 1589 167 1629 id
188 1598 409 1640 utrumque,
432 1597 636 1640 argentum
657 1591 820 1640 quando
840 1589 1008 1637 habebo,
1032 1602 1187 1637 caueto,
1475 1603 1517 1636 45

125 1669 175 1694 ne
195 1663 237 1695 tu
257 1655 464 1705 delinquas
484 1668 586 1693 neue
606 1667 680 1705 ego
699 1654 842 1693 irascar
860 1653 943 1693 tibi.

127 1722 231 1760 MEs.
263 1735 359 1772 cape
379 1728 498 1770 atque
518 1732 641 1758 serua.
699 1732 763 1757 me
783 1718 945 1758 lubente
965 1719 1111 1758 feceris.

137 1831 467 1870 CYL1NDRvs
566 1830 970 1868 MENAECHMVS
1000 1829 1043 1866 II
1143 1829 1437 1868 MESSENro
1469 1827 1498 1864 ii

125 1912 197 1952 (ΞΥ.
230 1913 338 1950 Bene
358 1910 551 1961 opsonaui
570 1918 689 1962 atque
709 1924 756 1950 ex
776 1924 864 1950 mea
884 1909 1089 1956 sententia,

123 1977 274 2016 bonum
293 1983 533 2027 anteponam
554 1976 765 2027 prandium
785 1975 1050 2027 pransoribus.

165 2084 231 2115 250
247 2075 307 2115 fiat
321 2074 355 2105 A
417 2075 468 2107 vel
481 2077 559 2107 hem
650 2085 710 2114 251
737 2073 828 2106 enim
849 2078 1032 2116 suspectum
1121 2085 1184 2115 253
1210 2075 1259 2106 vel
1276 2074 1452 2106 continere

123 2128 186 2159 255
209 2118 330 2150 aestiui
354 2119 387 2150 A
494 2121 559 2159 256
582 2118 632 2149 vel
651 2119 752 2159 opino
824 2118 1030 2150 reuortereis
1046 2117 1079 2148 A
1170 2128 1232 2158 257
1258 2128 1400 2158 quaeres
1416 2117 1450 2148 A

123 2163 186 2201 258
211 2161 302 2193 natio
325 2162 516 2202 epidamnia
536 2163 540 2201 Ι
563 2163 650 2193 Nam
670 2163 715 2193 ita
734 2166 787 2193 est
808 2162 871 2193 hec
888 2163 1060 2193 hominum
1076 2161 1110 2192 P
1230 2164 1295 2193 260
1317 2162 1406 2201 pluri
1422 2161 1456 2192 P

120 2207 184 2245 264
201 2216 267 2246 qua
283 2205 316 2235 A
377 2206 453 2237 sine
471 2207 592 2237 damno
609 2207 674 2236 huc
690 2205 722 2235 A
814 2207 878 2245 265
896 2206 977 2237 mihi
994 2205 1104 2236 hucP
1187 2207 1315 2236 266-81
1328 2206 1453 2246 priores

115 2253 226 2290 partes
240 2249 396 2290 leguntur
418 2249 452 2280 A
588 2250 650 2288 267
675 2249 750 2280 duis
764 2248 967 2280 Beroaldus:
997 2249 1059 2279 dus
1074 2248 1114 2289 P,
1133 2248 1166 2279 A
1185 2260 1218 2280 n.
1237 2249 1256 2280 l.
1277 2249 1365 2290 (dias
1381 2247 1449 2290 B2)

120 2293 184 2324 268
208 2302 350 2332 magnus
369 2291 403 2323 P
531 2294 595 2332 269
618 2292 785 2323 iracundis
801 2292 907 2331 P(-is
923 2297 986 2333 pro
1007 2302 1081 2331 -us;
1113 2293 1158 2324 vi.
1184 2293 1217 2335 1)
1327 2292 1449 2332 perciti

119 2336 252 2377 Lipsius
376 2346 441 2375 270
463 2335 597 2367 habebo
613 2335 774 2375 Pylades:
797 2335 906 2367 habeo
918 2335 959 2375 P,
975 2336 1008 2367 A
1028 2346 1060 2368 n.
1077 2335 1100 2368 l.
1227 2346 1290 2376 272
1314 2336 1449 2367 iubente

119 2379 160 2419 P,
178 2380 211 2411 A
231 2391 263 2413 n.
281 2379 303 2411 l.
