<?xml version="1.0" encoding="UTF-8"?>
<!DOCTYPE html PUBLIC "-//W3C//DTD XHTML 1.0 Transitional//EN"
    "http://www.w3.org/TR/xhtml1/DTD/xhtml1-transitional.dtd">
<html xmlns="http://www.w3.org/1999/xhtml" xml:lang="en" lang="en">
 <head>
  <title>
</title>
<meta http-equiv="Content-Type" content="text/html;charset=utf-8" />
  <meta name='ocr-system' content='tesseract 3.04.00' />
  <meta name='ocr-capabilities' content='ocr_page ocr_carea ocr_par ocr_line ocrx_word'/>
</head>
<body>
  <div class='ocr_page' id='page_1' title='image "./tmacciplauticomo01plauuoft_0450.png"; bbox 0 0 1814 2723; ppageno 0'>
   <div class='ocr_carea' id='block_1_1' title="bbox 240 62 1222 100">
    <p class='ocr_par' dir='ltr' id='par_1_1' title="bbox 240 62 1222 100">
     <span class='ocr_line' id='line_1_1' title="bbox 240 62 1222 100; baseline -0.001 -1"><span class='ocrx_word' id='word_1_1' title='bbox 240 64 285 100; x_wconf 87' lang='lat' dir='ltr'>V.</span> <span class='ocrx_word' id='word_1_2' title='bbox 307 63 336 99; x_wconf 87' lang='lat' dir='ltr'>ii</span> <span class='ocrx_word' id='word_1_3' title='bbox 728 63 774 100; x_wconf 91' lang='lat' dir='ltr'>T.</span> <span class='ocrx_word' id='word_1_4' title='bbox 808 62 988 100; x_wconf 91' lang='lat' dir='ltr'>MACCI</span> <span class='ocrx_word' id='word_1_5' title='bbox 1020 63 1222 99; x_wconf 88' lang='lat' dir='ltr'><strong>PLAVTI</strong></span> 
     </span>
    </p>
   </div>
   <div class='ocr_carea' id='block_1_2' title="bbox 250 166 1773 533">
    <p class='ocr_par' dir='ltr' id='par_1_2' title="bbox 250 166 1773 533">
     <span class='ocr_line' id='line_1_2' title="bbox 363 166 1537 223; baseline -0.004 -9"><span class='ocrx_word' id='word_1_6' title='bbox 363 188 501 213; x_wconf 88' lang='lat' dir='ltr'>uerum</span> <span class='ocrx_word' id='word_1_7' title='bbox 523 166 736 213; x_wconf 47' lang='lat' dir='ltr'>est‘modu&#39;</span> <span class='ocrx_word' id='word_1_8' title='bbox 756 181 901 220; x_wconf 82' lang='lat' dir='ltr'>tamen,</span> <span class='ocrx_word' id='word_1_9' title='bbox 920 174 1053 222; x_wconf 90' lang='lat' dir='ltr'>quoad</span> <span class='ocrx_word' id='word_1_10' title='bbox 1074 172 1154 223; x_wconf 89' lang='lat' dir='ltr'>pati</span> <span class='ocrx_word' id='word_1_11' title='bbox 1174 185 1335 211; x_wconf 88' lang='lat' dir='ltr'>uxorem</span> <span class='ocrx_word' id='word_1_12' title='bbox 1354 177 1509 221; x_wconf 88' lang='lat' dir='ltr'>oportet</span> <span class='ocrx_word' id='word_1_13' title='bbox 1526 185 1537 219; x_wconf 86' lang='lat'>;</span> 
     </span>
     <span class='ocr_line' id='line_1_3' title="bbox 250 237 1724 289; baseline -0.001 -14"><span class='ocrx_word' id='word_1_14' title='bbox 250 253 292 275; x_wconf 86' lang='lat'>20</span> <span class='ocrx_word' id='word_1_15' title='bbox 364 253 437 277; x_wconf 90' lang='lat' dir='ltr'>nec</span> <span class='ocrx_word' id='word_1_16' title='bbox 457 241 522 289; x_wconf 85' lang='lat' dir='ltr'>pol</span> <span class='ocrx_word' id='word_1_17' title='bbox 543 239 622 277; x_wconf 79' lang='lat' dir='ltr'>filia</span> <span class='ocrx_word' id='word_1_18' title='bbox 642 252 832 287; x_wconf 89' lang='lat' dir='ltr'>umquam</span> <span class='ocrx_word' id='word_1_19' title='bbox 852 245 1002 287; x_wconf 86' lang='lat' dir='ltr'>patrem</span> <span class='ocrx_word' id='word_1_20' title='bbox 1023 237 1185 275; x_wconf 76' lang='lat' dir='ltr'>accersit</span> <span class='ocrx_word' id='word_1_21' title='bbox 1205 238 1255 275; x_wconf 88' lang='lat' dir='ltr'>ad</span> <span class='ocrx_word' id='word_1_22' title='bbox 1275 250 1317 275; x_wconf 91' lang='lat' dir='ltr'>se</span> <span class='ocrx_word' id='word_1_23' title='bbox 1655 247 1724 282; x_wconf 92' lang='lat'>770</span> 
     </span>
     <span class='ocr_line' id='line_1_4' title="bbox 417 302 1366 353; baseline -0.001 -11"><span class='ocrx_word' id='word_1_24' title='bbox 417 304 491 342; x_wconf 90' lang='lat' dir='ltr'>nisi</span> <span class='ocrx_word' id='word_1_25' title='bbox 511 311 577 342; x_wconf 87' lang='lat' dir='ltr'>aut</span> <span class='ocrx_word' id='word_1_26' title='bbox 598 303 694 353; x_wconf 90' lang='lat' dir='ltr'>quid</span> <span class='ocrx_word' id='word_1_27' title='bbox 714 302 917 340; x_wconf 75' lang='lat' dir='ltr'>commissi</span> <span class='ocrx_word' id='word_1_28' title='bbox 936 310 1003 340; x_wconf 86' lang='lat' dir='ltr'>aut</span> <span class='ocrx_word' id='word_1_29' title='bbox 1023 302 1121 351; x_wconf 86' lang='lat' dir='ltr'>iurgi</span> <span class='ocrx_word' id='word_1_30' title='bbox 1141 310 1198 340; x_wconf 85' lang='lat' dir='ltr'>est</span> <span class='ocrx_word' id='word_1_31' title='bbox 1218 315 1366 341; x_wconf 83' lang='lat' dir='ltr'>caussa.</span> 
     </span>
     <span class='ocr_line' id='line_1_5' title="bbox 363 366 1555 418; baseline -0.003 -11"><span class='ocrx_word' id='word_1_32' title='bbox 363 370 432 407; x_wconf 86' lang='lat' dir='ltr'>sed</span> <span class='ocrx_word' id='word_1_33' title='bbox 454 369 493 406; x_wconf 91' lang='lat' dir='ltr'>id</span> <span class='ocrx_word' id='word_1_34' title='bbox 515 367 710 418; x_wconf 88' lang='lat' dir='ltr'>quidquid</span> <span class='ocrx_word' id='word_1_35' title='bbox 731 374 790 404; x_wconf 81' lang='lat' dir='ltr'>est</span> <span class='ocrx_word' id='word_1_36' title='bbox 809 366 887 404; x_wconf 88' lang='lat' dir='ltr'>iam</span> <span class='ocrx_word' id='word_1_37' title='bbox 909 366 1042 404; x_wconf 88' lang='lat' dir='ltr'>sciam.</span> <span class='ocrx_word' id='word_1_38' title='bbox 1102 374 1221 416; x_wconf 87' lang='lat' dir='ltr'>atque</span> <span class='ocrx_word' id='word_1_39' title='bbox 1241 379 1375 404; x_wconf 88' lang='lat' dir='ltr'>eccam</span> <span class='ocrx_word' id='word_1_40' title='bbox 1396 378 1555 416; x_wconf 81' lang='lat' dir='ltr'><strong>eampse</strong></span> 
     </span>
     <span class='ocr_line' id='line_1_6' title="bbox 307 429 1773 481; baseline -0.003 -9"><span class='ocrx_word' id='word_1_41' title='bbox 307 441 399 472; x_wconf 84' lang='lat' dir='ltr'>ante</span> <span class='ocrx_word' id='word_1_42' title='bbox 418 433 526 472; x_wconf 89' lang='lat' dir='ltr'>aedis</span> <span class='ocrx_word' id='word_1_43' title='bbox 547 441 585 471; x_wconf 92' lang='lat' dir='ltr'>et</span> <span class='ocrx_word' id='word_1_44' title='bbox 606 432 689 471; x_wconf 88' lang='lat' dir='ltr'>eius</span> <span class='ocrx_word' id='word_1_45' title='bbox 711 432 861 470; x_wconf 88' lang='lat' dir='ltr'>tristem</span> <span class='ocrx_word' id='word_1_46' title='bbox 883 431 1011 469; x_wconf 90' lang='lat' dir='ltr'>uirum</span> <span class='ocrx_word' id='word_1_47' title='bbox 1039 431 1168 470; x_wconf 90' lang='lat' dir='ltr'>uideo.</span> <span class='ocrx_word' id='word_1_48' title='bbox 1230 431 1269 470; x_wconf 91' lang='lat' dir='ltr'>id</span> <span class='ocrx_word' id='word_1_49' title='bbox 1299 439 1357 469; x_wconf 85' lang='lat' dir='ltr'>est</span> <span class='ocrx_word' id='word_1_50' title='bbox 1377 433 1486 481; x_wconf 90' lang='lat' dir='ltr'>quod</span> <span class='ocrx_word' id='word_1_51' title='bbox 1516 429 1637 479; x_wconf 87' lang='lat' dir='ltr'>suspi—</span> <span class='ocrx_word' id='word_1_52' title='bbox 1656 437 1773 477; x_wconf 60' lang='lat'>77324</span> 
     </span>
     <span class='ocr_line' id='line_1_7' title="bbox 1508 495 1633 533; baseline -0.016 0"><span class='ocrx_word' id='word_1_53' title='bbox 1508 495 1633 533; x_wconf 88' lang='lat' dir='ltr'>cabar.</span> 
     </span>
    </p>
   </div>
   <div class='ocr_carea' id='block_1_3' title="bbox 249 558 1775 1983">
    <p class='ocr_par' dir='ltr' id='par_1_3' title="bbox 249 558 1775 1983">
     <span class='ocr_line' id='line_1_8' title="bbox 251 558 1722 613; baseline -0.004 -12"><span class='ocrx_word' id='word_1_54' title='bbox 251 579 290 610; x_wconf 85' lang='lat'>25</span> <span class='ocrx_word' id='word_1_55' title='bbox 308 563 517 613; x_wconf 88' lang='lat' dir='ltr'>appellabo</span> <span class='ocrx_word' id='word_1_56' title='bbox 551 564 664 600; x_wconf 85' lang='lat' dir='ltr'>hanc.</span> <span class='ocrx_word' id='word_1_57' title='bbox 726 563 810 599; x_wconf 60' lang='lat' dir='ltr'>MA.</span> <span class='ocrx_word' id='word_1_58' title='bbox 844 561 911 599; x_wconf 87' lang='lat' dir='ltr'>ibo</span> <span class='ocrx_word' id='word_1_59' title='bbox 944 563 1168 600; x_wconf 87' lang='lat' dir='ltr'>aduorsum.</span> <span class='ocrx_word' id='word_1_60' title='bbox 1230 563 1336 599; x_wconf 86' lang='lat' dir='ltr'>salue</span> <span class='ocrx_word' id='word_1_61' title='bbox 1368 562 1546 606; x_wconf 86' lang='lat' dir='ltr'>multum,</span> <span class='ocrx_word' id='word_1_62' title='bbox 1583 558 1638 596; x_wconf 87' lang='lat' dir='ltr'>mi</span> <span class='ocrx_word' id='word_1_63' title='bbox 1657 566 1722 602; x_wconf 87' lang='grc'>775</span> 
     </span>
     <span class='ocr_line' id='line_1_9' title="bbox 1517 631 1636 674; baseline -0.017 -11"><span class='ocrx_word' id='word_1_64' title='bbox 1517 631 1636 674; x_wconf 87' lang='lat' dir='ltr'>pater.</span> 
     </span>
     <span class='ocr_line' id='line_1_10' title="bbox 311 691 1514 733; baseline -0.004 0"><span class='ocrx_word' id='word_1_65' title='bbox 311 696 373 733; x_wconf 83' lang='lat' dir='ltr'>SE.</span> <span class='ocrx_word' id='word_1_66' title='bbox 408 695 515 733; x_wconf 87' lang='lat' dir='ltr'>salua</span> <span class='ocrx_word' id='word_1_67' title='bbox 536 693 597 732; x_wconf 85' lang='lat' dir='ltr'>sis.</span> <span class='ocrx_word' id='word_1_68' title='bbox 658 694 794 731; x_wconf 84' lang='lat' dir='ltr'>saluen</span> <span class='ocrx_word' id='word_1_69' title='bbox 815 693 1018 731; x_wconf 85' lang='lat' dir='ltr'>aduenio?</span> <span class='ocrx_word' id='word_1_70' title='bbox 1047 694 1183 730; x_wconf 89' lang='lat' dir='ltr'>saluen</span> <span class='ocrx_word' id='word_1_71' title='bbox 1203 691 1349 731; x_wconf 81' lang='lat' dir='ltr'>accersi</span> <span class='ocrx_word' id='word_1_72' title='bbox 1370 691 1514 729; x_wconf 86' lang='lat' dir='ltr'>iubes?</span> 
     </span>
     <span class='ocr_line' id='line_1_11' title="bbox 309 755 1554 810; baseline -0.004 -13"><span class='ocrx_word' id='word_1_73' title='bbox 309 760 406 810; x_wconf 90' lang='lat' dir='ltr'>quid</span> <span class='ocrx_word' id='word_1_74' title='bbox 426 768 466 797; x_wconf 93' lang='lat' dir='ltr'>tu</span> <span class='ocrx_word' id='word_1_75' title='bbox 488 758 606 797; x_wconf 87' lang='lat' dir='ltr'>tristis</span> <span class='ocrx_word' id='word_1_76' title='bbox 627 772 668 797; x_wconf 91' lang='lat' dir='ltr'>es</span> <span class='ocrx_word' id='word_1_77' title='bbox 685 760 701 796; x_wconf 88' lang='lat'>?</span> <span class='ocrx_word' id='word_1_78' title='bbox 730 757 827 808; x_wconf 85' lang='lat' dir='ltr'>quid</span> <span class='ocrx_word' id='word_1_79' title='bbox 848 757 911 796; x_wconf 82' lang='lat' dir='ltr'>ille</span> <span class='ocrx_word' id='word_1_80' title='bbox 931 765 1065 795; x_wconf 89' lang='lat' dir='ltr'>autern</span> <span class='ocrx_word' id='word_1_81' title='bbox 1085 771 1155 807; x_wconf 90' lang='lat' dir='ltr'>aps</span> <span class='ocrx_word' id='word_1_82' title='bbox 1176 764 1214 796; x_wconf 88' lang='lat' dir='ltr'>te</span> <span class='ocrx_word' id='word_1_83' title='bbox 1235 757 1354 795; x_wconf 88' lang='lat' dir='ltr'>iratus</span> <span class='ocrx_word' id='word_1_84' title='bbox 1375 755 1554 794; x_wconf 82' lang='lat' dir='ltr'>destitit?</span> 
     </span>
     <span class='ocr_line' id='line_1_12' title="bbox 309 822 1264 874; baseline -0.002 -12"><span class='ocrx_word' id='word_1_85' title='bbox 309 824 542 874; x_wconf 87' lang='lat' dir='ltr'>nescioquid</span> <span class='ocrx_word' id='word_1_86' title='bbox 563 836 634 861; x_wconf 90' lang='lat' dir='ltr'>uos</span> <span class='ocrx_word' id='word_1_87' title='bbox 655 822 806 861; x_wconf 82' lang='lat' dir='ltr'>uelitati</span> <span class='ocrx_word' id='word_1_88' title='bbox 827 822 919 860; x_wconf 87' lang='lat' dir='ltr'>e&#39;stis</span> <span class='ocrx_word' id='word_1_89' title='bbox 940 822 1040 860; x_wconf 86' lang='lat' dir='ltr'>inter</span> <span class='ocrx_word' id='word_1_90' title='bbox 1059 835 1132 860; x_wconf 86' lang='lat' dir='ltr'>uos</span> <span class='ocrx_word' id='word_1_91' title='bbox 1153 824 1264 860; x_wconf 88' lang='lat' dir='ltr'>duos.</span> 
     </span>
     <span class='ocr_line' id='line_1_13' title="bbox 309 886 1570 938; baseline -0.002 -11"><span class='ocrx_word' id='word_1_92' title='bbox 309 891 481 938; x_wconf 88' lang='lat' dir='ltr'>loquere,</span> <span class='ocrx_word' id='word_1_93' title='bbox 503 896 589 926; x_wconf 90' lang='lat' dir='ltr'>uter</span> <span class='ocrx_word' id='word_1_94' title='bbox 609 887 805 925; x_wconf 85' lang='lat' dir='ltr'>meruistis</span> <span class='ocrx_word' id='word_1_95' title='bbox 827 888 995 936; x_wconf 81' lang='lat' dir='ltr'>culpam,</span> <span class='ocrx_word' id='word_1_96' title='bbox 1020 886 1167 937; x_wconf 82' lang='lat' dir='ltr'>paucis,</span> <span class='ocrx_word' id='word_1_97' title='bbox 1190 900 1270 924; x_wconf 85' lang='lat' dir='ltr'>non</span> <span class='ocrx_word' id='word_1_98' title='bbox 1291 888 1429 936; x_wconf 85' lang='lat' dir='ltr'>longos</span> <span class='ocrx_word' id='word_1_99' title='bbox 1450 887 1570 936; x_wconf 84' lang='lat' dir='ltr'>logOS.</span> 
     </span>
     <span class='ocr_line' id='line_1_14' title="bbox 249 949 1727 1004; baseline -0.003 -12"><span class='ocrx_word' id='word_1_100' title='bbox 249 968 290 998; x_wconf 83' lang='lat'>30</span> <span class='ocrx_word' id='word_1_101' title='bbox 311 956 395 992; x_wconf 89' lang='lat' dir='ltr'>MA.</span> <span class='ocrx_word' id='word_1_102' title='bbox 427 967 622 1004; x_wconf 88' lang='lat' dir='ltr'>nusquam</span> <span class='ocrx_word' id='word_1_103' title='bbox 643 952 830 1003; x_wconf 81' lang='lat' dir='ltr'>equidem</span> <span class='ocrx_word' id='word_1_104' title='bbox 858 952 1072 1002; x_wconf 88' lang='lat' dir='ltr'>quicquam</span> <span class='ocrx_word' id='word_1_105' title='bbox 1099 951 1270 1002; x_wconf 85' lang='lat' dir='ltr'>deliqui:</span> <span class='ocrx_word' id='word_1_106' title='bbox 1301 953 1377 990; x_wconf 92' lang='lat' dir='ltr'>hoc</span> <span class='ocrx_word' id='word_1_107' title='bbox 1402 951 1571 1002; x_wconf 88' lang='lat' dir='ltr'>primum</span> <span class='ocrx_word' id='word_1_108' title='bbox 1600 957 1639 988; x_wconf 88' lang='lat' dir='ltr'>te</span> <span class='ocrx_word' id='word_1_109' title='bbox 1659 949 1727 992; x_wconf 86' lang='lat'>780</span> 
     </span>
     <span class='ocr_line' id='line_1_15' title="bbox 1316 1018 1636 1066; baseline -0.006 -11"><span class='ocrx_word' id='word_1_110' title='bbox 1316 1018 1494 1066; x_wconf 82' lang='lat' dir='ltr'>apsoluo,</span> <span class='ocrx_word' id='word_1_111' title='bbox 1517 1023 1636 1066; x_wconf 87' lang='lat' dir='ltr'>pater.</span> 
     </span>
     <span class='ocr_line' id='line_1_16' title="bbox 309 1081 1538 1133; baseline -0.003 -11"><span class='ocrx_word' id='word_1_112' title='bbox 309 1097 445 1123; x_wconf 89' lang='lat' dir='ltr'>uerum</span> <span class='ocrx_word' id='word_1_113' title='bbox 467 1084 601 1122; x_wconf 87' lang='lat' dir='ltr'>uiuere</span> <span class='ocrx_word' id='word_1_114' title='bbox 621 1083 685 1121; x_wconf 93' lang='lat' dir='ltr'>hic</span> <span class='ocrx_word' id='word_1_115' title='bbox 707 1097 787 1121; x_wconf 88' lang='lat' dir='ltr'>non</span> <span class='ocrx_word' id='word_1_116' title='bbox 809 1096 972 1133; x_wconf 84' lang='lat' dir='ltr'>possum</span> <span class='ocrx_word' id='word_1_117' title='bbox 993 1095 1124 1132; x_wconf 88' lang='lat' dir='ltr'>neque</span> <span class='ocrx_word' id='word_1_118' title='bbox 1144 1083 1283 1120; x_wconf 91' lang='lat' dir='ltr'>durare</span> <span class='ocrx_word' id='word_1_119' title='bbox 1304 1082 1384 1119; x_wconf 87' lang='lat' dir='ltr'>ullo</span> <span class='ocrx_word' id='word_1_120' title='bbox 1405 1081 1538 1119; x_wconf 87' lang='lat' dir='ltr'>modo.</span> 
     </span>
     <span class='ocr_line' id='line_1_17' title="bbox 308 1146 1636 1200; baseline -0.004 -13"><span class='ocrx_word' id='word_1_121' title='bbox 308 1149 421 1200; x_wconf 88' lang='lat' dir='ltr'>proin</span> <span class='ocrx_word' id='word_1_122' title='bbox 442 1156 483 1187; x_wconf 87' lang='lat' dir='ltr'>tu</span> <span class='ocrx_word' id='word_1_123' title='bbox 505 1162 567 1187; x_wconf 90' lang='lat' dir='ltr'>me</span> <span class='ocrx_word' id='word_1_124' title='bbox 588 1149 681 1186; x_wconf 86' lang='lat' dir='ltr'>hinc</span> <span class='ocrx_word' id='word_1_125' title='bbox 701 1148 888 1187; x_wconf 79' lang='lat' dir='ltr'>abducas,</span> <span class='ocrx_word' id='word_1_126' title='bbox 940 1149 1003 1185; x_wconf 82' lang='lat' dir='ltr'>SE.</span> <span class='ocrx_word' id='word_1_127' title='bbox 1027 1146 1124 1197; x_wconf 91' lang='lat' dir='ltr'>quid</span> <span class='ocrx_word' id='word_1_128' title='bbox 1144 1146 1244 1185; x_wconf 88' lang='lat' dir='ltr'>istuc</span> <span class='ocrx_word' id='word_1_129' title='bbox 1264 1153 1396 1184; x_wconf 87' lang='lat' dir='ltr'>autem</span> <span class='ocrx_word' id='word_1_130' title='bbox 1417 1147 1504 1184; x_wconf 86' lang='lat' dir='ltr'>est?</span> <span class='ocrx_word' id='word_1_131' title='bbox 1552 1146 1636 1182; x_wconf 86' lang='lat' dir='ltr'>MA.</span> 
     </span>
     <span class='ocr_line' id='line_1_18' title="bbox 1312 1211 1636 1261; baseline -0.006 -11"><span class='ocrx_word' id='word_1_132' title='bbox 1312 1211 1494 1258; x_wconf 90' lang='lat' dir='ltr'>ludibrio,</span> <span class='ocrx_word' id='word_1_133' title='bbox 1516 1218 1636 1261; x_wconf 87' lang='lat' dir='ltr'>pater,</span> 
     </span>
     <span class='ocr_line' id='line_1_19' title="bbox 309 1275 1640 1328; baseline -0.004 -10"><span class='ocrx_word' id='word_1_134' title='bbox 309 1280 467 1319; x_wconf 88' lang='lat' dir='ltr'>habeor.</span> <span class='ocrx_word' id='word_1_135' title='bbox 528 1282 590 1318; x_wconf 74' lang='lat' dir='ltr'>SE.</span> <span class='ocrx_word' id='word_1_136' title='bbox 622 1280 757 1317; x_wconf 82' lang='lat' dir='ltr'>unde?</span> <span class='ocrx_word' id='word_1_137' title='bbox 815 1280 899 1317; x_wconf 63' lang='lat' dir='ltr'>MA.</span> <span class='ocrx_word' id='word_1_138' title='bbox 921 1279 972 1317; x_wconf 89' lang='lat' dir='ltr'>ab</span> <span class='ocrx_word' id='word_1_139' title='bbox 992 1278 1059 1316; x_wconf 87' lang='lat' dir='ltr'>illo</span> <span class='ocrx_word' id='word_1_140' title='bbox 1080 1277 1174 1328; x_wconf 90' lang='lat' dir='ltr'>quoi</span> <span class='ocrx_word' id='word_1_141' title='bbox 1195 1291 1258 1315; x_wconf 87' lang='lat' dir='ltr'>me</span> <span class='ocrx_word' id='word_1_142' title='bbox 1279 1275 1529 1324; x_wconf 69' lang='lat' dir='ltr'>mandauisfi,</span> <span class='ocrx_word' id='word_1_143' title='bbox 1549 1288 1640 1313; x_wconf 91' lang='lat' dir='ltr'>meo</span> 
     </span>
     <span class='ocr_line' id='line_1_20' title="bbox 1543 1340 1641 1379; baseline -0.01 0"><span class='ocrx_word' id='word_1_144' title='bbox 1543 1340 1641 1379; x_wconf 88' lang='lat' dir='ltr'>uiro.</span> 
     </span>
     <span class='ocr_line' id='line_1_21' title="bbox 311 1406 1538 1459; baseline -0.003 -10"><span class='ocrx_word' id='word_1_145' title='bbox 311 1412 374 1449; x_wconf 81' lang='lat' dir='ltr'>SE.</span> <span class='ocrx_word' id='word_1_146' title='bbox 407 1423 499 1449; x_wconf 87' lang='lat' dir='ltr'>ecce</span> <span class='ocrx_word' id='word_1_147' title='bbox 519 1417 650 1448; x_wconf 87' lang='lat' dir='ltr'>autem</span> <span class='ocrx_word' id='word_1_148' title='bbox 671 1409 836 1459; x_wconf 83' lang='lat' dir='ltr'>litigium</span> <span class='ocrx_word' id='word_1_149' title='bbox 855 1412 861 1447; x_wconf 68' lang='lat' dir='ltr'>l</span> <span class='ocrx_word' id='word_1_150' title='bbox 919 1408 1103 1459; x_wconf 88' lang='lat' dir='ltr'>quotiens</span> <span class='ocrx_word' id='word_1_151' title='bbox 1124 1409 1285 1447; x_wconf 88' lang='lat' dir='ltr'>tandem</span> <span class='ocrx_word' id='word_1_152' title='bbox 1312 1407 1316 1459; x_wconf 75' lang='grc' dir='ltr'>Ι</span> <span class='ocrx_word' id='word_1_153' title='bbox 1344 1407 1445 1446; x_wconf 85' lang='lat' dir='ltr'>edixi</span> <span class='ocrx_word' id='word_1_154' title='bbox 1466 1406 1538 1445; x_wconf 87' lang='lat' dir='ltr'>tibi</span> 
     </span>
     <span class='ocr_line' id='line_1_22' title="bbox 251 1472 1726 1523; baseline -0.003 -9"><span class='ocrx_word' id='word_1_155' title='bbox 251 1490 290 1521; x_wconf 84' lang='lat'>35</span> <span class='ocrx_word' id='word_1_156' title='bbox 310 1483 353 1513; x_wconf 91' lang='lat' dir='ltr'>ut</span> <span class='ocrx_word' id='word_1_157' title='bbox 373 1488 532 1514; x_wconf 87' lang='lat' dir='ltr'>caueres</span> <span class='ocrx_word' id='word_1_158' title='bbox 553 1482 690 1513; x_wconf 87' lang='lat' dir='ltr'>neuter</span> <span class='ocrx_word' id='word_1_159' title='bbox 709 1475 761 1512; x_wconf 90' lang='lat' dir='ltr'>ad</span> <span class='ocrx_word' id='word_1_160' title='bbox 782 1488 846 1512; x_wconf 89' lang='lat' dir='ltr'>me</span> <span class='ocrx_word' id='word_1_161' title='bbox 868 1473 972 1512; x_wconf 88' lang='lat' dir='ltr'>iretis</span> <span class='ocrx_word' id='word_1_162' title='bbox 993 1487 1084 1511; x_wconf 91' lang='lat' dir='ltr'>cum</span> <span class='ocrx_word' id='word_1_163' title='bbox 1106 1472 1381 1523; x_wconf 87' lang='lat' dir='ltr'>querimonia?</span> <span class='ocrx_word' id='word_1_164' title='bbox 1660 1475 1726 1519; x_wconf 82' lang='grc'>785</span> 
     </span>
     <span class='ocr_line' id='line_1_23' title="bbox 312 1539 1639 1591; baseline -0.003 -12"><span class='ocrx_word' id='word_1_165' title='bbox 312 1543 395 1579; x_wconf 88' lang='lat' dir='ltr'>MA.</span> <span class='ocrx_word' id='word_1_166' title='bbox 427 1542 495 1591; x_wconf 77' lang='lat' dir='ltr'>qui</span> <span class='ocrx_word' id='word_1_167' title='bbox 529 1554 601 1591; x_wconf 90' lang='lat' dir='ltr'>ego</span> <span class='ocrx_word' id='word_1_168' title='bbox 635 1540 745 1587; x_wconf 88' lang='lat' dir='ltr'>istuc,</span> <span class='ocrx_word' id='word_1_169' title='bbox 783 1539 837 1577; x_wconf 89' lang='lat' dir='ltr'>mi</span> <span class='ocrx_word' id='word_1_170' title='bbox 875 1547 995 1590; x_wconf 88' lang='lat' dir='ltr'>pater,</span> <span class='ocrx_word' id='word_1_171' title='bbox 1028 1553 1169 1578; x_wconf 89' lang='lat' dir='ltr'>cauere</span> <span class='ocrx_word' id='word_1_172' title='bbox 1202 1540 1396 1590; x_wconf 85' lang='lat' dir='ltr'>possum?</span> <span class='ocrx_word' id='word_1_173' title='bbox 1452 1540 1515 1577; x_wconf 84' lang='lat' dir='ltr'>SE.</span> <span class='ocrx_word' id='word_1_174' title='bbox 1548 1550 1639 1575; x_wconf 86' lang='lat' dir='ltr'>men</span> 
     </span>
     <span class='ocr_line' id='line_1_24' title="bbox 599 1601 1640 1657; baseline -0.004 -8"><span class='ocrx_word' id='word_1_175' title='bbox 599 1601 605 1606; x_wconf 51' lang='grc'><strong>”</strong></span> <span class='ocrx_word' id='word_1_176' title='bbox 1050 1609 1062 1619; x_wconf 77' lang='lat'><strong><em>¹</em></strong></span> <span class='ocrx_word' id='word_1_177' title='bbox 1395 1608 1608 1657; x_wconf 84' lang='lat' dir='ltr'>interrogas</span> <span class='ocrx_word' id='word_1_178' title='bbox 1623 1608 1640 1645; x_wconf 90' lang='lat'>?</span> 
     </span>
     <span class='ocr_line' id='line_1_25' title="bbox 311 1673 1775 1725; baseline -0.003 -11"><span class='ocrx_word' id='word_1_179' title='bbox 311 1679 394 1715; x_wconf 86' lang='lat' dir='ltr'>MA.</span> <span class='ocrx_word' id='word_1_180' title='bbox 428 1676 501 1714; x_wconf 76' lang='lat' dir='ltr'>¹nisi</span> <span class='ocrx_word' id='word_1_181' title='bbox 535 1690 616 1714; x_wconf 89' lang='lat' dir='ltr'>non</span> <span class='ocrx_word' id='word_1_182' title='bbox 648 1676 718 1714; x_wconf 91' lang='lat' dir='ltr'>uis.</span> <span class='ocrx_word' id='word_1_183' title='bbox 779 1678 842 1714; x_wconf 82' lang='lat' dir='ltr'>SE.</span> <span class='ocrx_word' id='word_1_184' title='bbox 889 1675 1072 1725; x_wconf 87' lang='lat' dir='ltr'>quotiens</span> <span class='ocrx_word' id='word_1_185' title='bbox 1112 1674 1328 1714; x_wconf 88' lang='lat' dir='ltr'>monstraui</span> <span class='ocrx_word' id='word_1_186' title='bbox 1366 1674 1437 1713; x_wconf 90' lang='lat' dir='ltr'>tibi</span> <span class='ocrx_word' id='word_1_187' title='bbox 1475 1673 1560 1712; x_wconf 91' lang='lat' dir='ltr'>uiro</span> <span class='ocrx_word' id='word_1_188' title='bbox 1598 1679 1640 1710; x_wconf 91' lang='lat' dir='ltr'>ut</span> <span class='ocrx_word' id='word_1_189' title='bbox 1660 1675 1775 1719; x_wconf 90' lang='lat'><em>787—8</em></span> 
     </span>
     <span class='ocr_line' id='line_1_26' title="bbox 1347 1751 1636 1788; baseline -0.014 -10"><span class='ocrx_word' id='word_1_190' title='bbox 1347 1753 1496 1778; x_wconf 86' lang='lat' dir='ltr'>morem</span> <span class='ocrx_word' id='word_1_191' title='bbox 1516 1751 1636 1788; x_wconf 85' lang='lat' dir='ltr'>geras,</span> 
     </span>
     <span class='ocr_line' id='line_1_27' title="bbox 311 1806 1583 1857; baseline -0.004 -11"><span class='ocrx_word' id='word_1_192' title='bbox 311 1807 406 1857; x_wconf 88' lang='lat' dir='ltr'>quid</span> <span class='ocrx_word' id='word_1_193' title='bbox 428 1807 491 1845; x_wconf 83' lang='lat' dir='ltr'>ille</span> <span class='ocrx_word' id='word_1_194' title='bbox 513 1806 628 1845; x_wconf 83' lang='lat' dir='ltr'>faciat</span> <span class='ocrx_word' id='word_1_195' title='bbox 649 1808 699 1845; x_wconf 77' lang='lat' dir='ltr'>ne</span> <span class='ocrx_word' id='word_1_196' title='bbox 720 1806 760 1845; x_wconf 91' lang='lat' dir='ltr'>id</span> <span class='ocrx_word' id='word_1_197' title='bbox 782 1819 981 1856; x_wconf 83' lang='lat' dir='ltr'>opserues,</span> <span class='ocrx_word' id='word_1_198' title='bbox 1003 1807 1083 1856; x_wconf 82' lang='lat' dir='ltr'>qu6</span> <span class='ocrx_word' id='word_1_199' title='bbox 1104 1813 1177 1853; x_wconf 84' lang='lat' dir='ltr'>eat,</span> <span class='ocrx_word' id='word_1_200' title='bbox 1201 1807 1298 1856; x_wconf 91' lang='lat' dir='ltr'>quid</span> <span class='ocrx_word' id='word_1_201' title='bbox 1319 1819 1446 1843; x_wconf 84' lang='lat' dir='ltr'>rerum</span> <span class='ocrx_word' id='word_1_202' title='bbox 1466 1810 1583 1854; x_wconf 86' lang='lat' dir='ltr'>gerat.</span> 
     </span>
     <span class='ocr_line' id='line_1_28' title="bbox 249 1868 1729 1920; baseline 0.001 -12"><span class='ocrx_word' id='word_1_203' title='bbox 249 1887 290 1917; x_wconf 92' lang='lat'>40</span> <span class='ocrx_word' id='word_1_204' title='bbox 313 1874 395 1910; x_wconf 73' lang='lat' dir='ltr'>MA.</span> <span class='ocrx_word' id='word_1_205' title='bbox 427 1879 466 1909; x_wconf 85' lang='lat' dir='ltr'>at</span> <span class='ocrx_word' id='word_1_206' title='bbox 493 1871 598 1909; x_wconf 85' lang='lat' dir='ltr'>enim</span> <span class='ocrx_word' id='word_1_207' title='bbox 626 1871 690 1909; x_wconf 90' lang='lat' dir='ltr'>ille</span> <span class='ocrx_word' id='word_1_208' title='bbox 720 1871 812 1909; x_wconf 88' lang='lat' dir='ltr'>hinc</span> <span class='ocrx_word' id='word_1_209' title='bbox 839 1878 945 1909; x_wconf 88' lang='lat' dir='ltr'>amat</span> <span class='ocrx_word' id='word_1_210' title='bbox 967 1870 1212 1910; x_wconf 88' lang='lat' dir='ltr'>meretricem</span> <span class='ocrx_word' id='word_1_211' title='bbox 1241 1884 1287 1909; x_wconf 85' lang='lat' dir='ltr'>ex</span> <span class='ocrx_word' id='word_1_212' title='bbox 1311 1882 1513 1920; x_wconf 82' lang='lat' dir='ltr'>proxumo.</span> <span class='ocrx_word' id='word_1_213' title='bbox 1573 1868 1637 1905; x_wconf 84' lang='lat' dir='ltr'>SE.</span> <span class='ocrx_word' id='word_1_214' title='bbox 1659 1872 1729 1908; x_wconf 92' lang='lat'>790</span> 
     </span>
     <span class='ocr_line' id='line_1_29' title="bbox 1426 1932 1641 1983; baseline -0.009 -11"><span class='ocrx_word' id='word_1_215' title='bbox 1426 1947 1521 1972; x_wconf 88' lang='lat' dir='ltr'>sane</span> <span class='ocrx_word' id='word_1_216' title='bbox 1540 1932 1641 1983; x_wconf 90' lang='lat' dir='ltr'>sapit</span> 
     </span>
    </p>
   </div>
   <div class='ocr_carea' id='block_1_4' title="bbox 309 1999 1517 2052">
    <p class='ocr_par' dir='ltr' id='par_1_4' title="bbox 309 1999 1517 2052">
     <span class='ocr_line' id='line_1_30' title="bbox 309 1999 1517 2052; baseline -0.002 -11"><span class='ocrx_word' id='word_1_217' title='bbox 309 2010 428 2052; x_wconf 89' lang='lat' dir='ltr'>atque</span> <span class='ocrx_word' id='word_1_218' title='bbox 448 2002 501 2040; x_wconf 91' lang='lat' dir='ltr'>ob</span> <span class='ocrx_word' id='word_1_219' title='bbox 521 2001 645 2040; x_wconf 80' lang='lat' dir='ltr'>istanc</span> <span class='ocrx_word' id='word_1_220' title='bbox 666 2001 899 2040; x_wconf 87' lang='lat' dir='ltr'>industriam</span> <span class='ocrx_word' id='word_1_221' title='bbox 922 2001 1038 2039; x_wconf 87' lang='lat' dir='ltr'>etiam</span> <span class='ocrx_word' id='word_1_222' title='bbox 1062 2003 1150 2039; x_wconf 81' lang='lat' dir='ltr'>faxo</span> <span class='ocrx_word' id='word_1_223' title='bbox 1170 2000 1318 2039; x_wconf 87' lang='lat' dir='ltr'>amabit</span> <span class='ocrx_word' id='word_1_224' title='bbox 1338 1999 1517 2050; x_wconf 66' lang='lat' dir='ltr'>amplius</span> 
     </span>
    </p>
   </div>
   <div class='ocr_carea' id='block_1_5' title="bbox 259 2103 1648 2365">
    <p class='ocr_par' dir='ltr' id='par_1_5' title="bbox 303 2103 1648 2233">
     <span class='ocr_line' id='line_1_31' title="bbox 356 2103 1646 2148; baseline -0.004 -11"><span class='ocrx_word' id='word_1_225' title='bbox 356 2107 418 2145; x_wconf 85' lang='lat'>769</span> <span class='ocrx_word' id='word_1_226' title='bbox 443 2116 508 2145; x_wconf 87' lang='lat' dir='ltr'>quo</span> <span class='ocrx_word' id='word_1_227' title='bbox 526 2106 558 2135; x_wconf 89' lang='lat' dir='ltr'>id</span> <span class='ocrx_word' id='word_1_228' title='bbox 576 2105 622 2134; x_wconf 70' lang='lat'>153²</span> <span class='ocrx_word' id='word_1_229' title='bbox 756 2116 815 2145; x_wconf 87' lang='lat'>771</span> <span class='ocrx_word' id='word_1_230' title='bbox 842 2106 898 2135; x_wconf 83' lang='lat' dir='ltr'>vix</span> <span class='ocrx_word' id='word_1_231' title='bbox 912 2104 1012 2144; x_wconf 87' lang='lat' dir='ltr'>iurigi</span> <span class='ocrx_word' id='word_1_232' title='bbox 1103 2104 1235 2148; x_wconf 81' lang='lat' dir='ltr'>(iusta)</span> <span class='ocrx_word' id='word_1_233' title='bbox 1260 2114 1360 2135; x_wconf 83' lang='lat' dir='ltr'>causa</span> <span class='ocrx_word' id='word_1_234' title='bbox 1379 2103 1452 2143; x_wconf 63' lang='lat' dir='ltr'>Leo,</span> <span class='ocrx_word' id='word_1_235' title='bbox 1473 2106 1511 2134; x_wconf 87' lang='lat' dir='ltr'>ut</span> <span class='ocrx_word' id='word_1_236' title='bbox 1525 2103 1646 2142; x_wconf 81' lang='lat' dir='ltr'>integer</span> 
     </span>
     <span class='ocr_line' id='line_1_32' title="bbox 312 2145 1648 2189; baseline -0.004 -9"><span class='ocrx_word' id='word_1_237' title='bbox 312 2153 438 2181; x_wconf 80' lang='lat' dir='ltr'>tetram.</span> <span class='ocrx_word' id='word_1_238' title='bbox 451 2150 519 2189; x_wconf 82' lang='lat' dir='ltr'>fiat</span> <span class='ocrx_word' id='word_1_239' title='bbox 650 2158 711 2188; x_wconf 86' lang='lat'>772</span> <span class='ocrx_word' id='word_1_240' title='bbox 737 2149 897 2188; x_wconf 86' lang='lat' dir='ltr'>quicquid</span> <span class='ocrx_word' id='word_1_241' title='bbox 920 2149 953 2179; x_wconf 90' lang='lat' dir='ltr'>id</span> <span class='ocrx_word' id='word_1_242' title='bbox 970 2147 1034 2180; x_wconf 88' lang='lat' dir='ltr'>cod.</span> <span class='ocrx_word' id='word_1_243' title='bbox 1054 2160 1060 2179; x_wconf 91' lang='lat'>:</span> <span class='ocrx_word' id='word_1_244' title='bbox 1089 2149 1161 2180; x_wconf 78' lang='lat' dir='ltr'><em>traz&#39;.</em></span> <span class='ocrx_word' id='word_1_245' title='bbox 1177 2148 1279 2178; x_wconf 83' lang='lat' dir='ltr'>Bothe</span> <span class='ocrx_word' id='word_1_246' title='bbox 1412 2157 1486 2186; x_wconf 82' lang='lat'><strong>773,</strong></span> <span class='ocrx_word' id='word_1_247' title='bbox 1504 2156 1565 2186; x_wconf 86' lang='lat'>774</span> <span class='ocrx_word' id='word_1_248' title='bbox 1590 2145 1648 2176; x_wconf 79' lang='lat' dir='ltr'><em>alii</em></span> 
     </span>
     <span class='ocr_line' id='line_1_33' title="bbox 303 2188 1639 2233; baseline -0.003 -9"><span class='ocrx_word' id='word_1_249' title='bbox 303 2194 438 2232; x_wconf 81' lang='lat' dir='ltr'>faciunt</span> <span class='ocrx_word' id='word_1_250' title='bbox 465 2193 568 2223; x_wconf 77' lang='lat' dir='ltr'><em>bacch.</em></span> <span class='ocrx_word' id='word_1_251' title='bbox 596 2195 720 2223; x_wconf 79' lang='lat' dir='ltr'>tetram.</span> <span class='ocrx_word' id='word_1_252' title='bbox 748 2196 827 2222; x_wconf 89' lang='lat' dir='ltr'>ante</span> <span class='ocrx_word' id='word_1_253' title='bbox 843 2210 885 2216; x_wconf 93' lang='lat'>—</span> <span class='ocrx_word' id='word_1_254' title='bbox 903 2191 1004 2222; x_wconf 86' lang='lat' dir='ltr'>uideo</span> <span class='ocrx_word' id='word_1_255' title='bbox 1032 2193 1152 2233; x_wconf 79' lang='lat' dir='ltr'>(immo</span> <span class='ocrx_word' id='word_1_256' title='bbox 1175 2192 1285 2229; x_wconf 81' lang='lat' dir='ltr'>uideo,</span> <span class='ocrx_word' id='word_1_257' title='bbox 1313 2191 1361 2231; x_wconf 81' lang='lat' dir='ltr'>id)</span> <span class='ocrx_word' id='word_1_258' title='bbox 1387 2194 1416 2221; x_wconf 85' lang='lat' dir='ltr'>et</span> <span class='ocrx_word' id='word_1_259' title='bbox 1437 2190 1538 2221; x_wconf 85' lang='lat' dir='ltr'><em>bacch.</em></span> <span class='ocrx_word' id='word_1_260' title='bbox 1557 2188 1639 2220; x_wconf 79' lang='lat' dir='ltr'>dim.</span> 
     </span>
    </p>

    <p class='ocr_par' dir='ltr' id='par_1_6' title="bbox 259 2235 1644 2365">
     <span class='ocr_line' id='line_1_34' title="bbox 259 2235 1642 2278; baseline -0.002 -11"><span class='ocrx_word' id='word_1_261' title='bbox 259 2245 267 2254; x_wconf 53' lang='lat'><strong>⁸</strong></span> <span class='ocrx_word' id='word_1_262' title='bbox 313 2237 346 2267; x_wconf 90' lang='lat' dir='ltr'>id</span> <span class='ocrx_word' id='word_1_263' title='bbox 365 2238 487 2278; x_wconf 83' lang='lat' dir='ltr'>(immo</span> <span class='ocrx_word' id='word_1_264' title='bbox 504 2236 571 2275; x_wconf 75' lang='lat' dir='ltr'>est)</span> <span class='ocrx_word' id='word_1_265' title='bbox 588 2253 632 2258; x_wconf 93' lang='lat'>—</span> <span class='ocrx_word' id='word_1_266' title='bbox 647 2235 842 2274; x_wconf 79' lang='lat' dir='ltr'>suspicabar</span> <span class='ocrx_word' id='word_1_267' title='bbox 860 2235 925 2274; x_wconf 85' lang='lat' dir='ltr'>(vel</span> <span class='ocrx_word' id='word_1_268' title='bbox 938 2235 1037 2266; x_wconf 80' lang='lat' dir='ltr'><em>iamb.</em></span> <span class='ocrx_word' id='word_1_269' title='bbox 1057 2235 1137 2266; x_wconf 83' lang='lat' dir='ltr'>dim.</span> <span class='ocrx_word' id='word_1_270' title='bbox 1156 2235 1250 2266; x_wconf 81' lang='lat' dir='ltr'>catal.</span> <span class='ocrx_word' id='word_1_271' title='bbox 1271 2235 1303 2264; x_wconf 90' lang='lat' dir='ltr'>id</span> <span class='ocrx_word' id='word_1_272' title='bbox 1322 2252 1362 2257; x_wconf 88' lang='lat'>-—</span> <span class='ocrx_word' id='word_1_273' title='bbox 1379 2235 1488 2274; x_wconf 80' lang='lat' dir='ltr'>susp.)</span> <span class='ocrx_word' id='word_1_274' title='bbox 1581 2241 1642 2272; x_wconf 88' lang='lat'>775</span> 
     </span>
     <span class='ocr_line' id='line_1_35' title="bbox 313 2277 1644 2319; baseline -0.003 -9"><span class='ocrx_word' id='word_1_275' title='bbox 313 2281 494 2311; x_wconf 87' lang='lat' dir='ltr'>aduorsum</span> <span class='ocrx_word' id='word_1_276' title='bbox 511 2278 672 2319; x_wconf 80' lang='lat' dir='ltr'>Pylades:</span> <span class='ocrx_word' id='word_1_277' title='bbox 697 2288 834 2309; x_wconf 83' lang='lat' dir='ltr'>norsum</span> <span class='ocrx_word' id='word_1_278' title='bbox 846 2278 910 2310; x_wconf 87' lang='lat' dir='ltr'>cod.</span> <span class='ocrx_word' id='word_1_279' title='bbox 989 2281 1079 2318; x_wconf 65' lang='lat'><em>1778</em></span> <span class='ocrx_word' id='word_1_280' title='bbox 1103 2279 1218 2309; x_wconf 84' lang='lat' dir='ltr'>ueliati</span> <span class='ocrx_word' id='word_1_281' title='bbox 1228 2277 1294 2308; x_wconf 87' lang='lat' dir='ltr'>cod.</span> <span class='ocrx_word' id='word_1_282' title='bbox 1363 2277 1412 2308; x_wconf 84' lang='lat' dir='ltr'>vel</span> <span class='ocrx_word' id='word_1_283' title='bbox 1426 2278 1490 2307; x_wconf 90' lang='lat' dir='ltr'>duo</span> <span class='ocrx_word' id='word_1_284' title='bbox 1580 2286 1644 2315; x_wconf 90' lang='lat'>779</span> 
     </span>
     <span class='ocr_line' id='line_1_36' title="bbox 313 2319 1588 2365; baseline -0.003 -11"><span class='ocrx_word' id='word_1_285' title='bbox 313 2324 412 2363; x_wconf 85' lang='lat' dir='ltr'>pauci</span> <span class='ocrx_word' id='word_1_286' title='bbox 431 2322 496 2354; x_wconf 89' lang='lat' dir='ltr'>cod.</span> <span class='ocrx_word' id='word_1_287' title='bbox 590 2321 682 2352; x_wconf 88' lang='lat' dir='ltr'>locos</span> <span class='ocrx_word' id='word_1_288' title='bbox 699 2321 762 2352; x_wconf 88' lang='lat' dir='ltr'>cod.</span> <span class='ocrx_word' id='word_1_289' title='bbox 900 2323 961 2361; x_wconf 90' lang='lat'>784</span> <span class='ocrx_word' id='word_1_290' title='bbox 985 2320 1095 2365; x_wconf 79' lang='lat' dir='ltr'>(ego)</span> <span class='ocrx_word' id='word_1_291' title='bbox 1112 2322 1203 2353; x_wconf 88' lang='lat' dir='ltr'>edixi</span> <span class='ocrx_word' id='word_1_292' title='bbox 1228 2321 1279 2352; x_wconf 88' lang='lat' dir='ltr'>vel</span> <span class='ocrx_word' id='word_1_293' title='bbox 1291 2319 1369 2363; x_wconf 86' lang='lat' dir='ltr'>&lt;id&gt;</span> <span class='ocrx_word' id='word_1_294' title='bbox 1385 2321 1438 2353; x_wconf 85' lang='lat' dir='ltr'>ed.</span> <span class='ocrx_word' id='word_1_295' title='bbox 1460 2319 1588 2350; x_wconf 71' lang='lat' dir='ltr'>Rz‘tsclzl</span> 
     </span>
    </p>
   </div>
  </div>
 </body>
</html>
