1742 2718
697 69 958 109 EPIDICVS
1422 64 1498 101 ΙΙΙ.
1522 62 1566 98 iv

80 186 149 229 460
168 192 209 223 ut
229 184 338 231 dicis,
360 184 447 222 emi.
510 168 581 219 Ml.
614 182 708 219 uolo
729 187 766 218 te
786 178 916 217 uerbis
936 175 1113 228 pauculis

167 249 197 287 si
219 249 289 287 tibi
312 250 520 287 molestum
541 259 622 284 non
643 252 710 283 est.
772 246 839 282 PE.
872 256 952 281 non
974 242 1115 292 edepol
1138 240 1219 279 scio
1521 258 1560 290 25

169 316 377 353 molestum
399 325 525 352 necne
545 311 604 358 sit,
627 309 701 348 nisi
722 309 820 348 dicis
841 307 937 358 quid
958 306 1065 345 uelis.

170 381 241 416 M1.
273 378 367 416 mihi
388 378 494 415 illam
516 378 557 414 ut
578 374 779 420 tramittas,
801 379 1005 422 argentum
1025 370 1206 420 accipias
1263 372 1333 408 PE.
1361 370 1501 408 adest?

170 444 243 480 M1.
276 456 366 480 narn
388 441 483 492 quid
505 453 577 490 ego
597 439 704 488 apud
727 446 763 476 te
784 451 877 475 uera
896 449 1054 487 parcam
1075 433 1287 485 proloqui?

80 510 146 554 465
168 520 240 557 ego
261 507 365 545 illam
387 507 479 545 uolo
500 504 619 543 hodie
640 505 767 541 facere
789 502 968 540 libertam
990 513 1119 539 meam

169 572 264 610 mihi
285 570 507 610 concubina
528 582 629 620 quae
651 568 708 606 sit.
770 569 838 605 PE.
871 573 909 604 te
929 566 1134 615 apsoluam
1155 563 1265 603 breui
1283 578 1290 601 ε
1523 580 1564 610 30

167 636 314 688 argenti
336 634 620 686 quinquaginta
640 632 736 671 mihi
758 631 823 670 illa
842 637 976 681 empta
995 637 1053 668 est
1074 628 1190 667 minis
1205 644 1215 677 3

168 703 199 741 si
219 701 417 752 sexaginta
438 699 534 738 mihi
555 701 863 738 denumerantur
883 695 1024 741 minae,

169 776 254 806 tuas
274 765 492 818 possidebit
513 764 652 802 mulier
672 764 760 801 faxo
781 762 893 801 ferias
911 776 919 807 ;

82 847 151 882 470
169 840 287 882 atque
307 831 360 870 ita
380 831 556 881 profecto
573 819 619 866 'ut
639 841 726 866 eam
748 841 794 865 ex
814 827 891 864 hoc
912 839 1099 864 exoneres
1120 838 1223 875 agro.

170 899 242 935 M1.
274 903 384 934 estne
404 902 537 944 empta
558 892 654 931 mihi
674 891 756 930 istis
777 890 961 941 legibus?
1018 891 1086 928 PE.
1119 890 1265 927 habeas
1286 888 1387 927 licet.
1523 904 1564 936 35

169 963 243 1000 M1.
273 958 532 999 conciliauisti
552 959 725 1009 pulchre.
785 958 854 994 PE.
886 956 1007 994 heus!
1038 956 1140 993 foras
1161 953 1316 992 educite

168 1039 287 1077 quam
307 1023 575 1064 introduxistis
596 1022 808 1062 fidicinam.
867 1028 986 1071 atque
1006 1019 1124 1058 etiam
1145 1020 1255 1066 fides,

169 1091 205 1130 ei
225 1104 326 1142 quae
345 1102 555 1136 accessere,
578 1087 650 1126 tibi
670 1088 816 1126 addam
838 1087 946 1125 dono
965 1084 1107 1136 gratiis.

313 1205 682 1241 PER1PHANES
795 1201 975 1237 M1LEs
1087 1198 1360 1235 FIDICINA
1523 1195 1610 1231 iva

83 1298 149 1336 475
172 1289 239 1324 PE.
272 1287 356 1336 Age
375 1283 511 1335 accipe
531 1284 634 1322 hanc
654 1282 716 1320 sis.
777 1283 851 1319 M1.
883 1293 984 1330 quae
1005 1286 1043 1317 te
1063 1277 1319 1327 intemperiae
1340 1278 1505 1316 tenent?

170 1365 267 1402 quas
288 1358 330 1389 tu
351 1349 447 1388 mihi
468 1348 650 1387 tenebras
671 1346 824 1393 trudis?
855 1344 950 1395 quin
972 1352 1013 1382 tu
1034 1342 1235 1383 fidicinam

170 1416 335 1468 produci
355 1415 459 1454 intus
480 1414 622 1453 iubes?
679 1415 748 1451 PE.
780 1413 878 1450 haec
899 1423 991 1461 ergo
1011 1416 1069 1448 est
1089 1407 1260 1447 fidicina.

170 1483 233 1521 hic
253 1482 328 1521 alia
348 1483 500 1520 nullast.
563 1481 634 1518 M1.
668 1492 749 1517 non
770 1476 867 1516 mihi
887 1474 1022 1526 nugari
1042 1481 1166 1525 potes.
1311 1524 1318 1527 -

169 1547 264 1598 quin
285 1555 326 1585 tu
348 1548 425 1584 huc
445 1544 630 1596 producis
652 1543 854 1582 fidicinam
874 1539 1237 1591 Acropolistidem?
1521 1553 1539 1584 5

83 1615 153 1658 480
172 1615 240 1651 PE.
264 1614 361 1650 haec
377 1611 589 1661 inquamst.
633 1610 706 1646 M1.
725 1621 807 1646 non
819 1608 917 1645 haec
929 1605 1139 1655 inquamst.
1172 1617 1252 1642 non
1267 1601 1425 1641 nouisse
1439 1615 1502 1641 me

171 1692 300 1717 meam
320 1677 403 1716 rere
422 1675 590 1714 amicam
611 1688 726 1725 posse
739 1676 756 1711 ?
812 1675 880 1711 PE.
913 1673 1029 1718 hanc,
1048 1670 1223 1720 inquam,
1245 1668 1347 1707 filius

171 1745 272 1782 meu'
292 1741 496 1792 deperibat
516 1739 728 1779 fidicinam.
790 1740 863 1776 M1.
894 1737 993 1775 haec
1013 1749 1094 1774 non
1115 1742 1174 1773 est
1193 1748 1250 1773 ea.

171 1810 240 1846 PE.
271 1807 397 1858 quid?
425 1820 506 1844 non
534 1807 621 1844 est?
678 1806 752 1842 M1.
784 1816 866 1841 non
895 1809 965 1841 est.
1025 1803 1095 1839 PE.
1126 1800 1232 1839 unde
1261 1800 1359 1838 haec
1388 1798 1503 1849 igitur

1259 1863 1473 1914 gentiumst
1486 1865 1502 1901 ?

170 1937 355 1988 equidem
376 1937 506 1975 hercle
525 1941 729 1985 argentum
752 1947 822 1984 pro
842 1933 915 1971 hac
936 1930 1041 1970 dedi.
1103 1931 1176 1967 M1.
1207 1930 1324 1967 stulte
1344 1929 1481 1967 datum
1523 1943 1562 1964 10

215 2050 279 2087 462
300 2057 407 2078 necne
423 2045 484 2086 sit]
503 2056 569 2077 non
587 2049 639 2076 est
656 2044 689 2075 P
698 2044 752 2085 (cf.
764 2053 793 2074 v.
808 2044 879 2082 461,
893 2042 951 2073 ubi
965 2045 1065 2072 nonst
1077 2045 1252 2081 perperam
1265 2039 1423 2078 scriplum
1434 2042 1480 2069 est
1493 2049 1501 2076 ;

173 2092 204 2124 ii.
224 2091 260 2131 4)
350 2089 432 2132 nisi]
457 2089 540 2120 nihil
564 2088 598 2119 A
689 2087 779 2128 quod
796 2086 829 2116 A
938 2087 1002 2125 463
1026 2084 1137 2124 adest]
1156 2083 1283 2114 habeas
1299 2082 1333 2112 P
1436 2084 1500 2120 464

173 2145 254 2166 uera
280 2134 396 2165 Goetz:
429 2134 534 2164 uerba
549 2132 608 2163 A:
639 2142 704 2162 om.
728 2130 761 2161 P
903 2131 967 2168 465
991 2129 1041 2159 vel
1062 2128 1162 2158 illanc
1252 2126 1353 2157 hodie
1376 2125 1454 2156 uolo
1471 2125 1504 2155 P

175 2180 239 2218 466
262 2182 320 2208 aut
344 2178 402 2209 Pe.
428 2181 488 2207 aut
509 2181 543 2207 te
569 2186 635 2207 om.
664 2174 697 2205 A
728 2172 832 2214 (2A1)
975 2182 1035 2211 471
1062 2171 1143 2201 mihi
1171 2170 1290 2212 [haec]
1317 2169 1350 2199 P
1375 2170 1433 2208 (iv.
1463 2169 1498 2207 2)

175 2232 238 2261 472
263 2231 356 2253 conc.
383 2220 452 2260 pul.
475 2219 655 2260 Peripham'
675 2217 844 2248 continuat
865 2215 899 2246 P
920 2219 957 2246 ut
979 2214 1042 2247 vid.
1176 2223 1240 2252 474
1265 2214 1355 2244 dono
1379 2213 1500 2243 addam

173 2266 266 2305 Brix,
282 2265 336 2295 cui
349 2263 407 2295 tibi
423 2264 543 2294 addam
560 2264 648 2294 dono
665 2261 804 2301 displicet
891 2259 984 2290 nulla
1001 2268 1085 2289 nova
1101 2267 1215 2288 scaena
1230 2257 1266 2287 in
1282 2256 1316 2287 P
1435 2264 1499 2294 475

175 2314 208 2340 te
224 2319 290 2339 om,
308 2308 341 2338 P
468 2317 530 2346 477
556 2307 649 2337 intus
666 2305 762 2335 iubes
778 2303 919 2344 produci
935 2302 1148 2340 Bragmann,
1168 2300 1318 2339 rhythmo
1334 2299 1501 2330 consulens

174 2353 235 2391 481
262 2361 333 2383 eam
351 2351 385 2382 P
469 2350 588 2392 posse]
607 2359 684 2380 esse
699 2349 732 2378 A
863 2347 926 2385 483
949 2345 998 2377 vel
1013 2344 1102 2384 Quid
1121 2345 1130 2362 ‘
1143 2354 1211 2374 non
1228 2348 1281 2375 est
1295 2344 1326 2375 ’3
