1814 2723
259 54 288 91 I.

248 316 290 346 40

247 632 288 663 45

247 960 288 990 50

198 1455 251 1491 II.
275 1453 289 1489 i

311 53 355 90 iii
723 53 769 89 T.
804 51 984 91 MACCI
1016 51 1220 89 PLAVTI

310 166 552 206 meretricem
573 166 678 204 illam
699 165 875 204 inuenire
896 178 1014 215 quam
1036 165 1129 204 olim
1150 166 1296 211 tollere,

310 246 431 282 quom
452 232 534 283 ipse
555 231 788 281 exponebat,
811 244 857 269 ex
877 230 1027 268 insidiis
1047 230 1211 268 uiderat.

309 311 415 336 nunc
437 287 545 347 quod
566 296 752 335 relicuom
774 303 891 334 restat
911 297 1004 333 uolo
1024 296 1245 345 persoluere

310 369 352 400 ut
372 370 614 412 expungatur
634 375 792 408 nomen,
816 375 864 399 ne
886 360 981 410 quid
1002 361 1181 399 debeam.

307 429 539 466 adulescens
560 426 624 464 hic
645 434 703 464 est
724 425 880 476 Sicyoni
898 442 904 464 :
936 425 970 463 ei
991 425 1088 463 uiuit
1108 433 1227 476 pater.
1658 438 1722 472 190

308 492 340 531 is
360 506 493 531 amore
514 490 779 541 proiecticiam
800 490 905 528 illam
927 490 1078 540 deperit

309 571 410 607 quae
431 558 583 595 dudum
604 557 701 594 flens
721 555 813 594 hinc
834 555 929 594 abiit
949 556 1000 593 ad
1021 563 1183 594 matrem
1206 569 1327 601 suam,

309 629 347 660 et
368 621 432 659 illa
452 623 558 659 hunc
579 628 725 667 contra,
749 620 815 670 qui
837 628 895 659 est
915 633 1024 658 amor
1045 619 1323 658 suauissumus.

308 693 350 724 ut
371 694 461 724 sunt
481 687 664 732 humana,
687 685 784 723 nihil
805 692 863 723 est
883 692 1115 735 perpetuom
1136 686 1285 723 datum.

307 759 416 801 pater
436 750 677 789 adulescenti
699 752 791 789 dare
811 751 894 789 uolt
915 763 1075 788 uxorem
1092 764 1102 797 3
1129 750 1207 787 hoc
1227 748 1295 787 ubi
1658 759 1720 795 195

309 824 432 855 mater
450 814 617 862 resciuit‚
640 815 749 854 iussit
770 814 915 854 accersi
936 828 1022 853 eam
1043 815 1218 852 domum.

308 882 406 919 haec
427 880 481 919 sic
502 895 561 919 res
581 888 689 930 gesta
710 888 777 918 est.
837 881 939 919 bene
961 881 1088 918 ualete
1109 886 1147 917 et
1167 878 1314 918 uincite

308 946 452 984 uirtute
473 959 573 993 uera,
598 946 705 995 quod
726 944 871 983 fecistis
892 944 1103 991 antidhac3

308 1018 460 1049 seruate
481 1018 632 1049 nostros
654 1010 792 1057 socios,
816 1017 967 1048 ueteres
989 1016 1027 1047 et
1046 1022 1185 1055 nouos,

307 1084 446 1125 augete
466 1075 608 1114 auxilia
628 1075 768 1113 uostris
790 1074 899 1113 iustis
920 1073 1082 1124 legibus,
1656 1084 1725 1109 200

307 1141 458 1192 perdite
478 1140 700 1191 perduellis,
723 1139 845 1191 parite
866 1141 1024 1178 laudem
1046 1146 1084 1177 et
1103 1141 1286 1186 lauream,

308 1213 351 1244 ut
371 1205 485 1244 uobis
506 1205 599 1244 uicti
622 1204 744 1244 Poeni
766 1218 913 1255 poenas
936 1205 1189 1243 sufferant.—

792 1359 1053 1407 ACTVS
1107 1360 1160 1406 II

728 1450 1213 1487 ALCESIMARCHVS

309 1527 381 1564 AL.
404 1526 535 1565 Credo
557 1537 629 1575 ego
647 1526 833 1563 Amorem
852 1524 1020 1575 primum
1038 1526 1144 1575 apud
1160 1524 1341 1563 homines
1358 1525 1636 1564 carnuficinam

316 1624 321 1627 .
597 1600 604 1606 ·
1110 1588 1116 1594 ’
1353 1597 1634 1629 commentum.

309 1657 412 1695 hanc
433 1669 504 1706 ego
526 1657 575 1694 de
596 1669 659 1694 me
680 1655 946 1694 coniecturam
968 1654 1078 1694 domi
1099 1654 1210 1701 facio,
1234 1654 1273 1692 ni
1294 1654 1385 1693 foris
1407 1669 1602 1705 quaeram,

311 1720 377 1770 qui
398 1720 526 1759 omnis
547 1720 728 1759 homines
750 1734 906 1770 supero,
926 1720 1087 1759 antideo
1109 1719 1456 1759 cruciabilitatibus
1476 1720 1608 1759 animi.
1657 1730 1722 1767 205

523 1785 656 1832 iactor,
679 1785 840 1833 crucior,
863 1786 997 1836 agitor,

577 1851 766 1898 stimulor,
788 1865 924 1890 uorsor

416 1915 456 1953 in
476 1916 610 1955 amori'
631 1924 726 1963 rota,
749 1916 865 1954 miser
885 1915 1096 1963 exanimor,

416 1982 527 2028 feror,
550 1981 717 2029 differor,
741 1981 947 2029 distrahor,
968 1980 1140 2031 diripior,

472 2045 524 2083 ita
544 2046 719 2085 nubilam
741 2054 914 2085 mentem
935 2045 1055 2084 animi
1076 2046 1215 2084 habeo.
1656 2056 1726 2081 210

357 2163 418 2193 192
444 2153 522 2184 dum
540 2153 602 2184 cod.
623 2154 763 2193 (dudum
776 2154 821 2191 J)
960 2163 1018 2193 197
1045 2153 1128 2183 haec
1145 2162 1199 2183 res
1216 2157 1311 2191 gesta
1327 2152 1375 2183 sic
1388 2157 1437 2183 est
1449 2152 1534 2183 cod.:
1560 2163 1637 2183 corr.

311 2197 415 2228 Bothe
573 2208 637 2228 200
663 2198 762 2228 uictis
777 2197 797 2227 l.
812 2196 865 2226 PE
1025 2207 1085 2227 201
1112 2196 1264 2226 laudeam
1284 2196 1389 2235 (-dem
1404 2197 1450 2237 s)
1477 2195 1547 2227 etl.
1568 2195 1628 2226 cod

252 2242 261 2252 ⁸
310 2251 374 2271 202
398 2246 433 2271 ut
449 2240 523 2271 Ital.
541 2252 546 2271 :
567 2245 600 2271 et
617 2241 681 2271 cod.
863 2251 926 2278 204
951 2251 994 2271 ne
1017 2240 1090 2271 Ital.
1226 2240 1314 2270 foras
1331 2240 1396 2271 cod.
1574 2249 1638 2277 205

310 2289 379 2316 ant.
398 2285 598 2315 Hermann:
626 2284 760 2327 [atque]
779 2289 848 2316 ant.
867 2284 931 2316 cod.
955 2284 1005 2323 (ff
1025 2283 1072 2315 ad
1085 2283 1165 2314 Aul.
1187 2284 1263 2323 784)
1479 2293 1542 2314 210
1565 2282 1638 2313 nul-

311 2328 374 2361 lam
392 2328 445 2359 PE
