1814 2723
270 51 324 88 ΙΙ.
345 51 391 88 iii
762 52 809 90 T.
843 52 1023 91 MACCI
1055 51 1257 91 PLAVTI

287 368 326 400 70
345 360 414 397 sed
435 358 518 396 scin
539 358 635 408 quid
656 366 694 397 te
715 359 859 398 amabo
881 366 923 397 ut
950 359 1098 398 facias?

285 820 323 854 75
344 814 417 850 ER.
463 826 555 862 ergo
600 826 691 851 mox
733 815 884 852 auferto
929 821 1072 860 tecum,
1115 815 1275 863 quando
1320 814 1459 852 abibis.

345 164 460 201 ΜΕΝ.
492 176 622 214 neque
649 177 723 212 ego
750 163 859 201 illum
888 177 1031 202 maneo
1057 177 1187 214 neque
1213 164 1328 203 flocci
1354 165 1457 204 facio
1481 178 1620 215 neque,
1643 164 1676 204 si

1511 230 1673 277 uenerit,

344 307 435 332 eum
456 296 549 332 uolo
569 294 786 332 intromitti.
846 296 920 332 ER.
953 302 1104 333 ecastor
1124 297 1230 334 haud
1251 295 1375 334 inuita
1394 297 1533 334 fecero.

1542 427 1673 464 modo.

345 491 418 527 ER.
452 491 594 539 pallam
622 489 727 527 illam
756 504 874 539 quam
905 491 1058 528 dudum
1080 491 1254 537 dederas,
1278 491 1329 528 ad
1356 490 1613 540 phrygionem
1635 498 1677 528 ut

1511 556 1678 599 deferas,

343 626 384 656 ut
405 619 707 656 reconcinnetur
726 628 846 669 atque
867 628 908 657 ut
930 633 1048 669 opera
1068 621 1265 658 addantur
1285 633 1386 669 quae
1407 622 1510 658 uolo.

344 685 458 722 ΜΕΝ.
490 685 620 722 hercle
641 684 707 734 qui
729 693 770 722 tu
791 692 896 722 recte
917 684 1015 723 dicis
1033 700 1039 722 :
1070 686 1209 723 eadem
1237 684 1241 736 Ι
1268 685 1524 734 ignorabitur,

343 762 392 786 ne
412 762 508 786 uxor
529 757 741 798 cognoscat
762 756 800 787 te
821 750 977 796 habere,
1001 749 1032 786 si
1054 749 1094 786 in
1116 749 1179 787 uia
1200 749 1456 799 conspexerit.

1481 893 1673 918 maxume.

343 945 416 982 ER.
449 958 584 982 eamus
606 944 718 982 intro.
780 946 894 982 MEN.
928 944 1004 982 iam
1030 958 1170 994 sequar
1197 952 1245 982 te.
1305 945 1410 983 hunc
1437 947 1530 984 uolo
1557 945 1674 983 etiam

1474 1011 1672 1060 conloqui.

1174 361 1289 398 ΜΕΝ.
1321 360 1470 410 impera
1496 360 1592 410 quid
1615 360 1675 399 uis
1693 373 1760 410 425

1557 816 1673 853 MEN.
1694 830 1766 865 430

341 1076 418 1113 eho
441 1075 654 1121 Messenio,
683 1074 687 1126 1
713 1076 859 1113 accede
875 1077 963 1113 huc.
1025 1077 1129 1113 MES.
1162 1075 1257 1125 quid
1275 1075 1407 1125 negoti
1423 1078 1511 1114 est?
1567 1080 1675 1117 †sus-
1693 1088 1810 1124 432—3

1543 1141 1673 1181 sciri†.

343 1207 458 1243 ΜΕΝ.
491 1206 586 1255 quid
608 1219 656 1243 eo
684 1207 830 1255 opust?
904 1208 1008 1244 MEs.
1046 1219 1145 1255 opus
1176 1208 1407 1244 est—MEN.
1441 1206 1523 1244 scio
1553 1214 1595 1244 ut
1624 1220 1675 1244 ne

1048 1271 1166 1309 dicas.
1228 1273 1335 1310 MEs.
1365 1279 1476 1309 tanto
1497 1271 1672 1322 nequior.

344 1338 458 1374 ΜΕΝ.
492 1337 620 1375 habeo
648 1337 858 1386 praedam:
902 1343 1055 1374 tantum
1088 1335 1216 1385 incepi
1245 1335 1382 1386 operis
1443 1336 1455 1374 i
1482 1344 1674 1386 quantum
1695 1345 1762 1382 435

1549 1409 1672 1451 potes,

282 1476 324 1505 80
342 1467 473 1505 abduc
494 1467 588 1505 istos
609 1467 648 1504 in
670 1468 873 1505 tabernam
893 1474 1070 1505 actutum
1092 1466 1371 1505 deuorsoriam.

342 1540 425 1570 tum
447 1532 565 1570 facito
584 1540 676 1570 ante
697 1535 820 1571 solem
842 1546 1027 1570 occasum
1048 1540 1090 1570 ut
1111 1532 1246 1570 uenias
1267 1535 1481 1571 aduorsum
1503 1533 1618 1572 mihi

344 1599 448 1636 MES.
481 1612 561 1636 non
595 1606 637 1636 t'u
672 1598 764 1637 istas
798 1598 1022 1637 meretrices
1060 1598 1217 1645 nouisti,
1254 1612 1328 1637 ere.
1418 1600 1533 1637 ΜΕΝ.
1575 1606 1671 1646 tace,

1435 1663 1596 1713 inquam
1655 1678 1672 1698 ,κ

342 1728 438 1766 mihi
459 1728 620 1777 dolebit,
643 1742 725 1766 non
745 1729 826 1776 tibi,
850 1729 881 1767 si
903 1729 999 1778 quid
1019 1742 1092 1778 ego
1113 1730 1230 1767 stulte
1250 1730 1390 1768 fecero.

343 1794 481 1831 mulier
493 1795 591 1832 haec
604 1795 722 1832 stulta
736 1802 856 1844 atque
868 1793 1009 1831 inscita
1021 1802 1079 1832 est
1094 1809 1105 1841 3
1133 1802 1325 1844 quantum
1342 1794 1521 1844 perspexi
1537 1796 1671 1842 modo,
1691 1811 1762 1843 440

282 1865 322 1904 85
342 1866 401 1896 est
439 1858 503 1896 hic
541 1859 687 1908 praeda
725 1859 851 1897 nobis.
913 1860 1018 1897 MEs.
1058 1858 1154 1909 perii
1175 1862 1181 1896 ἔ
1220 1859 1353 1897 iamne
1389 1859 1504 1898 abis?
1559 1859 1673 1909 periit

1526 1924 1672 1974 probe:

384 2037 446 2066 427
465 2033 500 2059 ut
516 2027 589 2069 ops]
602 2039 668 2059 una
684 2038 738 2068 op.
760 2028 801 2069 (ἵ)
817 2027 882 2058 Leo
986 2029 1049 2068 428
1072 2029 1129 2070 qui
1153 2039 1231 2060 corr.
1255 2028 1336 2068 quin
1355 2028 1421 2059 cod.
1440 2032 1478 2059 ut
1491 2028 1554 2061 vid.
1575 2029 1671 2070 (quin

340 2070 385 2109 B,
402 2071 494 2108 quiin
510 2071 600 2111 PCD)
691 2072 810 2102 eadem
833 2070 917 2114 (ea)
941 2070 1070 2103 Ritsclzl
1241 2082 1302 2111 431
1329 2082 1455 2112 sequar
1478 2077 1522 2104 te.
1548 2071 1671 2116 (ante)

341 2114 480 2144 Mueller
496 2115 626 2155 (Rhein.
659 2114 749 2147 Mus.
774 2125 826 2155 54,
846 2115 927 2155 393)
1039 2125 1145 2154 432—3
1171 2117 1234 2146 huc
1252 2116 1377 2146 accede
1409 2115 1500 2146 Bach
1597 2127 1670 2148 sus-

341 2157 393 2188 sili
423 2158 535 2198 Bothe,
566 2159 648 2197 fort.
682 2162 756 2189 recte
938 2169 1001 2198 434
1040 2169 1080 2189 eo
1106 2159 1270 2199 Pylades:
1295 2170 1360 2198 ego
1391 2159 1456 2191 cod.
1485 2159 1582 2200 (ergo
1609 2160 1670 2199 3²)

340 2211 384 2231 ne
409 2202 501 2232 dicas
525 2202 659 2242 scripsi:
684 2213 737 2233 me
762 2203 856 2234 dicas
878 2203 942 2235 cod.
1035 2203 1179 2242 nequior
1193 2202 1386 2234 Aa'dalius:
1412 2204 1578 2243 nequiore
1602 2203 1667 2235 cod.

342 2245 377 2285 (i.
391 2245 426 2285 9)
581 2255 644 2285 435
670 2246 680 2276 i
699 2247 760 2287 (ei)
778 2247 959 2277 Gruterus:
984 2250 1018 2276 et
1034 2246 1101 2277 cod.
1121 2247 1196 2287 (pro
1213 2246 1259 2280 ei)
1421 2251 1535 2286 potest
1551 2245 1670 2278 Dousa

339 2290 406 2327 436
427 2290 477 2320 vel
488 2289 617 2320 abduce
738 2300 801 2329 437
825 2290 932 2321 solem
956 2288 1167 2321 Lambinus:
1200 2291 1281 2320 solis
1302 2290 1368 2321 cod.
1394 2289 1431 2329 (i.
1449 2292 1485 2333 9)
1605 2291 1670 2329 438

339 2331 462 2375 (atque
479 2333 557 2363 hinc
574 2332 649 2374 abi>
667 2333 794 2363 Ritschl
810 2334 857 2375 (ii.
878 2335 914 2374 5)
1002 2344 1067 2372 439
1084 2333 1166 2364 stult
1182 2333 1248 2365 cod.
1268 2335 1362 2371 (corr.
1384 2332 1451 2376 3²)
