1814 2723
223 41 254 79 1.
272 42 286 79 i
683 44 729 81 T.
763 41 944 81 MACCI
976 43 1179 82 PLAVTI

210 167 250 200 45
273 152 342 190 LE.
375 160 526 193 ecastor
546 155 624 193 hau
646 168 709 194 me
729 155 914 205 paenitet,
939 155 970 194 si
991 164 1033 194 ut
1054 155 1152 195 dicis
1173 156 1226 195 ita
1246 158 1373 195 futura
1392 171 1443 197 es.

269 231 361 256 nam
381 218 412 257 si
433 219 595 270 quidem
616 220 669 259 ita
689 221 762 259 eris
783 228 825 259 ut
845 223 951 270 uolo,
972 236 1190 272 numquam
1210 224 1285 261 hac
1304 231 1430 262 aetate
1451 225 1520 263 fies

267 295 500 334 semperque
521 285 635 324 istam
656 299 776 335 quam
797 300 903 325 nunc
924 287 1047 325 habes
1067 289 1279 326 aetatulam
1300 288 1508 338 optinebis,

268 349 479 400 multisque
504 351 651 389 damno
672 358 710 389 et
731 351 827 389 mihi
847 353 956 390 lucro
977 352 1062 390 sine
1083 366 1173 391 meo
1198 366 1314 403 saepe
1339 353 1402 391 eri'
1423 361 1591 404 sumptu.
1615 367 1659 404 50

267 413 341 451 Gv.
377 414 418 452 di
451 415 596 454 faxint!
646 417 716 454 LE.
752 415 837 454 sine
871 430 989 467 opera
1021 424 1087 455 tua
1122 417 1162 456 di
1198 419 1347 457 horunc
1381 418 1435 456 nil
1469 420 1595 458 facere

1416 493 1591 535 possunt.

205 558 247 589 50
267 544 339 581 Gv.
372 545 557 595 equidem
588 547 719 585 hercle
748 547 894 586 addam
929 560 1089 597 operam
1123 549 1287 596 sedulo;
1325 550 1394 587 sed
1424 557 1464 587 tu
1494 549 1594 589 inter

1321 613 1439 652 istaec
1459 616 1590 663 uerba,

262 688 372 713 meus
394 677 542 723 oculus,
567 690 655 715 mea
676 677 1165 727 Selenium,—numquam
1187 691 1260 728 ego
1281 685 1319 716 te
1339 679 1546 718 tristiorem

261 740 344 778 uidi
364 754 458 779 esse.
518 742 626 792 quid,
649 742 761 789 cedo,
784 750 822 780 te
842 756 1018 792 opsecro,
1042 750 1122 780 tam
1142 743 1326 782 abhorret
1346 743 1585 784 hilaritudo?

260 818 390 855 neque
410 808 559 845 munda
578 808 758 857 adaeque
778 821 830 854 es,
854 815 896 845 ut
917 809 1018 846 soles
1041 807 1134 859 (hoc
1155 808 1206 846 sis
1227 808 1330 856 uide,
1353 816 1395 847 ut
1414 810 1553 859 petiuit
1610 820 1652 857 55

260 872 486 922 suspiritum
506 874 601 925 alte)
622 881 660 911 et
681 874 827 924 pallida
847 888 898 912 es.
959 876 1144 924 eloquere
1163 882 1374 925 utrumque
1393 876 1520 924 nobis,

199 951 238 982 55
259 944 297 974 et
331 937 427 987 quid
466 937 536 976 tibi
581 946 638 977 est
673 946 710 977 et
749 938 845 989 quid
889 938 986 977 uelis
1021 946 1194 977 nostram
1230 953 1401 990 operam,
1438 949 1480 979 ut
1518 955 1590 980 nos

1406 1006 1586 1046 sciamus.

257 1066 352 1114 noli,
372 1080 547 1117 opsecro,
572 1069 755 1107 lacrumis
776 1069 853 1108 tuis
874 1069 927 1107 mi
948 1069 1162 1108 exercitum
1183 1069 1383 1121 imperare.

309 1134 397 1170 SEL.
425 1133 567 1172 misera
595 1135 806 1181 excrucior,
834 1148 922 1173 mea
950 1135 1235 1185 Gymnasium:
1270 1138 1372 1175 male
1395 1137 1491 1175 mihi
1516 1146 1584 1185 est,

1266 1203 1367 1241 male
1387 1216 1562 1241 maceror
1576 1219 1587 1251 ,-

306 1264 425 1301 doleo
444 1265 495 1302 ab
515 1265 660 1312 animo,
683 1266 802 1304 doleo
821 1266 873 1304 ab
893 1266 1029 1313 oculis,
1051 1267 1170 1305 doleo
1189 1267 1241 1304 ab
1260 1267 1514 1317 aegritudine.
1603 1275 1649 1308 60

309 1328 406 1378 quid
426 1329 568 1377 dicam,
592 1330 666 1368 nisi
688 1331 851 1369 stultitia
871 1345 960 1370 mea
981 1345 1045 1369 me
1065 1332 1105 1369 in
1126 1345 1343 1371 maerorem
1365 1333 1476 1383 rapi?

193 1400 236 1431 60
310 1394 383 1432 GV.
414 1394 591 1433 indidem
618 1397 725 1434 unde
751 1396 873 1435 oritur
898 1396 1018 1434 facito
1038 1404 1081 1434 ut
1104 1397 1224 1436 facias
1248 1397 1451 1436 stultitiam
1477 1412 1585 1449 sepe-

1421 1463 1581 1501 libilem.

306 1526 395 1562 SEL.
428 1525 524 1575 quid
555 1526 726 1564 faciam?
783 1528 857 1564 Gv.
890 1526 930 1564 in
965 1527 1133 1565 latebras
1171 1528 1393 1577 apscondas
1423 1535 1583 1577 pectore
1608 1542 1610 1544 ’

1308 1592 1579 1642 penitissumo.

302 1661 409 1692 tuam
431 1655 634 1694 stultitiam
656 1658 739 1695 sola
758 1656 878 1695 facito
898 1664 941 1695 ut
961 1656 1061 1695 scias
1081 1657 1166 1695 sine
1185 1657 1270 1695 aliis
1289 1657 1453 1696 arbitris.

301 1721 391 1758 SEL.
419 1728 457 1759 at
482 1721 579 1759 mihi
599 1722 820 1760 cordolium
848 1730 916 1760 est.
977 1724 1051 1760 Gv.
1075 1722 1202 1772 quid?
1236 1722 1277 1761 id
1297 1724 1404 1761 unde
1429 1732 1488 1762 est
1509 1724 1579 1763 tibi
1599 1726 1641 1770 65

976 1789 1072 1825 cor?
1101 1801 1370 1826 commemora
1390 1801 1555 1838 opsecro
1570 1805 1581 1838 3

301 1852 410 1900 quod
435 1864 565 1902 neque
588 1865 662 1901 ego
689 1853 818 1891 habeo
846 1865 977 1902 neque
1006 1852 1215 1902 quisquam
1246 1852 1322 1890 alia
1352 1853 1499 1901 mulier,
1537 1863 1578 1892 ut

1265 1920 1473 1970 perhibent
1493 1921 1575 1960 uiri.

289 2023 332 2061 48
355 2022 418 2053 hac
442 2028 552 2055 aetate
577 2023 735 2066 Seyffert:
768 2027 910 2057 haecate
934 2025 999 2056 cod.
1025 2025 1059 2065 (i.
1081 2036 1105 2056 e.
1132 2026 1216 2056 haec
1236 2036 1255 2056 a
1281 2030 1326 2064 te,
1338 2025 1484 2065 sortasse
1506 2030 1580 2058 recte

245 2066 341 2106 haec,
360 2067 379 2097 i.
395 2077 419 2097 e.
441 2071 604 2107 tanquam
626 2080 692 2110 ego,
711 2080 730 2099 a
747 2070 795 2110 te)
812 2082 819 2101 :
845 2069 977 2100 Hecala
996 2073 1109 2100 aetate
1124 2068 1250 2100 Schoell
1371 2080 1409 2109 51
1437 2070 1519 2100 nihil
1543 2071 1576 2101 di

245 2110 375 2140 horunc
388 2110 440 2140 PE
573 2123 615 2152 52
638 2113 754 2144 hercle
765 2117 950 2154 suspectum
967 2113 1017 2152 (cjss
1040 2112 1161 2143 Gellius
1180 2122 1230 2152 11,
1243 2112 1280 2155 6)
1298 2124 1305 2144 ε
1330 2113 1360 2143 ei
1378 2113 1426 2144 rei
1438 2113 1577 2144 Redslob

247 2153 350 2193 inter]
370 2154 466 2184 aufer
488 2155 613 2197 Ussing
743 2167 783 2196 57
809 2157 896 2187 uelis
910 2157 1010 2188 Ital.:
1036 2156 1118 2186 uelit
1133 2156 1198 2188 cod.
1336 2167 1379 2196 59
1404 2157 1477 2188 Mis.
1499 2168 1573 2189 exc.

246 2195 383 2227 Mueller
396 2196 530 2238 (Rhem.
549 2198 639 2231 Mus.
662 2210 713 2240 54,
732 2202 810 2241 387)
829 2211 836 2231 :
862 2200 938 2230 Mea
961 2210 1034 2231 exc.
1053 2199 1118 2231 cod.
1147 2200 1217 2233 (vii.
1232 2201 1268 2239 5)
1287 2211 1294 2230 :
1320 2200 1399 2231 Med
1416 2202 1575 2232 excrucio

245 2240 312 2270 Leo
442 2243 480 2272 61
509 2242 698 2285 mea(met)
725 2254 777 2274 me
801 2243 941 2274 Mueller
962 2242 1096 2283 (Rlzein.
1123 2242 1211 2274 Mus.
1243 2252 1294 2283 54,
1322 2244 1401 2284 387)
1501 2245 1574 2284 rapi

247 2284 464 2316 Gulielmius:
503 2286 590 2325 rapit
623 2287 690 2319 cod.
827 2289 870 2326 63
904 2287 1028 2318 condas
1064 2287 1191 2326 pectori
1226 2286 1293 2318 cod.
1336 2287 1478 2319 Charisii
1515 2298 1576 2328 190

243 2328 286 2367 65
311 2338 368 2359 cor
382 2328 533 2368 Bentley:
560 2330 742 2361 cordolium
760 2330 823 2362 cod.
