1742 2718
714 64 1037 103 BACCHIDES
1473 62 1540 99 IV.
1562 61 1606 96 ix

106 195 195 230 1070
214 182 337 219 salute
358 187 490 219 nostra
507 186 626 229 atque
646 178 742 216 urbe
762 184 876 227 capta
895 190 964 226 per
984 177 1121 214 dolum

215 248 379 286 domum
401 246 576 284 redduco
595 241 709 295 <iam>
728 242 922 291 integrum
943 254 1104 279 omnem
1125 239 1349 279 exercitum.

213 313 294 358 sed,
318 318 568 362 spectatores,
592 322 664 346 uos
685 321 791 345 nunc
811 321 862 345 ne
882 306 1077 345 miremini

213 378 321 428 quod
343 390 423 414 non
444 375 666 424 triumpho:
695 374 968 423 peruolgatum
989 380 1057 420 est,
1081 372 1136 410 nil
1158 384 1288 410 moror
1308 386 1316 417 3

214 456 350 481 uerum
371 449 503 479 tamen
523 438 764 488 accipientur
784 439 911 476 mulso
933 437 1087 476 milites.
1567 443 1629 467 100

109 521 193 557 1075
214 521 319 546 nunc
340 508 440 545 hanc
462 506 647 556 praedam
669 517 829 542 omnem
851 503 927 541 iam
949 504 999 541 ad
1020 510 1269 553 quaestorem
1291 502 1533 540 deferam:—

690 617 1065 652 PH1LOXENVS
1566 623 1595 648 x

215 704 289 740 PH.
324 702 456 750 Quam
485 698 607 748 magis
646 697 686 735 in
726 685 885 747 pectore
917 710 1008 734 meo
1040 697 1157 734 foueo
1192 708 1289 745 quas
1322 695 1423 732 meu'
1454 692 1547 730 filiu'

438 812 442 815 ι
1250 760 1383 797 turbas
1404 758 1545 804 turbet,

324 844 443 882 quam
464 843 506 868 se
525 819 577 868 ad
598 829 720 867 uitam
741 836 779 866 et
800 841 900 878 quos
927 828 977 865 ad
1006 840 1134 865 mores
1161 824 1415 876 praecipitem
1437 823 1548 861 insci-

1285 891 1337 927 tu'
1358 896 1545 938 capessat,

216 961 330 1011 magi'
368 973 483 998 curae
522 966 580 997 est
625 958 819 1007 magi'que
865 956 1089 995 adformido
1133 969 1183 993 ne
1226 954 1257 992 is
1301 961 1432 1004 pereat
1471 966 1547 991 neu

1264 1026 1544 1069 corrumpatur.

324 1090 416 1137 scio,
449 1089 503 1128 fui
534 1103 607 1139 ego
642 1088 706 1127 illa
739 1096 866 1127 aetate
897 1095 935 1126 et
966 1086 1040 1125 feci
1070 1086 1134 1124 illa
1164 1085 1308 1132 omnia,
1341 1085 1410 1122 sed
1441 1097 1549 1121 more

923 1146 934 1152 ”
1342 1150 1522 1187 modesto
1539 1163 1550 1195 3

112 1224 200 1258 1080
327 1218 431 1266 duxi,
458 1217 578 1256 habui
604 1224 791 1264 scortum,
816 1216 962 1266 potaui,
992 1215 1097 1263 dedi,
1123 1216 1281 1263 donaui,
1312 1223 1349 1254 et
1377 1215 1483 1254 enim
1510 1216 1550 1255 id
1573 1230 1591 1261 5

1450 1290 1545 1315 raro.

214 1360 349 1399 'neque
379 1348 567 1399 placitant
599 1360 727 1386 mores
760 1347 895 1397 quibu'
922 1346 1041 1385 uideo
1066 1346 1183 1395 uolgo
1203 1342 1279 1397 (in)
1297 1351 1435 1393 gnatos
1465 1356 1550 1381 esse

1346 1415 1526 1458 parentes
1543 1423 1550 1446 :

220 1492 293 1529 ego
313 1480 406 1517 dare
428 1491 490 1516 me
512 1491 601 1516 meo
616 1485 736 1528 gnato
752 1476 911 1524 institui,
930 1483 972 1515 ut
988 1476 1121 1515 animo
1142 1474 1377 1526 opsequium
1399 1487 1552 1512 sumere

1402 1538 1525 1589 possit
1542 1553 1553 1586 3

381 1621 552 1658 aequom
583 1621 668 1646 esse
698 1615 805 1658 puto,
835 1608 905 1646 sed
932 1606 1039 1645 nimi'
1067 1608 1160 1646 nolo
1190 1605 1364 1645 desidiae
1394 1605 1429 1642 ei
1458 1605 1551 1642 dare

1399 1671 1547 1709 ludum.

488 1753 594 1778 nunc
616 1739 922 1786 Mnesilochum,
944 1740 1053 1789 quod
1074 1737 1271 1785 mandaui,

94 1809 201 1853 10842
489 1805 576 1844 uiso
595 1805 739 1855 ecquid
759 1818 850 1843 eum
869 1806 920 1843 ad
940 1804 1124 1843 uirtutem
1144 1811 1212 1842 aut
1230 1804 1281 1842 ad
1573 1821 1611 1842 10

117 1874 201 1918 1085
491 1872 640 1921 frugem
662 1884 780 1921 opera
800 1884 870 1909 sua
889 1870 1132 1921 compulerit,
1156 1870 1211 1908 sic

491 1944 534 1974 ut
554 1950 656 1983 eum,
679 1935 710 1974 si
728 1935 927 1983 conuenit,
950 1936 1032 1974 scio
1053 1937 1103 1974 fe-

117 2004 204 2039 1086
597 2002 696 2040 cisse
715 2017 722 2039 2
752 2009 836 2040 eost
856 2001 1013 2051 ingenio
1034 2008 1159 2039 natus,

270 2116 349 2146 1071
374 2106 439 2137 iam
456 2105 532 2137 add.
552 2106 678 2137 Rz'lschl
834 2116 918 2144 1079
942 2116 1005 2144 ego
1023 2106 1068 2136 fui
1085 2105 1118 2135 Β
1273 2107 1355 2136 1080
1373 2109 1451 2145 post
1467 2105 1547 2135 1081

222 2150 288 2180 cod.
309 2150 414 2191 (prius
434 2160 498 2181 om.
512 2153 646 2190 propter
657 2149 843 2181 homoeotel.
859 2150 869 2180 ’ἓ
887 2149 920 2179 ii.
941 2149 996 2188 6):
1020 2149 1092 2181 trai.
1115 2148 1259 2189 Scaliger
1354 2149 1416 2179 sed
1426 2148 1550 2179 Acida-

224 2194 288 2223 Iius
303 2204 310 2224 ε
335 2198 368 2224 et
384 2193 448 2225 cod.
559 2194 639 2224 1081
666 2193 700 2223 in
714 2192 789 2223 add.
811 2191 947 2232 Seyffert
961 2192 998 2232 (i.
1017 2193 1050 2232 4)
1161 2193 1244 2223 1082
1268 2193 1349 2223 dare
1365 2203 1418 2223 me
1435 2192 1549 2223 ludum

223 2246 299 2267 meo
312 2236 378 2268 cod.
395 2249 401 2268 :
425 2237 541 2268 ludum
560 2237 610 2276 (cf
633 2237 731 2277 1083)
749 2235 806 2268 del.
826 2235 999 2266 Buecheler
1163 2238 1246 2275 1083
1270 2237 1301 2267 ei
1318 2237 1388 2267 des.
1443 2236 1551 2274 Goetz,

213 2280 348 2318 favente
363 2280 586 2310 allz'tteralz'one
