1794 2728
238 69 267 106 Ι.
289 69 334 105 iii
711 68 757 105 T.
791 65 970 105 MACCI
1003 64 1205 102 PLAVTI

286 180 392 217 ARG.
424 191 554 225 mane,
573 190 700 223 mane,
722 174 825 214 audi.
858 174 932 220 dic,
960 173 1057 223 quid
1087 186 1149 210 me
1179 185 1348 222 aequom
1378 183 1514 209 censes
1542 183 1614 220 pro

1331 236 1396 274 illa
1416 235 1486 274 tibi
1507 236 1610 282 dare,

286 322 435 347 annum
456 309 561 346 hunc
582 320 631 345 ne
652 319 741 344 cum
769 304 958 354 quiquam
985 302 1062 341 alio
1091 302 1167 340 sit?
1225 303 1294 341 CL.
1327 301 1446 339 tene?
1475 299 1613 350 uiginti
1633 312 1701 347 230

1464 364 1589 403 minas
1604 379 1614 412 3

286 446 405 488 atque
426 451 471 476 ea
491 439 575 487 lege
592 452 599 474 z
629 436 659 474 si
680 435 778 473 alius
799 436 849 473 acl
870 447 933 472 me
954 433 1059 484 prius
1080 431 1262 479 attulerit,
1286 438 1327 469 tu
1348 432 1446 469 uale.

287 507 392 544 ARG.
425 511 463 541 at
483 516 555 553 ego
572 510 629 540 est
645 500 762 539 etiam
783 499 879 550 priu’
896 512 1014 549 quarn
1031 497 1115 536 abis
1133 498 1241 547 quod
1259 497 1350 534 uolo
1371 494 1489 545 loqui.
1541 495 1610 534 CL.

1278 560 1342 599 dic
1363 561 1471 610 quod
1492 560 1610 598 lubet.

226 643 268 674 80
286 637 390 674 ARG.
422 647 503 672 non
520 631 683 671 omnino
699 630 775 668 iam
796 629 905 681 perii,
922 636 979 667 est
999 628 1188 666 relicuom
1204 639 1284 676 quo
1300 638 1457 676 peream
1478 623 1610 674 magis.

286 700 416 738 habeo
436 699 542 737 uncle
562 697 662 735 istuc
682 695 752 734 tibi
774 695 881 744 quod
902 693 1031 743 poscis
1053 694 1144 731 dem
1161 707 1171 740 3
1200 693 1269 730 sed
1290 691 1329 729 in
1350 692 1454 741 leges
1475 703 1582 728 meas

286 765 402 810 dabo,
420 771 462 801 ut
478 763 574 800 scire
590 760 727 811 possis,
746 766 977 810 perpetuom
993 771 1140 796 annum
1157 758 1264 795 hunc
1281 755 1376 794 mihi
1396 755 1451 793 uti
1473 754 1615 793 seruiat
1634 764 1698 801 235

287 842 360 868 nec
381 839 620 878 quemquam
649 825 795 863 interea
821 823 941 862 alium
970 822 1153 862 admittat
1179 835 1318 872 prosus
1339 834 1458 871 quam
1480 833 1543 858 me
1563 819 1614 857 ad

1411 899 1452 924 se
1473 884 1610 923 uirum.

288 961 357 1000 CL.
390 958 497 1009 quin,
520 957 551 996 si
572 965 613 995 tu
634 957 754 1002 uoles,
778 954 886 994 domi
908 954 1008 993 serui
1030 953 1097 1004 qui
1119 961 1209 992 sunt
1230 952 1410 991 castrabo
1430 950 1544 989 uiros.

226 1036 265 1074 85
286 1032 486 1075 postremo
506 1029 548 1060 ut
569 1023 677 1060 uoles
698 1034 770 1059 nos
791 1033 885 1066 esse,
909 1020 1173 1069 syngraphum
1194 1017 1312 1056 facito
1333 1018 1484 1056 adferas
1499 1031 1510 1064 3

287 1097 329 1128 ut
350 1090 470 1134 uoles,
493 1094 536 1126 ut
556 1086 626 1125 tibi
647 1085 810 1132 lubebit‚
833 1084 947 1123 nobis
969 1086 1094 1134 legem
1116 1083 1334 1133 imponito:

288 1154 410 1192 modo
430 1160 560 1191 tecum
582 1164 661 1189 una
679 1157 883 1200 argentum
904 1150 1069 1195 adferto,
1090 1148 1202 1187 facile
1223 1148 1347 1199 patiar
1366 1154 1504 1187 cetera.
1635 1156 1704 1190 240

288 1216 555 1270 port[it]orum
576 1215 809 1254 simillumae
830 1221 921 1253 sunt
941 1213 1081 1252 ianuae
1101 1213 1282 1252 lenoniae
1299 1229 1306 1251 :

287 1285 317 1323 si
356 1284 496 1329 adfers,
532 1289 616 1319 tum
655 1287 799 1331 patent,
837 1279 868 1317 si
908 1292 988 1318 non
1027 1286 1085 1317 est
1119 1280 1228 1329 quod
1267 1280 1346 1325 des,
1383 1279 1501 1318 aedes
1534 1291 1615 1317 non

1414 1350 1616 1394 patent.—

226 1430 270 1462 90
289 1416 393 1453 ARG.
426 1411 553 1451 interii
575 1411 607 1449 si
629 1424 709 1449 non
730 1409 891 1448 inuenio
912 1422 985 1459 ego
1006 1408 1090 1447 illas
1111 1408 1249 1459 uiginti
1270 1408 1408 1455 minas,

288 1487 326 1517 et
346 1479 534 1530 profecto,
558 1476 632 1514 nisi
652 1475 750 1514 illud
775 1476 898 1525 perdo
919 1482 1135 1524 argentum,
1159 1475 1406 1524 pereundum
1428 1481 1486 1512 est
1507 1473 1613 1511 mihi.

287 1558 393 1583 nunc
414 1556 572 1594 pergam
593 1542 643 1580 ad
664 1542 792 1580 forum
813 1547 932 1590 atque
953 1539 1126 1590 experiar
1146 1538 1299 1590 opibus,
1324 1538 1433 1578 omni
1453 1537 1577 1589 copia,
1636 1547 1701 1584 245

288 1608 532 1660 supplicabo,
555 1601 821 1657 ex'opsecrabo
842 1613 885 1644 ut
905 1612 1104 1655 quemque
1124 1604 1297 1643 amicum
1318 1603 1465 1649 uidero,

288 1675 443 1726 dignos,
463 1673 646 1724 indignos
666 1671 774 1711 adire
794 1679 913 1721 atque
933 1669 1131 1723 experi[ri]
1153 1677 1340 1709 certumst
1360 1669 1466 1716 mihi,

226 1752 268 1787 95
289 1753 382 1779 nam
402 1738 434 1778 si
454 1745 610 1777 mutuas
631 1751 712 1776 non
732 1744 881 1787 potero,
904 1743 1091 1775 certumst
1112 1748 1265 1774 sumam
1285 1736 1511 1773 faenore.—

185 1990 238 2028 ΙΙ,
257 1989 272 2026 i
834 1984 867 2020 L
881 1995 890 2020 1
908 1994 930 2019 Β
944 1994 967 2019 Α
983 1993 1010 2019 Ν
1024 1994 1049 2018 v
1063 1993 1081 2019 s

294 2076 353 2112 L1.
388 2074 535 2112 Hercle
556 2085 660 2118 uero,
686 2070 848 2117 Libane,
871 2083 978 2107 nunc
999 2076 1037 2107 te
1058 2068 1215 2107 meliust
1235 2067 1489 2119 expergiscier

292 2146 411 2188 atque
430 2144 592 2188 argento
613 2136 882 2186 comparando
902 2135 1048 2183 fingere
1068 2133 1272 2171 fallaciam.
1639 2145 1708 2182 250

336 2251 400 2281 230
423 2245 503 2271 tene
534 2238 746 2270 Camerarius
762 2248 769 2268 :
806 2241 888 2267 tune
920 2235 986 2266 cod.
1122 2244 1184 2276 235
1210 2235 1261 2276 ut]
1291 2235 1340 2265 vel
1368 2235 1416 2266 uti
1557 2236 1620 2274 238

293 2284 522 2325 syngrapham
540 2281 609 2313 cod.
625 2282 678 2322 (cf.
706 2282 779 2321 746,
798 2280 877 2320 802)
984 2300 1005 2310 1
1067 2289 1127 2318 241
1154 2284 1330 2318 portorum
1356 2280 1390 2318 (i.
1406 2290 1429 2311 e.
1442 2281 1618 2319 portuum)

292 2327 409 2369 scripSt'
421 2326 544 2367 (Class.
561 2325 641 2356 Rev.
660 2326 690 2362 6,
710 2325 790 2363 342)
1000 2333 1061 2362 247
1087 2322 1205 2362 expeti
1222 2321 1359 2353 Skutsclz
1377 2327 1430 2363 ap.
1448 2322 1570 2353 Pradel
1584 2322 1621 2353 de

289 2376 405 2413 praep.
421 2378 487 2409 515
616 2377 682 2407 250
705 2369 835 2406 fingere
845 2368 1029 2406 suspectum
