1742 2718
702 75 1027 114 AVLVLARIA
1452 73 1519 108 IV.
1543 72 1587 106 iv

113 194 179 238 635
202 194 287 232 L.S.
320 190 372 230 nil
394 188 581 240 equidem
603 186 674 226 tibi
695 185 851 237 apstuli.
914 187 1010 223 Evc.
1043 191 1082 222 at
1104 183 1199 221 illud
1224 182 1332 232 quod
1354 181 1421 219 tibi
1444 194 1526 230 aps-

1252 248 1394 285 tuleras
1415 248 1525 284 cedo.

201 321 347 373 ecquid
369 319 481 371 agis?
538 320 581 356 L.
600 319 637 357 S.
668 316 766 367 quid
787 316 930 366 agam?
989 316 1085 352 Evc.
1117 314 1267 351 auferre
1297 325 1377 349 non
1405 318 1527 361 potes.

1103 380 1144 416 L.
1165 380 1201 416 S.
1234 376 1330 427 quid
1352 376 1410 414 uis
1431 375 1531 414 tibi?

205 454 300 491 Evc.
324 464 438 502 pone.
500 451 542 487 L.
562 449 598 487 S.
622 447 662 487 id
683 446 845 498 quidem
862 447 928 497 pol
946 453 983 484 te
1000 446 1133 484 datare
1150 443 1268 481 credo
1285 448 1530 487 consuetum,
1555 456 1591 478 10

1402 519 1530 544 senex.

205 582 302 619 Evc.
335 592 439 630 pone
461 579 537 616 hoc
558 576 620 624 sis,
643 576 752 614 aufer
772 574 966 620 caninam,
984 586 1066 611 non
1087 585 1160 623 ego
1180 584 1287 609 nunc
1303 583 1426 620 nugas
1447 583 1530 619 ago.

205 647 248 683 L.
267 647 303 684 S.
336 643 433 694 quid
454 655 546 692 ergo
566 642 746 692 ponam?
775 638 871 690 quin
891 646 933 677 tu
955 639 1140 688 eloquere
1164 634 1359 686 quidquid
1380 642 1439 673 est
1461 648 1533 672 suo

1360 699 1531 738 nomine.

118 781 188 824 640
206 789 286 815 non
321 775 451 814 hercle
482 771 668 823 equidem
708 770 919 821 quicquam
955 767 1104 818 sumpsi
1138 781 1212 805 nec
1246 765 1364 816 tetigi.
1436 767 1533 803 Evc.

1098 832 1265 871 ostende
1285 832 1363 869 huc
1384 844 1535 868 manus.

208 907 250 943 L.
274 906 310 944 S.
347 917 410 942 em
443 901 524 949 tibi,
554 899 721 948 ostendi,
755 912 878 938 eccas.
940 899 1038 936 Evc.
1075 896 1204 935 uideo.
1263 909 1334 945 age
1373 895 1538 933 ostende

1232 960 1350 999 etiam
1371 959 1535 998 tertiam.

210 1037 251 1073 L.
275 1036 312 1073 S.
354 1036 483 1072 laruae
515 1034 622 1070 hunc
659 1038 779 1081 atque
813 1027 1068 1079 intemperiae
1102 1025 1358 1075 insaniaeque
1391 1024 1538 1075 agitant
1562 1037 1598 1068 15

1391 1103 1536 1128 senem.

211 1163 312 1203 facin
339 1162 519 1202 iniuriam
542 1161 595 1200 mi
617 1158 816 1214 [annon]?
875 1161 973 1198 Evc.
1005 1159 1139 1204 fateor,
1158 1156 1250 1207 quia
1271 1169 1351 1194 non
1377 1155 1537 1204 pendes,

1303 1233 1538 1258 maxumam.

210 1302 329 1345 atque
349 1293 390 1333 id
411 1306 570 1344 quoque
590 1291 668 1330 iam
689 1292 765 1337 fiet,
784 1289 859 1329 nisi
879 1290 1009 1328 fatere.
1065 1289 1108 1325 L.
1125 1289 1161 1326 S.
1185 1285 1282 1337 quid
1302 1286 1423 1323 fatear
1442 1284 1542 1323 tibi?

125 1363 191 1407 645
213 1361 311 1398 Evc.
343 1358 440 1410 quid
459 1356 652 1408 apstulisti
673 1355 795 1395 hinc?
852 1356 896 1393 L.
915 1356 951 1394 S.
984 1353 1024 1393 di
1052 1366 1115 1391 me
1135 1353 1313 1403 perdant,
1336 1349 1367 1388 si
1387 1363 1460 1399 ego
1486 1348 1541 1387 tui

1153 1416 1367 1467 quicquam
1387 1414 1540 1465 apstuli,

212 1489 304 1529 niue
337 1490 439 1528 adeo
472 1487 680 1539 apstulisse
713 1486 868 1525 uellem.
948 1485 1046 1522 Evc.
1088 1483 1269 1533 agedum,
1306 1481 1541 1528 excutedum

1367 1545 1539 1596 pallium.

214 1622 257 1658 L.
276 1622 313 1660 S.
345 1627 414 1659 tuo
442 1617 640 1657 arbitratu.
705 1618 803 1655 Evc.
836 1628 887 1654 ne
915 1614 1016 1653 inter
1042 1612 1194 1652 tunicas
1223 1612 1381 1650 habeas.
1441 1612 1484 1649 L.
1503 1613 1539 1649 S.
1565 1626 1605 1648 20

1153 1684 1304 1728 tempta
1323 1690 1402 1727 qua
1420 1677 1539 1715 lubet.

216 1751 312 1788 Evc.
345 1749 435 1796 uah,
464 1748 651 1786 scelestus
681 1759 802 1797 quam
831 1744 1012 1795 benigne,
1045 1750 1088 1782 ut
1117 1756 1167 1781 ne
1201 1740 1409 1793 apstulisse
1435 1740 1543 1778 intel-

1392 1808 1518 1856 legam
1537 1808 1543 1843 Ξ

215 1877 310 1918 noui
329 1876 616 1929 sycophantias.
676 1889 747 1927 age
768 1888 913 1914 rusum.
972 1873 1139 1912 ostende
1158 1873 1237 1911 huc
1257 1884 1419 1909 manum

129 1948 198 1992 650
216 1946 426 1984 dexteram.
487 1945 531 1981 L.
554 1944 590 1981 S.
623 1955 697 1981 em.
759 1943 858 1980 Evc.
890 1952 998 1978 nunc
1022 1940 1182 1977 laeuam
1215 1937 1392 1976 ostende.
1444 1937 1486 1973 L.
1506 1937 1542 1973 S.

897 2005 994 2055 quin
1014 2003 1201 2054 equidem
1220 2003 1357 2041 ambas
1378 2003 1542 2051 profero.

257 2115 323 2153 635
337 2112 492 2153 fort.tibi
510 2111 599 2152 quod
751 2111 817 2149 636
840 2106 962 2151 (hinc)
993 2106 1126 2139 auferre
1156 2106 1237 2137 Reiz
1423 2106 1486 2144 637
1513 2105 1544 2134 id

215 2157 365 2189 Parcus:
389 2157 421 2188 di
441 2155 507 2187 cod.
685 2155 751 2193 639
774 2163 838 2192 ego
859 2152 935 2182 Ital.
1127 2152 1193 2189 640
1218 2160 1284 2180 non
1309 2148 1464 2188 equidem
1481 2158 1545 2187 ego

215 2211 282 2240 qua
299 2200 474 2240 uoluptate
493 2200 519 2239 (2
528 2204 591 2240 pro
605 2197 783 2238 quicquam
797 2207 817 2227 a
830 2197 878 2233 te)
896 2195 1001 2226 sumsi
1018 2204 1127 2233 neque
1144 2193 1241 2233 tetigi
1259 2192 1347 2224 codd.
1363 2192 1546 2229 N0111'1'396

215 2245 280 2283 643
305 2243 432 2274 facisne
447 2242 512 2274 cod.
616 2251 730 2273 annon
753 2239 811 2271 del.
837 2238 977 2280 Langen
1066 2238 1130 2276 648
1152 2237 1202 2268 vel
1216 2235 1394 2268 scelestu’s
1481 2237 1546 2273 649

216 2287 244 2318 si
262 2291 474 2326 conpantyas
490 2285 556 2317 cod.
646 2294 744 2316 rusus
763 2283 804 2323 (2)
824 2281 890 2312 Leo
