1814 2723
195 42 249 80 ΙΙ.
270 41 315 78 iii
695 39 740 74 T.
775 34 955 73 MACCI
988 33 1191 70 PLAVTI

272 152 353 189 HE.
385 163 477 200 ergo
498 164 619 201 quom
642 155 804 199 optume
825 144 961 192 fecisti,
984 157 1090 182 nunc
1111 143 1221 182 adest
1242 139 1398 180 occasio

270 216 373 254 bene
393 217 497 254 facta
516 216 728 259 cumulare,
751 219 794 249 ut
814 224 902 260 erga
923 211 1030 247 hunc
1050 222 1131 247 rem
1152 220 1261 257 geras
1282 204 1457 244 fideliter.

209 288 250 330 65
272 283 443 319 PHILOC.
490 279 603 329 magi'
633 292 713 316 non
744 278 892 314 factum
926 287 1087 325 possum
1122 273 1224 312 uelle
1249 283 1367 321 quam
1397 282 1516 319 opera
1544 282 1605 307 ex·
1623 278 1689 316 425

1254 335 1380 387 periar
1399 332 1581 385 persequi
1596 348 1606 382 ,-

271 410 311 450 id
331 417 374 449 ut
395 410 505 457 scias,
530 411 670 448 Iouem
692 419 920 457 supremum
941 411 1081 443 testem
1102 403 1236 450 laudo,
1263 400 1267 452 Ι
1295 399 1437 449 Hegio,

271 490 335 515 me
355 476 557 514 infidelem
574 488 655 512 non
671 475 845 511 futurum
864 469 1085 509 Philocrati.
1138 470 1221 506 HE.
1251 467 1398 517 probus
1414 478 1455 503 es
1471 465 1604 502 homo.

273 543 444 580 Pfflroc.
477 554 550 579 nec
567 553 630 578 me
646 551 759 578 secus
779 549 970 587 umquam
987 534 1023 574 ei
1044 536 1237 573 facturum
1258 531 1470 582 quicquam
1487 542 1607 579 quam

1332 602 1479 633 memet
1498 593 1607 632 mihi.

272 673 346 710 ΤΥ.
378 670 499 709 istaec
520 669 627 708 dicta
647 676 684 708 te
706 666 868 717 experiri
890 667 927 705 et
948 677 1068 715 opera
1088 670 1125 702 et
1144 661 1256 701 factis
1276 661 1369 699 uolo
1384 675 1394 707 3

205 752 253 785 ¹70
275 744 323 783 et,
343 750 422 786 quo
443 734 564 773 minu'
585 733 665 772 dixi
687 746 806 783 quam
827 730 936 770 uolui
957 731 1007 768 de
1028 737 1077 776 te,
1100 727 1277 766 animum
1297 727 1482 764 aduortas
1501 725 1608 772 uolo,
1626 737 1696 771 430

274 809 392 851 atque
412 801 565 838 horunc
585 799 797 837 uerborum
818 809 956 835 caussa
976 807 1073 833 caue
1094 801 1136 832 tu
1156 792 1211 830 mi
1231 791 1349 830 iratus
1370 791 1454 828 fuas
1468 804 1479 837 3

276 867 356 912 sed,
380 873 417 903 te
438 878 596 914 quaeso,
620 863 791 914 cogitato
812 862 904 900 hinc
925 873 1013 899 mea
1033 860 1111 897 fide
1132 857 1234 896 mitti
1254 858 1418 895 domum

276 938 313 969 te
346 936 620 976 aestumatum,
658 935 696 967 et
731 928 859 966 meam
894 939 979 964 esse
1012 924 1135 962 uitam
1169 921 1233 961 hic
1266 935 1337 972 pro
1370 928 1409 960 te
1441 919 1612 971 positam

1448 984 1614 1035 pignori,

277 1075 326 1100 ne
348 1069 389 1100 tu
418 1075 481 1100 me
502 1060 669 1110 ignores,
693 1072 814 1109 quom
842 1058 1039 1107 extemplo
1067 1068 1157 1094 meo
1178 1068 1199 1093 e
1220 1059 1436 1103 conspectu
1463 1063 1614 1101 apsces-

1504 1115 1609 1162 seris,

217 1205 233 1241 7
240 1209 256 1241 5
278 1206 400 1243 quom
422 1205 485 1231 me
507 1204 664 1230 seruom
685 1190 725 1228 in
746 1189 932 1229 seruitute
953 1201 1024 1238 pro
1045 1188 1112 1226 ted
1133 1186 1197 1225 hic
1217 1183 1419 1235 reliqueris
1630 1187 1696 1225 435

278 1265 400 1308 tuque
421 1264 459 1296 te
480 1270 550 1307 pro
569 1256 694 1295 libero
716 1269 801 1294 esse
822 1256 955 1301 ducas,
978 1252 1120 1303 pignus
1141 1253 1298 1291 deseras

278 1336 407 1374 neque
437 1323 506 1361 des
541 1335 701 1372 operam
735 1334 806 1371 pro
840 1333 903 1357 me
937 1326 980 1357 ut
1013 1317 1130 1356 huius
1163 1318 1242 1355 huc
1275 1316 1461 1354 reducem
1494 1312 1613 1352 facias

1465 1378 1588 1417 filium
1604 1392 1614 1425 5

282 1454 380 1493 scito
400 1461 438 1492 te
459 1452 552 1491 hinc
573 1451 689 1490 minis
710 1449 848 1500 uiginti
868 1449 1132 1488 aestumatum
1154 1446 1306 1485 mittier.

282 1521 342 1558 fac
362 1520 478 1557 fidele
498 1517 549 1556 sis
570 1516 706 1563 fidelis,
730 1529 827 1554 caue
849 1517 968 1554 fidem
990 1516 1134 1552 fluxam
1154 1525 1263 1563 geras
1280 1527 1286 1550 :

220 1593 261 1622 80
281 1598 373 1622 nam
394 1591 512 1633 pater,
536 1582 629 1629 scio,
651 1581 766 1619 faciet
787 1594 887 1631 quae
908 1579 1018 1617 illurn
1039 1580 1165 1616 facere
1186 1583 1340 1627 oportet
1360 1574 1517 1622 omnia3
1633 1580 1703 1614 440

282 1663 394 1689 serua
418 1648 489 1688 tibi
516 1648 556 1686 in
580 1655 813 1698 perpetuom
839 1645 1011 1685 amicum
1038 1643 1113 1691 me,
1134 1650 1253 1693 atque
1280 1643 1385 1680 hunc
1408 1640 1616 1679 inuentum

1469 1702 1614 1743 inueni.

284 1782 381 1819 haec
401 1793 469 1830 per
489 1780 689 1818 dexteram
711 1786 820 1816 tuam
840 1784 879 1815 te
900 1777 1059 1815 dextera
1078 1773 1249 1813 retinens
1271 1785 1390 1811 manu

285 1858 458 1895 opsecro,
482 1844 678 1883 infidelior
698 1843 796 1882 mihi
816 1856 866 1881 ne
887 1843 971 1880 fuas
992 1853 1111 1891 quam
1132 1853 1205 1890 ego
1225 1852 1312 1877 sum
1333 1836 1414 1875 tibi.

285 1919 326 1949 tu
347 1912 422 1949 hoc
442 1923 524 1960 age.
556 1918 598 1948 tu
619 1910 717 1948 mihi
737 1922 824 1948 erus
844 1920 952 1946 nunc
972 1920 1024 1953 es,
1047 1913 1089 1944 tu
1109 1912 1306 1955 patronus,
1329 1910 1371 1940 tu
1392 1908 1511 1952 pater,

225 1984 265 2022 85
285 1976 355 2015 tibi
389 1977 630 2015 commendo
665 1989 754 2026 spes
788 1986 964 2024 opesque
998 1984 1116 2010 meas.
1174 1972 1346 2008 PHILOC.
1378 1965 1616 2005 mandauisti
1633 1972 1699 2009 445

1512 2030 1615 2069 satis.

327 2154 390 2183 425
414 2144 568 2180 velmage
645 2143 709 2181 426
733 2142 832 2172 laudo
850 2138 1125 2171 testatnrNom'us
1140 2147 1203 2176 335
1220 2148 1227 2167 :
1244 2137 1286 2167 do
1297 2135 1362 2168 cod.
1412 2145 1475 2173 me,
1492 2135 1615 2174 Hegio,

286 2187 460 2218 Infidelem
473 2188 514 2225 (ἓ)
533 2185 598 2216 Leo
717 2195 777 2224 431
804 2195 887 2215 caue
904 2189 939 2214 tu
956 2183 1108 2222 Bentley:
1133 2185 1256 2212 caueto
1273 2179 1350 2211 cod..
1368 2179 1425 2210 sed
1436 2178 1618 2209 caueto-mi

260 2248 269 2258 x
285 2230 517 2270 vixfererzdnnz
590 2240 652 2268 432
670 2239 743 2260 mea
757 2228 985 2259 Camerarius:
1002 2225 1070 2268 [te]
1089 2236 1163 2256 mea
1175 2223 1239 2255 cod.
1253 2224 1311 2262 (iv,
1327 2224 1364 2261 2)
1440 2233 1502 2262 437
1520 2221 1619 2252 huius

285 2276 350 2305 huc
363 2274 492 2313 scripsi:
520 2274 618 2303 huius
630 2274 728 2303 huius
740 2272 808 2303 cod.
828 2272 944 2305 (huius
957 2270 1056 2305 semel
1069 2268 1129 2304 PJ)
1218 2269 1282 2306 438
1305 2267 1371 2298 secl.
1384 2266 1469 2297 Brae'x
1556 2275 1620 2304 439

285 2318 396 2349 fidelis
419 2318 464 2348 sis
489 2317 579 2347 fideli
608 2317 672 2347 cod.
823 2315 957 2345 Nonius
981 2323 1044 2352 512
1068 2315 1204 2342 testatur
1222 2311 1323 2342 fidele
1350 2311 1430 2350 ‘pro
1456 2307 1618 2340 fideliter’

285 2362 372 2393 feras
391 2360 480 2392 codd.
496 2359 599 2390 Nonii
727 2370 790 2399 444
815 2369 904 2389 nunc
921 2368 999 2389 erus
1018 2355 1230 2387 Camerarius
