1742 2718
724 42 1050 84 BACCHIDES
1476 39 1546 76 IV.
1569 36 1630 73 vii

222 170 378 215 egomet
397 163 559 200 tabellas
580 158 690 198 tetuli
712 166 753 196 ut
774 156 950 195 uincirer.
1009 154 1103 192 sine.

223 232 288 269 Νι.
320 235 525 279 propterea
545 227 621 263 hoc
641 223 742 262 facio
763 230 805 260 ut
826 222 991 260 suadeas
1011 226 1130 270 gnato
1151 229 1240 255 meo

223 302 264 333 ut
285 299 555 345 pergraecetur
574 297 716 335 tecum,
740 287 985 326 teruenefice.
1576 290 1610 320 15

224 361 301 399 CH.
335 373 358 397 0
379 359 506 404 stulte,
529 357 656 402 stulte,
679 353 806 392 nescis
828 365 933 390 nunc
954 350 1088 389 uenire
1109 356 1146 387 te
1161 363 1171 396 ;

137 429 202 474 815
224 433 342 474 atque
362 424 401 461 in
423 436 542 472 eopse
562 428 664 459 astas
686 418 827 469 lapide,
851 425 893 455 ut
914 429 1056 467 praeco
1078 412 1289 465 praedicat.

226 492 290 529 Νι.
323 489 518 538 responde
536 502 542 524 :
572 485 659 536 quis
681 497 745 522 me
766 482 932 521 uendit?
989 482 1067 520 CH.
1100 492 1218 529 quern
1240 477 1280 516 di
1302 474 1469 525 diligunt

223 557 455 594 adulescens
478 552 650 598 moritur,
673 551 770 589 dum
792 550 905 594 ualet,
929 546 1058 591 sentit,
1082 545 1192 595 sapit.

225 623 330 659 hunc
352 619 383 658 si
403 620 504 657 ullus
525 619 622 656 deus
643 622 801 662 amaret,
824 615 911 664 plus
931 611 1044 650 annis
1064 612 1215 656 decem,
1579 617 1616 638 20

226 687 312 736 plus
334 685 411 722 iam
432 682 569 733 uiginti
591 688 789 719 mortuom
811 691 896 717 esse
917 675 1113 726 oportuit:

140 754 208 787 820
226 749 339 788 terrai
358 747 470 801 <iam>
490 747 626 786 odium
647 746 834 791 ambulat,
857 743 934 781 iarn
955 742 1010 780 nil
1031 740 1131 790 sapit

227 829 300 854 nec
321 814 448 860 sentit,
471 811 606 851 tantist
627 810 801 861 quantist
821 810 962 858 fungus
983 806 1155 857 putidus.

228 881 293 918 N1.
326 887 396 917 tun
417 886 540 916 terrae
562 890 625 914 me
646 875 783 914 odium
805 886 889 912 esse
909 872 1120 910 autumas?
1149 867 1337 907 abducite
1357 867 1464 904 hunc

227 945 329 984 intro
349 952 468 994 atque
489 941 689 992 astringite
710 942 761 979 ad
782 941 1009 978 columnam
1030 935 1189 974 fortiter.
1583 944 1621 974 ²5

229 1023 446 1060 numquam
466 1009 618 1046 auferes
638 1006 731 1044 hinc
751 1018 899 1043 aurum.
960 1003 1038 1041 CH.
1071 999 1179 1050 atqui
1200 999 1277 1037 iam
1298 996 1422 1036 dabis.

143 1080 207 1124 825
230 1077 296 1114 N1.
328 1075 463 1114 dabo?
520 1074 599 1113 CH.
630 1079 749 1121 atque
770 1069 899 1111 orabis
921 1082 984 1106 me
1005 1066 1166 1116 quidem
1188 1066 1290 1103 ultro
1310 1070 1352 1101 ut
1372 1062 1558 1107 auferam,

228 1154 351 1191 quom
371 1140 481 1178 illum
502 1138 686 1177 rescisces
707 1136 998 1174 criminatorem
1018 1145 1151 1170 meum

229 1214 377 1257 quanto
398 1205 437 1242 in
459 1204 605 1254 periclo
626 1211 663 1241 et
685 1209 833 1252 quanta
852 1200 893 1238 in
913 1197 1085 1249 pernicie
1106 1196 1189 1235 siet.

229 1280 312 1310 tum
334 1271 555 1309 libertatem
576 1268 767 1318 Chrysalo
788 1264 976 1315 largibere
990 1278 1001 1311 ;
1585 1271 1625 1301 30

230 1350 304 1387 ego
323 1338 425 1375 adeo
446 1347 664 1384 numquam
684 1331 888 1382 accipiam.
948 1331 1014 1367 Νι.
1047 1328 1123 1375 dic,
1146 1328 1338 1365 scelerum
1359 1330 1488 1374 caput,

145 1410 212 1453 830
231 1402 306 1449 dic,
329 1401 409 1451 quo
429 1400 470 1438 in
490 1399 637 1450 periclo
657 1406 716 1437 est
737 1398 838 1435 meu'
861 1394 1134 1433 Mnesilochus
1156 1392 1289 1430 filius?

232 1468 309 1507 CH.
341 1479 505 1516 sequere
525 1466 599 1503 hac
620 1477 694 1510 me,
716 1464 806 1501 faxo
826 1461 903 1500 iam
924 1460 1034 1499 scies.
1094 1460 1160 1497 Νι.
1193 1470 1273 1507 quo
1293 1454 1498 1506 gentium?

232 1533 310 1572 CH.
342 1531 409 1570 tris
439 1543 539 1569 unos
568 1542 716 1580 passus,
776 1529 841 1566 Νι.
874 1527 938 1564 uel
972 1526 1122 1564 decem.
1193 1523 1271 1561 CH.
1301 1521 1473 1571 agedum
1508 1527 1564 1566 tu,

1385 1588 1560 1631 Artamo‚

233 1664 357 1701 forem
377 1664 480 1700 hanc
500 1661 757 1711 pauxillulum
776 1657 882 1708 aperi
899 1672 908 1704 ;
937 1655 1102 1707 placide,
1125 1668 1175 1692 ne
1195 1666 1335 1703 crepa3
1587 1660 1627 1691 35

234 1736 293 1766 sat
313 1735 381 1766 est.
439 1728 586 1765 accede
605 1727 683 1763 huc
704 1733 756 1763 tu.
806 1723 928 1761 uiden
948 1720 1208 1760 conuiuium?

149 1795 214 1839 835
235 1795 301 1831 Νι.
334 1792 452 1831 uideo
472 1793 734 1830 exaduorsum
756 1789 1014 1827 Pistoclerum
1035 1793 1073 1824 et
1095 1783 1347 1823 Bacchidem.

236 1859 313 1898 CH.
346 1857 414 1908 qui
434 1864 525 1896 sunt
545 1856 585 1894 in
605 1858 708 1894 lecto
729 1854 796 1893 illo
816 1854 967 1892 altero?
1023 1853 1090 1889 NI.
1122 1848 1251 1888 interii
1271 1847 1398 1886 miser.

236 1925 313 1962 CH.
345 1922 543 1961 nouistine
563 1921 797 1959 hominem?
853 1920 919 1956 Νι.
952 1916 1058 1955 noui.
1123 1916 1200 1954 CH.
1234 1913 1298 1952 dic
1319 1913 1436 1952 sodes
1456 1910 1564 1958 mihi,

236 1989 366 2027 bellan
386 1988 542 2027 uidetur
562 1986 692 2037 specie
712 1984 880 2023 mulier?
937 1984 1002 2021 N1.
1034 1981 1264 2019 admodum.
1589 1988 1630 2019 40

239 2054 317 2092 CH.
349 2052 445 2102 quid
465 2052 583 2098 illam,
606 2049 905 2089 meretricemne
925 2060 1011 2086 esse
1032 2045 1200 2084 censes?
1261 2044 1327 2082 Νι.
1360 2040 1569 2092 quippini?

154 2118 223 2160 840
241 2119 318 2157 CH.
349 2119 488 2156 frustra
507 2130 560 2155 es.
619 2117 686 2153 N1.
718 2113 805 2164 quis
826 2112 941 2163 igitur
960 2111 1192 2161 opsecrost?
1249 2109 1327 2148 CH.
1359 2105 1567 2145 inueneris.

239 2197 286 2221 ex
306 2196 369 2221 me
389 2182 551 2232 quidem
571 2180 692 2219 hodie
712 2191 930 2228 numquam
952 2178 1020 2215 fies
1041 2174 1192 2214 certior.

285 2287 344 2316 811
371 2290 408 2316 ut
423 2296 489 2316 om.
505 2285 537 2315 B
636 2285 702 2314 820
725 2283 791 2312 iam
805 2280 880 2311 add.
896 2282 937 2321 (27
951 2278 1016 2309 Leo
1119 2278 1183 2315 824
1208 2281 1241 2307 at
1252 2274 1353 2318 (pol)
1365 2275 1422 2315 qui
1437 2273 1573 2305 Mueller

241 2331 304 2368 833
327 2329 506 2369 pausilium
522 2327 586 2359 cod.
605 2339 612 2358 τ
637 2338 714 2358 corr.
735 2324 875 2365 Pylades
892 2326 936 2363 (v.
954 2323 990 2362 8)
1081 2326 1197 2360 crepet
1213 2320 1377 2360 Angelius
