<?xml version="1.0" encoding="UTF-8"?>
<!DOCTYPE html PUBLIC "-//W3C//DTD XHTML 1.0 Transitional//EN"
    "http://www.w3.org/TR/xhtml1/DTD/xhtml1-transitional.dtd">
<html xmlns="http://www.w3.org/1999/xhtml" xml:lang="en" lang="en">
 <head>
  <title>
</title>
<meta http-equiv="Content-Type" content="text/html;charset=utf-8" />
  <meta name='ocr-system' content='tesseract 3.04.00' />
  <meta name='ocr-capabilities' content='ocr_page ocr_carea ocr_par ocr_line ocrx_word'/>
</head>
<body>
  <div class='ocr_page' id='page_1' title='image "./tmacciplauticomo01plauuoft_0035.png"; bbox 0 0 1742 2718; ppageno 0'>
   <div class='ocr_carea' id='block_1_1' title="bbox 97 736 162 771">
    <p class='ocr_par' dir='ltr' id='par_1_1' title="bbox 97 736 162 771">
     <span class='ocr_line' id='line_1_1' title="bbox 97 736 162 771; baseline -0.015 -9"><span class='ocrx_word' id='word_1_1' title='bbox 97 736 162 771; x_wconf 93' lang='lat'>170</span> 
     </span>
    </p>
   </div>
   <div class='ocr_carea' id='block_1_2' title="bbox 98 1061 160 1097">
    <p class='ocr_par' dir='ltr' id='par_1_2' title="bbox 98 1061 160 1097">
     <span class='ocr_line' id='line_1_2' title="bbox 98 1061 160 1097; baseline 0.016 -1"><span class='ocrx_word' id='word_1_2' title='bbox 98 1061 160 1097; x_wconf 86' lang='lat'>175</span> 
     </span>
    </p>
   </div>
   <div class='ocr_carea' id='block_1_3' title="bbox 674 154 1533 195">
    <p class='ocr_par' dir='ltr' id='par_1_3' title="bbox 674 154 1533 195">
     <span class='ocr_line' id='line_1_3' title="bbox 674 154 1533 195; baseline -0.005 0"><span class='ocrx_word' id='word_1_3' title='bbox 674 157 1019 195; x_wconf 83' lang='lat' dir='ltr'>AMPHITRVO</span> <span class='ocrx_word' id='word_1_4' title='bbox 1470 157 1494 191; x_wconf 92' lang='lat' dir='ltr'>I.</span> <span class='ocrx_word' id='word_1_5' title='bbox 1518 154 1533 191; x_wconf 83' lang='lat' dir='ltr'>i</span> 
     </span>
    </p>
   </div>
   <div class='ocr_carea' id='block_1_4' title="bbox 179 268 1566 1360">
    <p class='ocr_par' dir='ltr' id='par_1_4' title="bbox 179 268 1566 1360">
     <span class='ocr_line' id='line_1_4' title="bbox 285 268 775 320; baseline -0.004 -12"><span class='ocrx_word' id='word_1_6' title='bbox 285 268 352 320; x_wconf 86' lang='lat' dir='ltr'>qui</span> <span class='ocrx_word' id='word_1_7' title='bbox 372 270 449 308; x_wconf 85' lang='lat' dir='ltr'>hoc</span> <span class='ocrx_word' id='word_1_8' title='bbox 470 268 598 307; x_wconf 88' lang='lat' dir='ltr'>noctis</span> <span class='ocrx_word' id='word_1_9' title='bbox 618 281 641 306; x_wconf 91' lang='lat' dir='ltr'>a</span> <span class='ocrx_word' id='word_1_10' title='bbox 661 276 775 318; x_wconf 89' lang='lat' dir='ltr'>portu</span> 
     </span>
     <span class='ocr_line' id='line_1_5' title="bbox 338 333 725 385; baseline -0.003 -13"><span class='ocrx_word' id='word_1_11' title='bbox 338 333 511 385; x_wconf 86' lang='lat' dir='ltr'>ingratiis</span> <span class='ocrx_word' id='word_1_12' title='bbox 532 333 725 372; x_wconf 89' lang='lat' dir='ltr'>excitauit.</span> 
     </span>
     <span class='ocr_line' id='line_1_6' title="bbox 231 398 1122 448; baseline -0.002 -10"><span class='ocrx_word' id='word_1_13' title='bbox 231 413 364 439; x_wconf 90' lang='lat' dir='ltr'>nonne</span> <span class='ocrx_word' id='word_1_14' title='bbox 384 399 491 438; x_wconf 90' lang='lat' dir='ltr'>idem</span> <span class='ocrx_word' id='word_1_15' title='bbox 512 400 589 437; x_wconf 88' lang='lat' dir='ltr'>huc</span> <span class='ocrx_word' id='word_1_16' title='bbox 610 399 687 437; x_wconf 90' lang='lat' dir='ltr'>luci</span> <span class='ocrx_word' id='word_1_17' title='bbox 709 412 771 437; x_wconf 87' lang='lat' dir='ltr'>me</span> <span class='ocrx_word' id='word_1_18' title='bbox 793 398 945 437; x_wconf 86' lang='lat' dir='ltr'>mittere</span> <span class='ocrx_word' id='word_1_19' title='bbox 966 398 1122 448; x_wconf 86' lang='lat' dir='ltr'>potuit?</span> 
     </span>
     <span class='ocr_line' id='line_1_7' title="bbox 286 463 1142 514; baseline -0.004 -11"><span class='ocrx_word' id='word_1_20' title='bbox 286 466 477 514; x_wconf 89' lang='lat' dir='ltr'>opulento</span> <span class='ocrx_word' id='word_1_21' title='bbox 498 463 649 502; x_wconf 89' lang='lat' dir='ltr'>homini</span> <span class='ocrx_word' id='word_1_22' title='bbox 671 465 747 501; x_wconf 89' lang='lat' dir='ltr'>hoc</span> <span class='ocrx_word' id='word_1_23' title='bbox 769 463 934 502; x_wconf 88' lang='lat' dir='ltr'>seruitus</span> <span class='ocrx_word' id='word_1_24' title='bbox 956 464 1053 502; x_wconf 87' lang='lat' dir='ltr'>dura</span> <span class='ocrx_word' id='word_1_25' title='bbox 1074 470 1142 509; x_wconf 85' lang='lat' dir='ltr'>est,</span> 
     </span>
     <span class='ocr_line' id='line_1_8' title="bbox 286 528 1562 579; baseline -0.002 -12"><span class='ocrx_word' id='word_1_26' title='bbox 286 530 362 567; x_wconf 88' lang='lat' dir='ltr'>hoc</span> <span class='ocrx_word' id='word_1_27' title='bbox 384 529 498 579; x_wconf 87' lang='lat' dir='ltr'>magi&#39;</span> <span class='ocrx_word' id='word_1_28' title='bbox 520 528 637 567; x_wconf 90' lang='lat' dir='ltr'>miser</span> <span class='ocrx_word' id='word_1_29' title='bbox 657 536 715 567; x_wconf 86' lang='lat' dir='ltr'>est</span> <span class='ocrx_word' id='word_1_30' title='bbox 736 528 859 567; x_wconf 87' lang='lat' dir='ltr'>diuiti&#39;</span> <span class='ocrx_word' id='word_1_31' title='bbox 881 542 1014 567; x_wconf 91' lang='lat' dir='ltr'>seruos</span> <span class='ocrx_word' id='word_1_32' title='bbox 1032 544 1039 566; x_wconf 87' lang='lat'>:</span> <span class='ocrx_word' id='word_1_33' title='bbox 1527 543 1562 575; x_wconf 89' lang='lat'>15</span> 
     </span>
     <span class='ocr_line' id='line_1_9' title="bbox 179 593 1176 644; baseline -0.002 -11"><span class='ocrx_word' id='word_1_34' title='bbox 179 602 396 644; x_wconf 91' lang='lat' dir='ltr'>noctesque</span> <span class='ocrx_word' id='word_1_35' title='bbox 416 593 581 643; x_wconf 81' lang='lat' dir='ltr'><strong>diesque</strong></span> <span class='ocrx_word' id='word_1_36' title='bbox 601 593 770 632; x_wconf 86' lang='lat' dir='ltr'>adsiduo</span> <span class='ocrx_word' id='word_1_37' title='bbox 791 593 882 631; x_wconf 87' lang='lat' dir='ltr'>satis</span> <span class='ocrx_word' id='word_1_38' title='bbox 903 606 1098 643; x_wconf 80' lang='lat' dir='ltr'>superque</span> <span class='ocrx_word' id='word_1_39' title='bbox 1119 601 1176 631; x_wconf 87' lang='lat' dir='ltr'>est</span> 
     </span>
     <span class='ocr_line' id='line_1_10' title="bbox 180 657 1217 709; baseline -0.002 -12"><span class='ocrx_word' id='word_1_40' title='bbox 180 659 289 709; x_wconf 91' lang='lat' dir='ltr'>quod</span> <span class='ocrx_word' id='word_1_41' title='bbox 309 660 413 697; x_wconf 85' lang='lat' dir='ltr'>facto</span> <span class='ocrx_word' id='word_1_42' title='bbox 433 666 500 696; x_wconf 87' lang='lat' dir='ltr'>aut</span> <span class='ocrx_word' id='word_1_43' title='bbox 521 658 628 697; x_wconf 87' lang='lat' dir='ltr'>dicto</span> <span class='ocrx_word' id='word_1_44' title='bbox 648 659 760 696; x_wconf 87' lang='lat' dir='ltr'>adest</span> <span class='ocrx_word' id='word_1_45' title='bbox 781 671 893 708; x_wconf 92' lang='lat' dir='ltr'>opus,</span> <span class='ocrx_word' id='word_1_46' title='bbox 915 657 1062 708; x_wconf 86' lang='lat' dir='ltr'>quietu&#39;</span> <span class='ocrx_word' id='word_1_47' title='bbox 1083 671 1133 696; x_wconf 91' lang='lat' dir='ltr'>ne</span> <span class='ocrx_word' id='word_1_48' title='bbox 1154 657 1217 696; x_wconf 89' lang='lat' dir='ltr'>sis.</span> 
     </span>
     <span class='ocr_line' id='line_1_11' title="bbox 180 721 1191 776; baseline -0.003 -13"><span class='ocrx_word' id='word_1_49' title='bbox 180 724 263 775; x_wconf 91' lang='lat' dir='ltr'>ipse</span> <span class='ocrx_word' id='word_1_50' title='bbox 283 724 460 763; x_wconf 91' lang='lat' dir='ltr'>dominu&#39;</span> <span class='ocrx_word' id='word_1_51' title='bbox 481 723 593 762; x_wconf 90' lang='lat' dir='ltr'>diues</span> <span class='ocrx_word' id='word_1_52' title='bbox 615 723 755 773; x_wconf 88' lang='lat' dir='ltr'>operis,</span> <span class='ocrx_word' id='word_1_53' title='bbox 780 721 854 776; x_wconf 88' lang='lat' dir='ltr'>[et]</span> <span class='ocrx_word' id='word_1_54' title='bbox 876 722 1021 761; x_wconf 90' lang='lat' dir='ltr'>laboris</span> <span class='ocrx_word' id='word_1_55' title='bbox 1043 735 1191 773; x_wconf 83' lang='lat' dir='ltr'>expers,</span> 
     </span>
     <span class='ocr_line' id='line_1_12' title="bbox 180 788 1281 840; baseline -0.003 -11"><span class='ocrx_word' id='word_1_56' title='bbox 180 791 493 840; x_wconf 89' lang='lat' dir='ltr'>quodquomque</span> <span class='ocrx_word' id='word_1_57' title='bbox 513 788 666 827; x_wconf 86' lang='lat' dir='ltr'>homini</span> <span class='ocrx_word' id='word_1_58' title='bbox 686 788 830 827; x_wconf 86' lang='lat' dir='ltr'>accidit</span> <span class='ocrx_word' id='word_1_59' title='bbox 850 788 996 835; x_wconf 88' lang='lat' dir='ltr'>lubere,</span> <span class='ocrx_word' id='word_1_60' title='bbox 1019 801 1135 838; x_wconf 91' lang='lat' dir='ltr'>posse</span> <span class='ocrx_word' id='word_1_61' title='bbox 1155 796 1281 826; x_wconf 85' lang='lat' dir='ltr'>retur:</span> 
     </span>
     <span class='ocr_line' id='line_1_13' title="bbox 179 853 1566 905; baseline -0.003 -12"><span class='ocrx_word' id='word_1_62' title='bbox 179 868 350 905; x_wconf 89' lang='lat' dir='ltr'>aequom</span> <span class='ocrx_word' id='word_1_63' title='bbox 370 867 456 893; x_wconf 88' lang='lat' dir='ltr'>esse</span> <span class='ocrx_word' id='word_1_64' title='bbox 477 861 598 904; x_wconf 82' lang='lat' dir='ltr'>putat,</span> <span class='ocrx_word' id='word_1_65' title='bbox 622 867 703 892; x_wconf 92' lang='lat' dir='ltr'>non</span> <span class='ocrx_word' id='word_1_66' title='bbox 725 861 878 904; x_wconf 83' lang='lat' dir='ltr'>reputat</span> <span class='ocrx_word' id='word_1_67' title='bbox 899 853 1033 891; x_wconf 89' lang='lat' dir='ltr'>labori‘</span> <span class='ocrx_word' id='word_1_68' title='bbox 1054 853 1150 903; x_wconf 90' lang='lat' dir='ltr'>quid</span> <span class='ocrx_word' id='word_1_69' title='bbox 1171 853 1230 899; x_wconf 89' lang='lat' dir='ltr'>sit,</span> <span class='ocrx_word' id='word_1_70' title='bbox 1527 868 1566 889; x_wconf 89' lang='lat'>20</span> 
     </span>
     <span class='ocr_line' id='line_1_14' title="bbox 234 917 1225 970; baseline -0.003 -12"><span class='ocrx_word' id='word_1_71' title='bbox 234 934 308 958; x_wconf 89' lang='lat' dir='ltr'>nec</span> <span class='ocrx_word' id='word_1_72' title='bbox 327 932 497 970; x_wconf 89' lang='lat' dir='ltr'>aequom</span> <span class='ocrx_word' id='word_1_73' title='bbox 518 932 621 957; x_wconf 89' lang='lat' dir='ltr'>anne</span> <span class='ocrx_word' id='word_1_74' title='bbox 642 918 821 969; x_wconf 90' lang='lat' dir='ltr'>iniquom</span> <span class='ocrx_word' id='word_1_75' title='bbox 841 918 1006 968; x_wconf 86' lang='lat' dir='ltr'>imperet</span> <span class='ocrx_word' id='word_1_76' title='bbox 1027 917 1225 967; x_wconf 81' lang='lat' dir='ltr'>cogitabit.</span> 
     </span>
     <span class='ocr_line' id='line_1_15' title="bbox 234 982 1123 1035; baseline -0.003 -12"><span class='ocrx_word' id='word_1_77' title='bbox 234 999 326 1035; x_wconf 88' lang='lat' dir='ltr'>ergo</span> <span class='ocrx_word' id='word_1_78' title='bbox 346 984 386 1022; x_wconf 91' lang='lat' dir='ltr'>in</span> <span class='ocrx_word' id='word_1_79' title='bbox 407 983 594 1023; x_wconf 87' lang='lat' dir='ltr'>seruitute</span> <span class='ocrx_word' id='word_1_80' title='bbox 615 991 803 1033; x_wconf 90' lang='lat' dir='ltr'>expetunt</span> <span class='ocrx_word' id='word_1_81' title='bbox 824 985 946 1022; x_wconf 88' lang='lat' dir='ltr'>multa</span> <span class='ocrx_word' id='word_1_82' title='bbox 966 982 1123 1033; x_wconf 88' lang='lat' dir='ltr'>iniqua:</span> 
     </span>
     <span class='ocr_line' id='line_1_16' title="bbox 234 1048 1270 1100; baseline -0.002 -12"><span class='ocrx_word' id='word_1_83' title='bbox 234 1051 465 1088; x_wconf 89' lang='lat' dir='ltr'>habendum</span> <span class='ocrx_word' id='word_1_84' title='bbox 485 1057 524 1088; x_wconf 90' lang='lat' dir='ltr'>et</span> <span class='ocrx_word' id='word_1_85' title='bbox 544 1050 755 1100; x_wconf 91' lang='lat' dir='ltr'>ferundum</span> <span class='ocrx_word' id='word_1_86' title='bbox 776 1050 852 1087; x_wconf 86' lang='lat' dir='ltr'>hoc</span> <span class='ocrx_word' id='word_1_87' title='bbox 873 1055 991 1087; x_wconf 88' lang='lat' dir='ltr'>onust</span> <span class='ocrx_word' id='word_1_88' title='bbox 1011 1061 1102 1086; x_wconf 86' lang='lat' dir='ltr'>cum</span> <span class='ocrx_word' id='word_1_89' title='bbox 1123 1048 1270 1086; x_wconf 87' lang='lat' dir='ltr'>labore.</span> 
     </span>
     <span class='ocr_line' id='line_1_17' title="bbox 236 1113 1209 1164; baseline -0.002 -11"><span class='ocrx_word' id='word_1_90' title='bbox 236 1116 320 1153; x_wconf 76' lang='lat' dir='ltr'>ME.</span> <span class='ocrx_word' id='word_1_91' title='bbox 353 1114 490 1153; x_wconf 88' lang='lat' dir='ltr'>satiust</span> <span class='ocrx_word' id='word_1_92' title='bbox 511 1128 574 1153; x_wconf 91' lang='lat' dir='ltr'>me</span> <span class='ocrx_word' id='word_1_93' title='bbox 595 1113 705 1164; x_wconf 86' lang='lat' dir='ltr'>queri</span> <span class='ocrx_word' id='word_1_94' title='bbox 725 1113 791 1152; x_wconf 89' lang='lat' dir='ltr'>illo</span> <span class='ocrx_word' id='word_1_95' title='bbox 813 1115 935 1152; x_wconf 89' lang='lat' dir='ltr'>modo</span> <span class='ocrx_word' id='word_1_96' title='bbox 956 1113 1184 1151; x_wconf 89' lang='lat' dir='ltr'>seruitutem</span> <span class='ocrx_word' id='word_1_97' title='bbox 1202 1128 1209 1151; x_wconf 82' lang='lat' dir='ltr'>z</span> 
     </span>
     <span class='ocr_line' id='line_1_18' title="bbox 288 1179 1564 1230; baseline -0.005 -12"><span class='ocrx_word' id='word_1_98' title='bbox 288 1179 409 1218; x_wconf 89' lang='lat' dir='ltr'>hodie</span> <span class='ocrx_word' id='word_1_99' title='bbox 429 1179 497 1230; x_wconf 91' lang='lat' dir='ltr'>qui</span> <span class='ocrx_word' id='word_1_100' title='bbox 517 1179 657 1218; x_wconf 90' lang='lat' dir='ltr'>fuerim</span> <span class='ocrx_word' id='word_1_101' title='bbox 677 1179 784 1226; x_wconf 86' lang='lat' dir='ltr'>liber,</span> <span class='ocrx_word' id='word_1_102' title='bbox 809 1192 899 1217; x_wconf 89' lang='lat' dir='ltr'>eum</span> <span class='ocrx_word' id='word_1_103' title='bbox 920 1192 1026 1216; x_wconf 89' lang='lat' dir='ltr'>nunc</span> <span class='ocrx_word' id='word_1_104' title='bbox 1526 1191 1540 1211; x_wconf 92' lang='lat'><strong>2</strong></span> <span class='ocrx_word' id='word_1_105' title='bbox 1547 1192 1564 1221; x_wconf 82' lang='lat'><em>5</em></span> 
     </span>
     <span class='ocr_line' id='line_1_19' title="bbox 289 1243 806 1295; baseline -0.002 -12"><span class='ocrx_word' id='word_1_106' title='bbox 289 1244 431 1295; x_wconf 89' lang='lat' dir='ltr'>potiuit</span> <span class='ocrx_word' id='word_1_107' title='bbox 451 1252 561 1294; x_wconf 90' lang='lat' dir='ltr'>pater</span> <span class='ocrx_word' id='word_1_108' title='bbox 580 1243 777 1282; x_wconf 87' lang='lat' dir='ltr'>seruitutis</span> <span class='ocrx_word' id='word_1_109' title='bbox 795 1258 806 1291; x_wconf 65' lang='grc' dir='ltr'><strong><em>ς</em></strong></span> 
     </span>
     <span class='ocr_line' id='line_1_20' title="bbox 290 1308 939 1360; baseline -0.003 -12"><span class='ocrx_word' id='word_1_110' title='bbox 290 1310 354 1348; x_wconf 87' lang='lat' dir='ltr'>hic</span> <span class='ocrx_word' id='word_1_111' title='bbox 375 1309 442 1360; x_wconf 89' lang='lat' dir='ltr'>qui</span> <span class='ocrx_word' id='word_1_112' title='bbox 463 1323 584 1348; x_wconf 90' lang='lat' dir='ltr'>uerna</span> <span class='ocrx_word' id='word_1_113' title='bbox 602 1317 735 1347; x_wconf 89' lang='lat' dir='ltr'>natust</span> <span class='ocrx_word' id='word_1_114' title='bbox 755 1308 939 1359; x_wconf 87' lang='lat' dir='ltr'>queritur.</span> 
     </span>
    </p>
   </div>
   <div class='ocr_carea' id='block_1_5' title="bbox 97 1371 1494 1414">
    <p class='ocr_par' dir='ltr' id='par_1_5' title="bbox 97 1371 1494 1414">
     <span class='ocr_line' id='line_1_21' title="bbox 97 1371 1494 1414; baseline -0.003 -1"><span class='ocrx_word' id='word_1_115' title='bbox 97 1378 162 1413; x_wconf 90' lang='lat'>180</span> <span class='ocrx_word' id='word_1_116' title='bbox 183 1376 247 1414; x_wconf 87' lang='lat' dir='ltr'>So.</span> <span class='ocrx_word' id='word_1_117' title='bbox 280 1388 367 1413; x_wconf 89' lang='lat' dir='ltr'>sum</span> <span class='ocrx_word' id='word_1_118' title='bbox 388 1388 482 1413; x_wconf 90' lang='lat' dir='ltr'>uero</span> <span class='ocrx_word' id='word_1_119' title='bbox 503 1387 624 1413; x_wconf 88' lang='lat' dir='ltr'>uerna</span> <span class='ocrx_word' id='word_1_120' title='bbox 644 1374 833 1412; x_wconf 89' lang='lat' dir='ltr'>uerbero:</span> <span class='ocrx_word' id='word_1_121' title='bbox 864 1386 1028 1412; x_wconf 89' lang='lat' dir='ltr'>numero</span> <span class='ocrx_word' id='word_1_122' title='bbox 1050 1373 1145 1411; x_wconf 86' lang='lat' dir='ltr'>mihi</span> <span class='ocrx_word' id='word_1_123' title='bbox 1169 1373 1209 1411; x_wconf 89' lang='lat' dir='ltr'>in</span> <span class='ocrx_word' id='word_1_124' title='bbox 1230 1379 1402 1411; x_wconf 79' lang='lat' dir='ltr'><strong>mentem</strong></span> <span class='ocrx_word' id='word_1_125' title='bbox 1424 1371 1494 1410; x_wconf 86' lang='lat' dir='ltr'>fuit</span> 
     </span>
    </p>
   </div>
   <div class='ocr_carea' id='block_1_6' title="bbox 180 1438 1568 1683">
    <p class='ocr_par' dir='ltr' id='par_1_6' title="bbox 182 1438 1443 1489">
     <span class='ocr_line' id='line_1_22' title="bbox 182 1438 1443 1489; baseline -0.002 -11"><span class='ocrx_word' id='word_1_126' title='bbox 182 1440 242 1479; x_wconf 91' lang='lat' dir='ltr'>dis</span> <span class='ocrx_word' id='word_1_127' title='bbox 262 1439 540 1478; x_wconf 87' lang='lat' dir='ltr'>aduenientem</span> <span class='ocrx_word' id='word_1_128' title='bbox 562 1439 703 1489; x_wconf 83' lang='lat' dir='ltr'>gratias</span> <span class='ocrx_word' id='word_1_129' title='bbox 724 1452 794 1489; x_wconf 90' lang='lat' dir='ltr'>pro</span> <span class='ocrx_word' id='word_1_130' title='bbox 815 1438 962 1477; x_wconf 86' lang='lat' dir='ltr'>meritis</span> <span class='ocrx_word' id='word_1_131' title='bbox 982 1452 1095 1488; x_wconf 84' lang='lat' dir='ltr'>agere</span> <span class='ocrx_word' id='word_1_132' title='bbox 1115 1446 1234 1488; x_wconf 85' lang='lat' dir='ltr'>atque</span> <span class='ocrx_word' id='word_1_133' title='bbox 1253 1438 1443 1488; x_wconf 84' lang='lat' dir='ltr'>adloqui?</span> 
     </span>
    </p>

    <p class='ocr_par' dir='ltr' id='par_1_7' title="bbox 181 1503 1568 1556">
     <span class='ocr_line' id='line_1_23' title="bbox 181 1503 1568 1556; baseline -0.001 -12"><span class='ocrx_word' id='word_1_134' title='bbox 181 1519 231 1544; x_wconf 89' lang='lat' dir='ltr'>ne</span> <span class='ocrx_word' id='word_1_135' title='bbox 251 1505 306 1544; x_wconf 89' lang='lat' dir='ltr'>illi</span> <span class='ocrx_word' id='word_1_136' title='bbox 326 1506 469 1556; x_wconf 84' lang='lat' dir='ltr'>edepol</span> <span class='ocrx_word' id='word_1_137' title='bbox 489 1504 521 1543; x_wconf 88' lang='lat' dir='ltr'>si</span> <span class='ocrx_word' id='word_1_138' title='bbox 541 1504 680 1543; x_wconf 91' lang='lat' dir='ltr'>merito</span> <span class='ocrx_word' id='word_1_139' title='bbox 702 1518 791 1542; x_wconf 90' lang='lat' dir='ltr'>meo</span> <span class='ocrx_word' id='word_1_140' title='bbox 812 1505 951 1542; x_wconf 89' lang='lat' dir='ltr'>referre</span> <span class='ocrx_word' id='word_1_141' title='bbox 971 1505 1155 1542; x_wconf 89' lang='lat' dir='ltr'>studeant</span> <span class='ocrx_word' id='word_1_142' title='bbox 1175 1503 1350 1553; x_wconf 82' lang='lat' dir='ltr'>gratiam,</span> <span class='ocrx_word' id='word_1_143' title='bbox 1528 1513 1568 1543; x_wconf 77' lang='lat'>30</span> 
     </span>
    </p>

    <p class='ocr_par' dir='ltr' id='par_1_8' title="bbox 180 1560 1507 1683">
     <span class='ocr_line' id='line_1_24' title="bbox 180 1560 1507 1621; baseline -0.004 -12"><span class='ocrx_word' id='word_1_144' title='bbox 180 1570 352 1621; x_wconf 85' lang='lat' dir='ltr'>aliquem</span> <span class='ocrx_word' id='word_1_145' title='bbox 379 1570 583 1608; x_wconf 84' lang='lat' dir='ltr'>hominem</span> <span class='ocrx_word' id='word_1_146' title='bbox 607 1571 791 1620; x_wconf 88' lang='lat' dir='ltr'>adlegent</span> <span class='ocrx_word' id='word_1_147' title='bbox 816 1569 883 1619; x_wconf 92' lang='lat' dir='ltr'>qui</span> <span class='ocrx_word' id='word_1_148' title='bbox 910 1568 1006 1607; x_wconf 89' lang='lat' dir='ltr'>mihi</span> <span class='ocrx_word' id='word_1_149' title='bbox 1033 1568 1259 1607; x_wconf 88' lang='lat' dir='ltr'>aduenienti</span> <span class='ocrx_word' id='word_1_150' title='bbox 1285 1560 1328 1606; x_wconf 85' lang='lat' dir='ltr'>os</span> <span class='ocrx_word' id='word_1_151' title='bbox 1355 1567 1507 1606; x_wconf 85' lang='lat' dir='ltr'>occillet</span> 
     </span>
     <span class='ocr_line' id='line_1_25' title="bbox 1372 1632 1507 1683; baseline 0.007 -13"><span class='ocrx_word' id='word_1_152' title='bbox 1372 1632 1507 1683; x_wconf 90' lang='lat' dir='ltr'>probe,</span> 
     </span>
    </p>
   </div>
   <div class='ocr_carea' id='block_1_7' title="bbox 182 1697 1509 1800">
    <p class='ocr_par' dir='ltr' id='par_1_9' title="bbox 182 1697 1509 1800">
     <span class='ocr_line' id='line_1_26' title="bbox 182 1697 1509 1752; baseline -0.004 -12"><span class='ocrx_word' id='word_1_153' title='bbox 182 1700 369 1752; x_wconf 84' lang='lat' dir='ltr'>quoniam</span> <span class='ocrx_word' id='word_1_154' title='bbox 395 1700 499 1740; x_wconf 89' lang='lat' dir='ltr'>bene</span> <span class='ocrx_word' id='word_1_155' title='bbox 526 1713 628 1751; x_wconf 86' lang='lat' dir='ltr'>quae</span> <span class='ocrx_word' id='word_1_156' title='bbox 654 1699 694 1737; x_wconf 94' lang='lat' dir='ltr'>in</span> <span class='ocrx_word' id='word_1_157' title='bbox 721 1713 784 1738; x_wconf 92' lang='lat' dir='ltr'>me</span> <span class='ocrx_word' id='word_1_158' title='bbox 811 1700 987 1738; x_wconf 90' lang='lat' dir='ltr'>fecerunt</span> <span class='ocrx_word' id='word_1_159' title='bbox 1012 1698 1160 1749; x_wconf 84' lang='lat' dir='ltr'>ingrata</span> <span class='ocrx_word' id='word_1_160' title='bbox 1180 1711 1226 1737; x_wconf 84' lang='lat' dir='ltr'>ea</span> <span class='ocrx_word' id='word_1_161' title='bbox 1246 1697 1365 1736; x_wconf 88' lang='lat' dir='ltr'>habui</span> <span class='ocrx_word' id='word_1_162' title='bbox 1392 1705 1509 1747; x_wconf 87' lang='lat' dir='ltr'>atque</span> 
     </span>
     <span class='ocr_line' id='line_1_27' title="bbox 1384 1770 1506 1800; baseline -0.008 0"><span class='ocrx_word' id='word_1_163' title='bbox 1384 1770 1506 1800; x_wconf 83' lang='lat' dir='ltr'>1nr1ta.</span> 
     </span>
    </p>
   </div>
   <div class='ocr_carea' id='block_1_8' title="bbox 99 1827 1511 1882">
    <p class='ocr_par' dir='ltr' id='par_1_10' title="bbox 99 1827 1511 1882">
     <span class='ocr_line' id='line_1_28' title="bbox 99 1827 1511 1882; baseline -0.003 -13"><span class='ocrx_word' id='word_1_164' title='bbox 99 1835 162 1879; x_wconf 83' lang='lat'>185</span> <span class='ocrx_word' id='word_1_165' title='bbox 185 1832 269 1871; x_wconf 84' lang='lat' dir='ltr'>ME.</span> <span class='ocrx_word' id='word_1_166' title='bbox 300 1830 392 1870; x_wconf 86' lang='lat' dir='ltr'>facit</span> <span class='ocrx_word' id='word_1_167' title='bbox 420 1830 485 1870; x_wconf 88' lang='lat' dir='ltr'>ille</span> <span class='ocrx_word' id='word_1_168' title='bbox 518 1831 628 1882; x_wconf 90' lang='lat' dir='ltr'>quod</span> <span class='ocrx_word' id='word_1_169' title='bbox 662 1832 780 1881; x_wconf 85' lang='lat' dir='ltr'>uolgo</span> <span class='ocrx_word' id='word_1_170' title='bbox 814 1831 892 1868; x_wconf 86' lang='lat' dir='ltr'>hau</span> <span class='ocrx_word' id='word_1_171' title='bbox 924 1831 1062 1877; x_wconf 87' lang='lat' dir='ltr'>solent,</span> <span class='ocrx_word' id='word_1_172' title='bbox 1095 1837 1137 1868; x_wconf 88' lang='lat' dir='ltr'>ut</span> <span class='ocrx_word' id='word_1_173' title='bbox 1171 1828 1268 1879; x_wconf 89' lang='lat' dir='ltr'>quid</span> <span class='ocrx_word' id='word_1_174' title='bbox 1301 1841 1342 1866; x_wconf 91' lang='lat' dir='ltr'>se</span> <span class='ocrx_word' id='word_1_175' title='bbox 1376 1827 1424 1866; x_wconf 91' lang='lat' dir='ltr'>sit</span> <span class='ocrx_word' id='word_1_176' title='bbox 1457 1827 1511 1866; x_wconf 91' lang='lat' dir='ltr'>di-</span> 
     </span>
    </p>
   </div>
   <div class='ocr_carea' id='block_1_9' title="bbox 1261 1892 1508 1945">
    <p class='ocr_par' dir='ltr' id='par_1_11' title="bbox 1261 1892 1508 1945">
     <span class='ocr_line' id='line_1_29' title="bbox 1261 1892 1508 1945; baseline -0.008 -13"><span class='ocrx_word' id='word_1_177' title='bbox 1261 1907 1382 1945; x_wconf 89' lang='lat' dir='ltr'>gnum</span> <span class='ocrx_word' id='word_1_178' title='bbox 1403 1892 1508 1931; x_wconf 78' lang='lat' dir='ltr'>sciat.</span> 
     </span>
    </p>
   </div>
   <div class='ocr_carea' id='block_1_10' title="bbox 186 1958 1570 2142">
    <p class='ocr_par' dir='ltr' id='par_1_12' title="bbox 186 1958 1570 2142">
     <span class='ocr_line' id='line_1_30' title="bbox 186 1958 1511 2013; baseline -0.005 -12"><span class='ocrx_word' id='word_1_179' title='bbox 186 1963 250 2001; x_wconf 91' lang='lat' dir='ltr'>So.</span> <span class='ocrx_word' id='word_1_180' title='bbox 282 1963 391 2012; x_wconf 91' lang='lat' dir='ltr'>quod</span> <span class='ocrx_word' id='word_1_181' title='bbox 429 1975 647 2013; x_wconf 88' lang='lat' dir='ltr'>numquam</span> <span class='ocrx_word' id='word_1_182' title='bbox 686 1961 869 2012; x_wconf 87' lang='lat' dir='ltr'>opinatus</span> <span class='ocrx_word' id='word_1_183' title='bbox 907 1961 962 2000; x_wconf 90' lang='lat' dir='ltr'>fui</span> <span class='ocrx_word' id='word_1_184' title='bbox 1001 1973 1130 2011; x_wconf 88' lang='lat' dir='ltr'>neque</span> <span class='ocrx_word' id='word_1_185' title='bbox 1167 1959 1265 1998; x_wconf 88' lang='lat' dir='ltr'>alius</span> <span class='ocrx_word' id='word_1_186' title='bbox 1305 1958 1511 2009; x_wconf 89' lang='lat' dir='ltr'>quisquam</span> 
     </span>
     <span class='ocr_line' id='line_1_31' title="bbox 1366 2023 1511 2062; baseline -0.014 0"><span class='ocrx_word' id='word_1_187' title='bbox 1366 2023 1511 2062; x_wconf 89' lang='lat' dir='ltr'>ciuium</span> 
     </span>
     <span class='ocr_line' id='line_1_32' title="bbox 186 2089 1570 2142; baseline -0.002 -9"><span class='ocrx_word' id='word_1_188' title='bbox 186 2093 260 2133; x_wconf 85' lang='lat' dir='ltr'>sibi</span> <span class='ocrx_word' id='word_1_189' title='bbox 280 2101 526 2140; x_wconf 90' lang='lat' dir='ltr'>euenturum,</span> <span class='ocrx_word' id='word_1_190' title='bbox 548 2093 589 2132; x_wconf 89' lang='lat' dir='ltr'>id</span> <span class='ocrx_word' id='word_1_191' title='bbox 609 2092 783 2142; x_wconf 89' lang='lat' dir='ltr'>contigit,</span> <span class='ocrx_word' id='word_1_192' title='bbox 806 2100 849 2131; x_wconf 86' lang='lat' dir='ltr'>ut</span> <span class='ocrx_word' id='word_1_193' title='bbox 869 2092 966 2131; x_wconf 88' lang='lat' dir='ltr'>salui</span> <span class='ocrx_word' id='word_1_194' title='bbox 986 2100 1210 2142; x_wconf 85' lang='lat' dir='ltr'>poteremur</span> <span class='ocrx_word' id='word_1_195' title='bbox 1230 2089 1349 2129; x_wconf 90' lang='lat' dir='ltr'>domi.</span> <span class='ocrx_word' id='word_1_196' title='bbox 1533 2100 1570 2130; x_wconf 80' lang='lat'>35</span> 
     </span>
    </p>
   </div>
   <div class='ocr_carea' id='block_1_11' title="bbox 185 2192 1514 2499">
    <p class='ocr_par' dir='ltr' id='par_1_13' title="bbox 185 2192 1514 2499">
     <span class='ocr_line' id='line_1_33' title="bbox 233 2192 1508 2238; baseline -0.005 -9"><span class='ocrx_word' id='word_1_197' title='bbox 233 2199 293 2238; x_wconf 88' lang='lat'>165</span> <span class='ocrx_word' id='word_1_198' title='bbox 317 2198 381 2229; x_wconf 93' lang='lat' dir='ltr'>hoc</span> <span class='ocrx_word' id='word_1_199' title='bbox 404 2197 481 2233; x_wconf 86' lang='lat' dir='ltr'>cod.‚</span> <span class='ocrx_word' id='word_1_200' title='bbox 506 2198 642 2238; x_wconf 80' lang='lat' dir='ltr'>antiqua</span> <span class='ocrx_word' id='word_1_201' title='bbox 664 2196 783 2236; x_wconf 86' lang='lat' dir='ltr'>forma</span> <span class='ocrx_word' id='word_1_202' title='bbox 962 2198 1023 2235; x_wconf 91' lang='lat'>169</span> <span class='ocrx_word' id='word_1_203' title='bbox 1046 2197 1136 2236; x_wconf 90' lang='lat' dir='ltr'>quod</span> <span class='ocrx_word' id='word_1_204' title='bbox 1162 2195 1319 2226; x_wconf 84' lang='lat' dir='ltr'>Mueller:</span> <span class='ocrx_word' id='word_1_205' title='bbox 1352 2204 1418 2234; x_wconf 88' lang='lat' dir='ltr'>quo</span> <span class='ocrx_word' id='word_1_206' title='bbox 1443 2192 1508 2223; x_wconf 87' lang='lat' dir='ltr'>cod.</span> 
     </span>
     <span class='ocr_line' id='line_1_34' title="bbox 186 2239 1512 2282; baseline -0.005 -10"><span class='ocrx_word' id='word_1_207' title='bbox 186 2251 270 2281; x_wconf 88' lang='lat' dir='ltr'>opus</span> <span class='ocrx_word' id='word_1_208' title='bbox 294 2247 352 2273; x_wconf 88' lang='lat' dir='ltr'>aut</span> <span class='ocrx_word' id='word_1_209' title='bbox 376 2242 408 2274; x_wconf 89' lang='lat' dir='ltr'>d.</span> <span class='ocrx_word' id='word_1_210' title='bbox 431 2242 550 2272; x_wconf 86' lang='lat' dir='ltr'>adeost</span> <span class='ocrx_word' id='word_1_211' title='bbox 572 2239 808 2282; x_wconf 78' lang='lat' dir='ltr'>(Lachmann)</span> <span class='ocrx_word' id='word_1_212' title='bbox 825 2240 935 2270; x_wconf 80' lang='lat' dir='ltr'><em>Havet</em></span> <span class='ocrx_word' id='word_1_213' title='bbox 1027 2250 1085 2278; x_wconf 92' lang='lat'>170</span> <span class='ocrx_word' id='word_1_214' title='bbox 1108 2240 1159 2270; x_wconf 85' lang='lat' dir='ltr'>vel</span> <span class='ocrx_word' id='word_1_215' title='bbox 1179 2240 1240 2278; x_wconf 83' lang='lat' dir='ltr'>ips’</span> <span class='ocrx_word' id='word_1_216' title='bbox 1266 2239 1420 2269; x_wconf 81' lang='lat' dir='ltr'>dominus</span> <span class='ocrx_word' id='word_1_217' title='bbox 1480 2242 1512 2266; x_wconf 84' lang='lat' dir='ltr'>et</span> 
     </span>
     <span class='ocr_line' id='line_1_35' title="bbox 186 2281 1512 2325; baseline -0.005 -9"><span class='ocrx_word' id='word_1_218' title='bbox 186 2285 243 2316; x_wconf 80' lang='lat' dir='ltr'>del.</span> <span class='ocrx_word' id='word_1_219' title='bbox 257 2285 368 2316; x_wconf 87' lang='lat' dir='ltr'>Havet</span> <span class='ocrx_word' id='word_1_220' title='bbox 456 2294 517 2324; x_wconf 87' lang='lat'>173</span> <span class='ocrx_word' id='word_1_221' title='bbox 528 2289 605 2325; x_wconf 85' lang='lat' dir='ltr'>post</span> <span class='ocrx_word' id='word_1_222' title='bbox 616 2285 678 2315; x_wconf 89' lang='lat'>160</span> <span class='ocrx_word' id='word_1_223' title='bbox 688 2285 823 2314; x_wconf 79' lang='lat' dir='ltr'>iteratus</span> <span class='ocrx_word' id='word_1_224' title='bbox 836 2284 882 2324; x_wconf 81' lang='lat' dir='ltr'>(ii.</span> <span class='ocrx_word' id='word_1_225' title='bbox 902 2285 931 2320; x_wconf 85' lang='lat'>6,</span> <span class='ocrx_word' id='word_1_226' title='bbox 952 2294 982 2323; x_wconf 90' lang='lat' dir='ltr'>p.</span> <span class='ocrx_word' id='word_1_227' title='bbox 1004 2285 1078 2322; x_wconf 70' lang='lat'>103)</span> <span class='ocrx_word' id='word_1_228' title='bbox 1162 2282 1308 2322; x_wconf 80' lang='lat' dir='ltr'>179sort.</span> <span class='ocrx_word' id='word_1_229' title='bbox 1326 2281 1512 2320; x_wconf 69' lang='lat' dir='ltr'>quereum-3,</span> 
     </span>
     <span class='ocr_line' id='line_1_36' title="bbox 187 2322 1511 2368; baseline -0.005 -9"><span class='ocrx_word' id='word_1_230' title='bbox 187 2332 224 2359; x_wconf 83' lang='lat' dir='ltr'>ut</span> <span class='ocrx_word' id='word_1_231' title='bbox 241 2329 389 2359; x_wconf 79' lang='lat' dir='ltr'>bacchius</span> <span class='ocrx_word' id='word_1_232' title='bbox 401 2328 470 2368; x_wconf 85' lang='lat' dir='ltr'>fiat</span> <span class='ocrx_word' id='word_1_233' title='bbox 560 2328 623 2359; x_wconf 89' lang='lat'>180</span> <span class='ocrx_word' id='word_1_234' title='bbox 647 2337 788 2358; x_wconf 81' lang='lat' dir='ltr'>nurnero</span> <span class='ocrx_word' id='word_1_235' title='bbox 807 2331 947 2358; x_wconf 81' lang='lat' dir='ltr'>testatur</span> <span class='ocrx_word' id='word_1_236' title='bbox 963 2326 1094 2357; x_wconf 80' lang='lat' dir='ltr'>Nonius</span> <span class='ocrx_word' id='word_1_237' title='bbox 1113 2336 1175 2365; x_wconf 86' lang='lat'>352</span> <span class='ocrx_word' id='word_1_238' title='bbox 1192 2338 1198 2356; x_wconf 73' lang='grc' dir='ltr'><strong>ε</strong></span> <span class='ocrx_word' id='word_1_239' title='bbox 1223 2336 1312 2356; x_wconf 90' lang='lat' dir='ltr'>nunc</span> <span class='ocrx_word' id='word_1_240' title='bbox 1334 2335 1414 2354; x_wconf 82' lang='lat' dir='ltr'>uero</span> <span class='ocrx_word' id='word_1_241' title='bbox 1431 2322 1511 2353; x_wconf 68' lang='lat' dir='ltr'>md:</span> 
     </span>
     <span class='ocr_line' id='line_1_37' title="bbox 187 2365 1511 2411; baseline -0.005 -8"><span class='ocrx_word' id='word_1_242' title='bbox 187 2382 266 2403; x_wconf 89' lang='lat' dir='ltr'>num</span> <span class='ocrx_word' id='word_1_243' title='bbox 283 2382 422 2403; x_wconf 83' lang='lat' dir='ltr'>numero</span> <span class='ocrx_word' id='word_1_244' title='bbox 447 2371 512 2402; x_wconf 88' lang='lat' dir='ltr'>Leo</span> <span class='ocrx_word' id='word_1_245' title='bbox 668 2371 728 2401; x_wconf 86' lang='lat'>182</span> <span class='ocrx_word' id='word_1_246' title='bbox 752 2371 894 2410; x_wconf 88' lang='lat' dir='ltr'>gratiam</span> <span class='ocrx_word' id='word_1_247' title='bbox 919 2369 1012 2407; x_wconf 84' lang='lat' dir='ltr'><em>Rein,</em></span> <span class='ocrx_word' id='word_1_248' title='bbox 1032 2369 1172 2411; x_wconf 79' lang='lat' dir='ltr'>Langen</span> <span class='ocrx_word' id='word_1_249' title='bbox 1198 2370 1221 2409; x_wconf 76' lang='lat'>(⁶</span> <span class='ocrx_word' id='word_1_250' title='bbox 1235 2367 1414 2407; x_wconf 79' lang='lat' dir='ltr'>Beitraege’</span> <span class='ocrx_word' id='word_1_251' title='bbox 1435 2365 1486 2403; x_wconf 74' lang='grc' dir='ltr'>Π)</span> <span class='ocrx_word' id='word_1_252' title='bbox 1505 2377 1511 2395; x_wconf 90' lang='lat'>:</span> 
     </span>
     <span class='ocr_line' id='line_1_38' title="bbox 186 2411 1514 2455; baseline -0.006 -9"><span class='ocrx_word' id='word_1_253' title='bbox 186 2416 313 2454; x_wconf 80' lang='lat' dir='ltr'>gratias</span> <span class='ocrx_word' id='word_1_254' title='bbox 327 2415 393 2448; x_wconf 87' lang='lat' dir='ltr'>cod.</span> <span class='ocrx_word' id='word_1_255' title='bbox 408 2416 460 2455; x_wconf 78' lang='lat' dir='ltr'><em>(cf.</em></span> <span class='ocrx_word' id='word_1_256' title='bbox 481 2415 557 2454; x_wconf 81' lang='lat'>181)</span> <span class='ocrx_word' id='word_1_257' title='bbox 663 2415 722 2453; x_wconf 87' lang='lat'>184</span> <span class='ocrx_word' id='word_1_258' title='bbox 745 2414 802 2453; x_wconf 84' lang='lat' dir='ltr'>qui</span> <span class='ocrx_word' id='word_1_259' title='bbox 818 2413 884 2445; x_wconf 85' lang='lat' dir='ltr'>cod.</span> <span class='ocrx_word' id='word_1_260' title='bbox 907 2414 1006 2453; x_wconf 84' lang='lat' dir='ltr'>(quae</span> <span class='ocrx_word' id='word_1_261' title='bbox 1023 2413 1089 2452; x_wconf 72' lang='lat' dir='ltr'>PE)</span> <span class='ocrx_word' id='word_1_262' title='bbox 1190 2413 1248 2452; x_wconf 84' lang='lat'>187</span> <span class='ocrx_word' id='word_1_263' title='bbox 1274 2411 1364 2442; x_wconf 90' lang='lat' dir='ltr'>dorni</span> <span class='ocrx_word' id='word_1_264' title='bbox 1380 2414 1514 2441; x_wconf 79' lang='lat' dir='ltr'>testatur</span> 
     </span>
     <span class='ocr_line' id='line_1_39' title="bbox 185 2457 656 2499; baseline 0.002 -11"><span class='ocrx_word' id='word_1_265' title='bbox 185 2458 314 2490; x_wconf 87' lang='lat' dir='ltr'>Nonius</span> <span class='ocrx_word' id='word_1_266' title='bbox 329 2459 414 2499; x_wconf 84' lang='lat'>498:</span> <span class='ocrx_word' id='word_1_267' title='bbox 438 2460 575 2490; x_wconf 88' lang='lat' dir='ltr'>domum</span> <span class='ocrx_word' id='word_1_268' title='bbox 591 2457 656 2490; x_wconf 88' lang='lat' dir='ltr'>cod.</span> 
     </span>
    </p>
   </div>
  </div>
 </body>
</html>
