1742 2718
731 101 1054 142 BACCHIDES
1524 101 1553 136 Ι.
1573 99 1587 136 i

234 229 396 267 sequere
429 216 514 252 hac.
586 215 643 251 P1.
676 212 772 262 quid
806 218 926 262 agunt
961 211 1063 249 duae
1097 222 1304 259 germanae
1340 208 1558 246 meretrices
1581 219 1596 249 5

1277 272 1561 322 cognonnnes?

169 365 217 399 40
235 347 331 398 quid
370 346 409 384 in
448 343 613 383 consilio
647 341 928 381 consuluistis?
1000 342 1070 377 BA.
1105 339 1216 377 bene.
1291 339 1349 374 ΡΙ.
1382 339 1446 386 pol
1486 338 1562 374 hau

1252 401 1560 440 meretriciumst.

236 479 306 516 ΒΑ.
340 475 517 514 miserius
547 472 644 511 nihil
674 479 732 511 est
762 484 881 521 quam
917 470 1066 508 mulier.
1127 471 1185 507 ΡΙ.
1218 469 1315 518 quid
1349 480 1433 505 esse
1467 466 1565 504 dicis

1382 531 1566 581 dignius?

236 610 307 647 ΒΑ.
340 609 437 645 haec
464 606 517 643 ita
546 617 610 642 me
636 610 720 641 orat
745 602 819 641 sibi
844 601 910 652 qui
939 607 1076 639 caueat
1103 599 1275 649 aliquem
1300 605 1342 636 ut
1362 596 1565 635 hominem

1363 661 1562 712 reperiam,

236 746 278 777 ut
311 738 440 776 istunc
474 735 747 781 militem—ut,
785 732 852 772 ubi
887 731 1093 771 emeritum
1128 730 1200 768 sibi
1236 729 1294 776 sit,
1332 742 1372 766 se
1407 728 1566 765 reuehat

1388 793 1564 830 domum.

238 868 289 916 id,
311 868 455 906 amabo
475 874 524 913 te,
546 865 640 904 huic
659 877 812 903 caueas.
873 865 931 901 P1.
964 862 1060 912 quid
1086 861 1148 899 isti
1172 860 1365 899 caueam?
1423 860 1494 896 ΒΑ.
1525 864 1568 895 ut
1589 868 1627 891 10

1163 926 1371 964 reuehatur
1390 925 1566 969 domum,

175 1012 218 1048 45
238 999 307 1037 ubi
327 998 362 1037 ei
383 997 578 1036 dediderit
598 1009 747 1046 operas,
770 1009 821 1033 ne
841 996 944 1032 hanc
964 993 1029 1032 ille
1049 993 1193 1031 habeat
1220 1003 1290 1040 pro
1310 988 1451 1027 ancilla
1471 987 1545 1026 sibi
1560 1002 1571 1034 3

240 1077 331 1102 narn
352 1063 383 1102 si
404 1064 501 1101 haec
522 1062 666 1100 habeat
681 1074 820 1098 aurum
837 1060 946 1110 quod
966 1058 1021 1096 illi
1037 1063 1267 1101 renumeret,
1285 1054 1401 1093 faciat
1416 1053 1566 1092 lubens.

241 1130 299 1166 ΡΙ.
331 1127 401 1166 ubi
427 1140 532 1166 nunc
559 1126 590 1164 is
617 1126 806 1164 homost?
864 1126 934 1162 BA.
967 1123 1045 1162 iam
1071 1122 1136 1161 hic
1163 1122 1282 1160 credo
1307 1118 1442 1158 aderit.
1501 1119 1571 1156 sed

988 1190 1065 1226 hoc
1085 1187 1191 1226 idem
1211 1186 1317 1236 apud
1337 1197 1410 1222 nos
1430 1183 1572 1222 rectius

242 1258 387 1308 poteris
407 1271 520 1308 agere
535 1272 545 1306 3
574 1264 693 1306 atque
714 1255 745 1294 is
766 1257 863 1294 dum
884 1253 1018 1293 ueniat
1038 1253 1180 1291 sedens
1199 1250 1255 1289 ibi
1275 1249 1516 1300 opperibere.

242 1324 383 1362 eadem
404 1321 561 1369 biberis,
584 1322 724 1360 eadem
745 1322 893 1359 dedero
914 1318 985 1357 tibi
1005 1317 1074 1357 ubi
1094 1316 1239 1355 biberis
1259 1314 1423 1354 sauium.
1596 1327 1634 1359 15

181 1403 224 1440 50
243 1390 302 1427 ΡΙ.
334 1388 465 1426 uiscus
495 1389 616 1426 meru'
646 1393 815 1424 nostrast
849 1383 1050 1423 blanditia.
1116 1384 1186 1420 BA.
1219 1380 1316 1431 quid
1344 1379 1452 1418 iam?
1514 1380 1571 1416 Pi.

1138 1446 1230 1496 quia
1250 1445 1355 1484 enim
1376 1444 1570 1493 intellego,

243 1520 346 1558 duae
366 1531 490 1556 unum
511 1516 690 1568 expetitis
711 1515 951 1566 palumbem,
974 1514 1067 1563 peri,
1085 1512 1266 1550 harundo
1286 1511 1367 1548 alas
1383 1509 1572 1548 uerberat.

244 1598 326 1623 non
346 1597 419 1634 ego
438 1583 540 1622 istuc
559 1582 711 1621 facinus
729 1580 836 1626 mihi,
856 1579 1004 1625 mulier,
1023 1576 1275 1616 conducibile
1295 1588 1380 1614 esse
1399 1573 1573 1612 arbitror.

245 1653 317 1690 BA.
349 1651 429 1701 qui,
467 1649 641 1688 amabo?
707 1650 765 1686 P1.
798 1646 900 1697 quia,
939 1643 1116 1690 Bacchis,
1152 1642 1327 1680 Bacchas
1366 1647 1501 1678 metuo
1539 1645 1576 1676 et

1216 1706 1432 1745 bacchanal
1452 1712 1573 1742 tuom.

247 1783 318 1820 BA.
350 1781 448 1832 quid
471 1782 560 1819 est?
597 1779 694 1830 quid
721 1777 893 1817 metuis?
930 1789 981 1814 ne
1005 1774 1077 1813 tibi
1103 1775 1228 1811 lectus
1253 1770 1442 1809 malitiam
1471 1769 1578 1818 apud
1600 1783 1638 1804 20

1305 1850 1368 1874 me
1388 1835 1578 1873 suadeat?

186 1926 226 1963 55
248 1915 307 1952 P1.
324 1912 446 1962 magis
459 1912 767 1950 inlectumtuom
779 1909 1204 1960 quamlectummctuo.
1228 1904 1379 1941 malatu
1393 1914 1433 1939 es
1442 1899 1574 1939 bestia.

248 1992 341 2017 narn
360 1977 453 2016 huic
472 1976 591 2016 aetati
610 1989 692 2015 non
713 1974 912 2020 conducit,
935 1972 1084 2019 mulier,
1108 1969 1326 2009 latebrosus
1346 1969 1466 2005 locus.

249 2045 320 2082 BA.
352 2050 519 2094 egomet,
534 2043 642 2092 apud
658 2054 722 2079 me
738 2040 769 2079 si
785 2039 882 2090 quid
898 2040 1015 2077 stulte
1030 2039 1157 2076 facere
1171 2033 1316 2084 cupias,
1331 2031 1573 2082 prohibeam.

249 2109 320 2147 sed
335 2121 408 2159 ego
423 2108 530 2158 apud
543 2120 607 2145 me
622 2114 660 2145 te
676 2119 761 2144 esse
774 2105 828 2143 ob
843 2117 930 2143 earn
943 2116 1036 2149 rem,
1052 2101 1163 2140 miles
1177 2113 1299 2150 quom
1313 2097 1454 2143 ueniat,
1470 2097 1574 2142 uolo,

249 2173 352 2224 quia,
383 2186 506 2224 quom
537 2179 579 2211 tu
609 2170 748 2218 aderis,
779 2169 872 2208 huic
906 2167 1082 2218 mihique
1116 2167 1194 2204 hau
1223 2163 1340 2203 faciet
1368 2162 1576 2212 quisquam
1598 2176 1636 2207 25

1372 2226 1550 2265 iniuriam
1568 2241 1575 2263 :

294 2354 337 2382 40
360 2343 503 2374 concilio
527 2342 595 2373 cod.
729 2351 768 2380 41
796 2340 889 2370 dices
916 2337 981 2368 Leo
1113 2346 1155 2375 43
1179 2336 1286 2366 istoch
1311 2333 1376 2365 cod.
1427 2332 1468 2363 ab
1493 2331 1577 2361 istoc

251 2387 356 2418 milite
372 2387 447 2418 Ital.
525 2396 562 2417 se
574 2385 734 2425 Pylades:
759 2394 819 2414 seu
837 2381 902 2412 cod.
1006 2390 1048 2421 45
1071 2378 1258 2411 reddiderit
1275 2378 1315 2417 (2³
1334 2376 1400 2407 Leo
1415 2388 1422 2407 ι
1445 2375 1576 2406 dederit

250 2429 325 2461 Ital.
414 2439 454 2468 51
479 2432 553 2470 peri
569 2429 647 2460 elisa
658 2427 716 2459 ult.
736 2425 840 2458 vocali
852 2426 1060 2465 suspectume
1083 2431 1190 2462 prope
1208 2420 1338 2452 R2·tschl
1625 2416 1629 2419 “
