1742 2718
692 168 1012 207 PRAEFATIO

188 278 339 316 fabulas
359 278 419 316 vel
439 276 570 328 potius
591 276 809 315 fabularum
832 285 959 327 partes
981 278 1141 326 (Bacch.
1159 280 1300 327 35-80,
1318 282 1445 328 570—6
1452 292 1510 329 50,

190 344 385 392 810-900,
409 343 528 388 Pers.‚
555 343 688 388 Poen.‚
720 342 862 379 Pseud.
896 342 1079 390 730—fin.‚
1105 342 1208 380 Rud.
1238 342 1444 391 init.—790)
1475 344 1512 381 in

189 408 331 459 quibus
345 406 535 445 lectiones
547 405 742 456 deperditi
759 405 907 444 codicis
923 405 1099 444 'l‘urnebi
1114 406 1190 456 (T)
1206 420 1330 456 nuper
1344 416 1513 457 repertae

188 472 229 510 in
249 472 490 510 bibliotheca
511 470 730 509 Bodleiana
750 478 905 520 praesto
927 478 1017 508 sunt
1032 470 1230 520 antiquius
1248 471 1513 509 testimonium

188 535 304 574 huius
325 534 566 574 recensionis
587 534 792 581 habemus,
808 548 900 572 nam
921 548 968 572 ex
988 548 1184 573 consensu
1205 535 1353 573 codicis
1376 537 1514 573 Teum

188 600 326 639 ceteris
360 598 567 639 codicibus
604 598 794 638 lectiones
833 598 954 649 ipsius
987 601 1087 637 illius
1119 599 1389 650 proarchetypi
1423 599 1517 650 (px)

188 666 373 716 indagare
400 678 637 716 possumus;
664 666 773 703 unde
802 664 845 702 fit
874 672 916 702 ut
946 664 1043 714 siglo
1067 666 1109 702 P
1131 666 1209 714 (vel
1241 665 1368 715 ‘c0d.')
1391 665 1429 702 in
1459 665 1517 702 his

188 730 329 769 fabulis
361 744 443 769 non
475 731 597 768 modo
626 728 829 779 archetypi
864 729 988 779 (unde
1017 730 1186 768 BCDE
1199 731 1292 780 WO
1325 738 1363 768 et
1397 743 1518 768 corre-

188 795 339 835 ctiones
359 796 431 847 B³)
452 796 523 834 sed
542 794 661 834 etiam
683 794 954 845 proarchetypi
976 794 1099 846 (unde
1120 794 1237 833 etiam
1259 795 1312 846 T)
1332 796 1518 833 lectiones

188 861 435 900 denotentur.
535 856 538 859 ’

243 926 374 976 Siquis
420 934 554 965 autem
602 925 819 977 pleniorem
867 925 1081 964 lectionum
1125 933 1163 964 et
1209 927 1519 964 coniecturarum

189 992 453 1032 narrationem
482 991 653 1042 requirit,
676 992 728 1030 ad
758 990 924 1030 maiores
954 990 1162 1038 editiones,
1182 990 1262 1028 sive
1289 1004 1375 1028 eam
1402 1003 1520 1040 quam

189 1057 338 1110 paravit
374 1059 457 1097 Leo
489 1058 566 1108 (ap.
597 1057 861 1102 Weidmann.‚
895 1055 1079 1103 Berolini,
1119 1056 1289 1106 1895-6)
1325 1055 1403 1093 sive
1434 1068 1521 1093 eam

189 1138 309 1175 quam
331 1124 468 1171 Goetz,
492 1125 646 1170 Loewe,
670 1123 828 1161 Schoell
858 1120 936 1172 (ap.
963 1122 1177 1168 Teubner.,
1198 1120 1365 1170 Lipsiae,
1394 1122 1520 1158 1881-

194 1190 275 1239 94),
294 1202 336 1227 se
355 1196 569 1227 convertat.
629 1190 721 1226 Hac
742 1187 848 1226 enim
875 1186 915 1224 in
941 1187 1198 1225 adnotatione
1220 1199 1348 1235 neque
1369 1199 1524 1224 scaena-

189 1268 276 1293 rum
298 1252 420 1292 titulis
433 1253 444 1274 ¹
464 1253 652 1303 (quorum
681 1265 777 1291 sane
804 1252 974 1290 maxima
1001 1264 1088 1301 pars
1109 1250 1338 1302 perantiqua
1358 1250 1420 1287 vix
1440 1263 1524 1289 esse

190 1319 340 1371 potest)
361 1332 491 1370 neque
519 1331 777 1369 personarum
804 1318 908 1356 notis
936 1317 1055 1367 (quae
1075 1315 1115 1354 in
1142 1316 1280 1354 codice
1300 1317 1338 1354 A
1361 1329 1524 1354 evanue-

189 1394 289 1432 runt,
315 1384 356 1424 in
377 1383 517 1424 ceteris
538 1396 656 1433 saepe
676 1390 825 1421 temere
845 1389 935 1420 sunt
956 1381 1186 1432 dispositae)
1201 1394 1330 1430 neque
1343 1393 1524 1419 versuum

189 1451 400 1502 lyricorum
424 1448 519 1500 (nisi
548 1449 589 1486 in
610 1447 714 1499 AT)
742 1446 1002 1486 divisionibus
1030 1459 1159 1496 neque
1187 1445 1456 1494 discrepantiis
1481 1445 1525 1483 iis

190 1515 404 1555 levioribus
424 1526 528 1564 quae
549 1514 601 1552 ad
623 1511 941 1562 orthographiam
964 1513 1087 1550 solam
1103 1518 1286 1561 spectant
1296 1510 1355 1561 (ut
1370 1512 1527 1561 oppinor

190 1596 262 1634 pro
281 1582 427 1632 opinor,
450 1579 572 1629 etquis
591 1590 663 1628 pro
683 1579 813 1627 ecquis,
826 1578 1123 1627 plzz'lopolemeus
1142 1589 1214 1626 pro
1232 1576 1526 1626 Philopolemus)

190 1649 324 1687 locum
346 1644 451 1686 dedi.
513 1645 657 1694 Neque
678 1643 880 1681 Plautinas
901 1643 1008 1692 apud
1028 1640 1303 1692 grammaticos
1323 1640 1526 1679 citationes

191 1725 331 1752 omnes
365 1712 539 1760 recipere
573 1707 698 1759 potui,
735 1708 805 1746 sed
844 1707 1122 1745 tantummodo
1154 1720 1220 1746 eas
1250 1719 1351 1756 quae
1379 1704 1527 1755 aliquid

193 1777 285 1817 novi
306 1784 346 1817 et
365 1774 526 1828 pretiosi
546 1775 698 1814 adferre
718 1772 952 1812 videbantur
965 1770 987 1810 ².

236 1926 248 1946 ¹
277 1927 485 1958 Scaenarum
499 1921 689 1953 divisiones
701 1926 735 1951 et
753 1919 840 1950 tituli
857 1929 955 1958 quam
969 1929 1072 1959 saepe
1085 1919 1159 1958 plus
1170 1919 1373 1950 incommodi
1386 1918 1527 1958 legenti-

191 1979 255 2010 bus
274 1979 358 2018 (e.g.
382 1977 472 2007 Men.
488 1974 529 2005 V.
551 1973 599 2014 iii,
619 1973 668 2014 iv)
685 1982 787 2012 quam
806 1970 970 2002 commodi
987 1971 1127 2002 afferant
1143 1971 1300 2010 exposuit
1316 1969 1387 2001 Leo
1400 1969 1525 2011 (Plaut.

193 2030 323 2062 Forsch.
339 2040 377 2068 14
389 2027 453 2068 n.)‚
468 2025 526 2066 qui
543 2025 577 2055 in
594 2024 741 2055 editione
758 2034 817 2054 sua
830 2028 959 2054 textum
979 2032 1040 2062 per
1055 2028 1151 2052 actus
1164 2022 1316 2061 singulos
1333 2023 1527 2052 continuum

193 2081 355 2114 exhibuit.
403 2079 505 2119 Quod
531 2077 670 2118 quidem
696 2077 730 2106 in
750 2076 813 2106 hac
835 2076 987 2107 editione
1010 2074 1158 2105 libenter
1180 2073 1336 2104 fecissem
1360 2074 1423 2104 nisi
1448 2072 1527 2104 mihi

192 2134 256 2165 alia
274 2133 348 2164 libri
367 2133 472 2163 forma
486 2129 697 2171 praescripta
713 2134 814 2159 esset.

239 2186 251 2204 ²
275 2185 471 2217 Cavendum
488 2194 570 2214 sane
585 2187 638 2214 est
658 2192 702 2212 ne
718 2180 907 2212 temerariis
928 2180 1018 2220 apud
1044 2178 1281 2218 grammaticos
1314 2176 1525 2208 citationibus

192 2239 296 2269 nimia
319 2238 405 2269 fides
429 2237 601 2268 tribuatur.
667 2235 891 2266 Nihilominus
907 2234 1037 2270 vellem,
1054 2233 1082 2263 si
1106 2231 1267 2267 licuisset,
1280 2230 1393 2270 plures
1412 2239 1525 2259 earum

194 2300 280 2330 quae
311 2290 410 2321 simul
442 2291 577 2321 codices
607 2295 744 2321 nostros
777 2293 812 2319 et
843 2288 944 2318 huius
972 2286 1133 2318 editionis
1164 2290 1294 2316 textum
1326 2281 1526 2312 confirmant

195 2341 399 2382 admittere3
423 2352 501 2373 nam
520 2352 710 2373 consensus
737 2341 947 2381 grammatici
971 2340 1109 2372 alicuius
1137 2349 1214 2370 cum
1236 2337 1397 2368 alterutra
1413 2343 1525 2364 reeen-

195 2393 293 2424 sione
318 2393 390 2425 sere
408 2398 540 2425 tantum
564 2393 776 2424 auctoritatis
801 2393 903 2424 habet
924 2396 1086 2432 quantum
1105 2400 1293 2422 consensus
1315 2389 1452 2419 duarum
1475 2394 1524 2414 re-

196 2444 396 2477 censionum
415 2445 513 2487 (ΑΡ)
524 2455 633 2484 neque
643 2445 718 2476 sine
730 2444 825 2484 gravi
841 2454 941 2475 causa
953 2443 1126 2476 contemni
1141 2442 1240 2473 debet
1251 2443 1294 2482 (e.
1305 2452 1336 2480 g.
1351 2440 1440 2471 Men.
1451 2437 1521 2477 98).

846 2514 870 2537 V
