1742 2718
711 90 983 128 ASINARIA
1482 87 1510 123 I.
1532 85 1547 121 i

185 211 256 242 tun
277 202 444 241 redimes
466 215 539 247 me,
564 200 594 238 si
616 214 678 238 me
700 201 833 237 hostes
854 197 1160 247 interceperint?
1533 212 1576 242 90

188 270 264 306 DE.
297 267 498 307 redimam.
534 268 589 304 L1.
623 273 706 303 tum
729 272 769 302 tu
791 263 906 313 igitur
925 263 1032 301 aliud
1054 275 1146 300 cura
1168 260 1385 311 quidlubet.

186 349 233 375 eo
254 348 326 385 ego
349 334 399 371 ad
420 334 559 378 forum,
582 330 657 369 nisi
677 330 775 380 quid
795 329 865 367 uis.
898 330 1046 367 fietne?
1104 329 1179 365 DE.
1203 326 1372 364 ambula.

185 406 304 448 atque
324 397 445 436 audin
466 396 614 436 etiarn?
672 397 730 433 L1.
764 394 866 433 ecce.
928 396 1003 432 DE.
1036 392 1067 431 si
1088 391 1184 442 quid
1204 398 1243 429 te
1263 392 1406 437 uolam,

102 478 168 503 110
185 464 252 502 ubi
274 463 377 502 eris?
434 464 492 500 L1.
525 461 799 511 ubiquomque
819 459 987 497 lubitum
1009 458 1080 496 erit
1100 456 1234 495 animo
1255 468 1355 493 meo.

186 530 363 579 profecto
384 540 502 566 nemo
523 534 581 564 est
602 539 720 575 quem
742 525 820 562 iam
841 523 986 562 dehinc
1008 530 1182 560 metuam
1204 520 1300 558 mihi
1536 535 1575 566 95

186 606 234 631 ne
254 592 349 642 quid
370 605 513 630 nocere
532 590 666 641 possit,
689 603 811 639 quom
833 597 874 627 tu
897 587 991 626 mihi
1012 595 1078 626 tua

185 658 360 696 oratione
381 670 541 695 omnem
562 656 739 694 animum
761 653 967 693 ostendisti
990 661 1111 690 tuom.

186 723 281 773 quin
306 730 342 761 te
364 736 523 772 quoque
544 721 673 771 ipsum
695 720 797 758 facio
817 721 894 757 hau
917 718 1058 767 magni,
1082 717 1113 755 si
1133 719 1211 755 hoc
1231 723 1353 766 patro.

103 801 164 836 115
186 802 343 839 pergam
365 802 445 837 quo
466 787 603 837 occepi
623 794 742 836 atque
763 785 817 823 ibi
839 783 1002 822 consilia
1022 782 1209 821 exordiar.

189 856 263 892 DE.
295 853 416 892 audin
437 854 509 890 tu?
537 853 643 902 apud
665 851 928 889 Archibulum
951 862 1023 898 ego
1044 861 1110 886 ero
1130 846 1402 896 argentarium.
1542 859 1602 880 100

187 921 246 957 L1.
279 931 423 968 nempe
443 918 482 955 in
503 919 617 955 foro?
675 918 750 954 DE.
784 915 848 961 ibi,
872 914 903 953 si
925 914 1020 963 quid
1041 926 1140 963 opus
1161 911 1286 950 fuerit.
1342 913 1402 948 L1.
1436 911 1519 947 Me-

1301 988 1519 1013 minero.—

190 1052 265 1089 DE.
298 1063 378 1089 non
400 1063 485 1088 esse
505 1061 639 1087 seruos
661 1047 771 1098 peior
791 1047 868 1084 hoc
889 1044 1098 1095 quisquam
1119 1049 1249 1093 potest

188 1128 262 1153 nec
283 1114 396 1165 magi'
417 1121 599 1152 uorsutus
621 1126 694 1150 nec
715 1125 795 1161 quo
816 1111 866 1149 ab
888 1123 1028 1148 caueas
1048 1107 1211 1158 aegrius.

106 1189 171 1213 120
187 1180 317 1218 eidem
338 1178 501 1226 ho’mini,
524 1178 556 1216 si
576 1177 672 1228 quid
689 1185 794 1214 recte
814 1183 991 1214 curatum
1014 1172 1122 1220 uelis,

188 1246 377 1283 mandes:
407 1243 538 1282 moriri
558 1256 643 1281 sese
665 1242 805 1280 misere
826 1241 999 1278 mauolet
1542 1247 1602 1281 105

189 1323 308 1359 quam
329 1322 409 1347 non
430 1310 646 1359 perfectum
668 1308 806 1346 reddat
828 1307 936 1356 quod
957 1303 1188 1355 promiserit.

190 1387 282 1412 nam
303 1387 375 1424 ego
396 1373 487 1412 illuc
507 1380 712 1423 argentum
734 1380 814 1410 tarn
836 1378 1014 1421 paratum
1035 1369 1115 1407 filio

191 1439 273 1478 scio
293 1452 378 1477 esse
398 1452 517 1489 quarn
539 1452 602 1476 me
622 1439 729 1476 hunc
750 1436 969 1486 scipionem
990 1434 1136 1473 contui.

106 1518 168 1554 125
190 1505 261 1543 sed
281 1503 377 1554 quid
398 1517 471 1553 ego
491 1516 603 1541 cesso
624 1503 677 1541 ire
698 1504 749 1541 ad
770 1503 897 1539 forum
919 1514 999 1550 quo
1020 1499 1274 1549 inceperam?
1304 1520 1312 1524 -

189 1568 291 1622 (ibo)
309 1576 428 1619 atque
448 1567 503 1607 ibi
523 1568 695 1606 manebo
715 1568 823 1617 apud
844 1565 1173 1616 argentarium.-—
1544 1574 1605 1596 110

671 1676 1039 1711 ARGYRIPPVS
1541 1667 1572 1704 ii

191 1770 295 1806 ARG.
328 1767 458 1806 Sicine
478 1768 555 1805 hoc
576 1768 647 1805 fit?
678 1768 780 1805 foras
801 1765 967 1804 aedibus
989 1777 1052 1802 me
1072 1763 1176 1802 eici?

190 1832 428 1883 promerenti
449 1840 612 1882 optume
633 1831 778 1870 hoccin
800 1830 900 1881 preti
921 1829 1126 1868 redditur?

190 1899 292 1936 bene
313 1898 478 1936 merenti
498 1899 600 1936 mala
621 1912 673 1945 es,
699 1900 800 1937 male
822 1896 987 1936 merenti
1008 1895 1113 1933 bona
1134 1907 1175 1932 es
1191 1908 1200 1940 ;

106 1976 171 2011 130
189 1971 228 2002 at
249 1965 353 2001 malo
373 1977 464 2001 cum
485 1971 565 2011 tuo,
588 1978 680 2002 nam
702 1965 780 2003 iam
802 1978 848 2002 ex
869 1965 945 2002 hoc
966 1964 1055 2000 loco

190 2028 257 2067 ibo
277 2042 350 2078 ego
370 2030 421 2067 ad
441 2029 615 2069 trisuiros
637 2037 848 2079 nostraque
870 2029 923 2067 ibi
945 2027 1108 2067 nomina
1540 2034 1558 2066 5

191 2095 278 2132 faxo
298 2101 423 2141 erunt,
445 2095 574 2144 capiti'
595 2102 633 2133 te
654 2096 816 2145 perdam
839 2107 911 2143 ego
932 2101 970 2132 et
991 2092 1121 2138 filiam,

236 2200 298 2229 108
321 2209 362 2229 eo
382 2209 448 2238 ego
465 2199 530 2230 cod.
552 2198 644 2238 (recte
660 2198 707 2237 Β)
801 2198 831 2228 ei
850 2198 892 2238 (i)
913 2198 999 2228 bene
1021 2197 1156 2228 ambula
1172 2195 1346 2226 Fleckeisen
1461 2204 1517 2224 121

191 2243 339 2273 mauolet
355 2253 430 2273 cum
441 2242 542 2283 gloss.
560 2242 667 2281 magis
684 2241 776 2272 uolet
793 2240 858 2271 cod.
985 2251 1046 2279 123
1071 2240 1151 2270 illud
1169 2240 1234 2271 cod.
1352 2248 1411 2277 125
1435 2236 1518 2276 quo]

191 2287 282 2325 quod
293 2285 360 2318 cod.
506 2287 566 2316 126
590 2285 644 2316 ibo
661 2297 689 2316 a.
710 2285 754 2315 ibi
774 2284 1000 2316 Camerarius:
1027 2295 1056 2315 a.
1078 2284 1122 2314 ibi
1142 2283 1209 2314 cod.
1231 2283 1311 2323 (pro
1327 2282 1372 2312 ibi
1389 2292 1419 2312 a.
1436 2281 1478 2310 ibi
1493 2280 1519 2317 2)

195 2339 256 2378 330
280 2340 357 2413 1nam
374 2329 455 2402 ἰῗηι]
474 2329 631 2360 nunciam
648 2327 797 2368 Pylades,
818 2329 870 2358 cui
883 2338 938 2359 nec
957 2327 1120 2368 spondeus
1139 2332 1201 2367 pro
1218 2327 1324 2357 cretico
1342 2336 1396 2356 nec
1411 2325 1522 2355 hiatus

194 2382 258 2402 lam
306 2383 348 2402 ex
361 2378 386 2413 p
400 2376 465 2403 acet
