1814 2723
242 59 296 97 ΙΙ.
319 59 349 95 ii
740 61 787 98 T.
820 59 1002 98 MACCI
1034 59 1237 96 PLAVTI

263 186 305 217 35
327 171 404 207 DE.
437 170 468 207 si
489 183 633 208 canum
655 182 724 208 seu
744 169 846 207 istuc
867 168 1064 207 rutilumst
1085 168 1168 207 siue
1188 174 1364 214 mrumst,
1387 179 1490 205 amo.

325 236 396 272 LY.
427 234 605 273 ludificas
627 248 732 272 nunc
754 242 794 271 tu
817 248 881 271 me
901 233 1001 280 heic,
1024 233 1176 283 opinor,
1201 232 1414 282 Demipho.

324 302 399 337 DE.
433 300 573 338 decide
594 301 740 338 collum
762 298 880 337 stanti
900 298 931 337 si
952 300 1093 336 salsum
1114 299 1281 348 loquor3

321 366 395 411 uel,
419 372 461 403 ut
482 365 580 403 scias
602 379 665 403 me
685 378 827 412 amare,
849 378 947 414 cape
967 365 1146 410 cultrum,
1172 361 1250 416 [ac]
1273 377 1362 401 seca

321 429 488 479 digitum
509 432 573 468 uel
593 443 727 468 aurern
749 431 813 467 uel
834 437 876 467 tu
897 442 1057 467 nassum
1076 429 1142 467 uel
1162 428 1315 466 labrum
1334 442 1341 466 z
1673 440 1743 476 310

261 510 304 542 40
322 494 377 532 sei
399 508 563 533 mouero
584 508 648 532 me
669 508 737 532 seu
759 494 881 532 secari
902 507 1073 541 sensero,

322 560 568 610 Lysimache‚
591 567 728 597 auctor
748 573 835 597 sum
857 567 898 597 ut
920 560 1011 597 med
1031 557 1403 597 amando—enices.

322 626 391 662 Lv.
425 625 455 662 si
477 638 667 674 umquam
689 624 843 662 uidistis
864 624 1014 674 pictum
1034 630 1263 669 amatorem,
1287 636 1351 661 em
1373 621 1451 659 illic
1472 628 1540 659 est.

321 703 413 727 nam
435 703 525 728 meo
545 689 708 739 quidem
729 689 863 727 animo
884 690 1052 735 uetulus,
1075 687 1298 737 decrepitus
1319 699 1439 724 senex

321 754 551 793 tantidemst
571 755 684 804 quasi
704 754 753 792 sit
774 753 928 804 signum
951 753 1100 803 pictum
1121 752 1160 789 in
1181 752 1337 802 pariete.
1673 762 1738 800 315

259 834 300 865 45
322 821 398 857 DE.
430 833 536 858 nunc
557 827 599 857 tu
620 833 695 866 me,
718 820 849 865 credo,
873 818 1060 868 castigare
1081 816 1239 866 cogitas.

320 886 390 922 Lv.
424 898 524 934 egon
545 886 613 923 te?
671 886 746 922 DE.
780 883 877 921 nihil
899 891 957 921 est
978 883 1054 921 iam
1075 883 1185 931 quod
1205 889 1247 920 tu
1268 881 1365 919 mihi
1386 893 1638 920 suscenseas:

318 951 444 988 fecere
465 952 541 988 tale
561 957 652 987 ante
673 948 762 987 aliei
784 948 971 999 spectatei
993 948 1099 986 uirei.

318 1017 537 1053 humanum
559 1022 739 1062 amarest‚
763 1015 983 1052 humanum
1005 1022 1137 1052 autem
1159 1014 1362 1064 ignoscere
1383 1020 1441 1051 est
1460 1028 1467 1051 :

317 1079 573 1133 (humanum)
630 1095 648 1115 a<
709 1095 727 1116 *
787 1095 805 1115 21<
863 1087 983 1130 atque
1003 1080 1043 1118 id
1064 1082 1103 1118 ui
1124 1079 1292 1129 optingit
1315 1080 1446 1117 deum.
1671 1089 1743 1123 320

259 1160 301 1191 50
320 1161 369 1185 ne
391 1147 441 1185 sis
463 1161 525 1185 me
546 1147 719 1196 obiurga,
743 1148 820 1184 hoc
840 1160 921 1184 non
944 1147 1126 1184 uoluntas
1147 1159 1210 1183 me
1231 1144 1395 1194 impulit.

320 1213 389 1250 LV.
423 1211 518 1262 quin
539 1225 621 1250 non
642 1211 818 1261 obiurgo.
880 1212 956 1248 DE.
989 1218 1027 1248 at
1049 1224 1098 1248 ne
1119 1209 1352 1248 deteriorem
1373 1216 1507 1246 tamen

317 1278 394 1315 hoc
415 1279 518 1315 facto
539 1278 671 1315 ducas.
734 1279 804 1314 Lv.
836 1289 937 1326 egon
959 1283 997 1314 te
1012 1278 1029 1313 ?
1057 1277 1119 1323 ah,
1143 1289 1193 1313 ne
1213 1274 1253 1313 di
1275 1273 1435 1312 siuerint
1454 1277 1461 1312 1

318 1344 393 1380 DE.
426 1342 518 1381 uide
557 1342 608 1380 sis
648 1343 770 1380 modo
808 1341 937 1379 etiam.
1016 1343 1085 1379 Lv.
1127 1340 1304 1378 uisumst.
1377 1340 1452 1376 DE.
1484 1340 1651 1376 certen?

1328 1405 1397 1441 ΙΝ.
1430 1403 1551 1453 perdi'
1572 1416 1645 1441 me.

317 1473 381 1511 hic
402 1474 524 1511 homo
544 1486 591 1511 ex
610 1485 744 1510 amore
764 1471 920 1510 insanit.
979 1470 1175 1520 numquid
1196 1469 1286 1508 uis?
1345 1470 1420 1506 DE.
1453 1469 1551 1506 uale.
1669 1478 1735 1514 325

255 1559 294 1591 55
318 1540 387 1577 Lv.
419 1540 471 1577 ad
490 1546 648 1588 portum
668 1550 848 1588 propero,
870 1550 962 1575 narn
984 1536 1038 1574 ibi
1059 1536 1155 1574 mihi
1176 1535 1377 1585 negotium
1399 1541 1466 1572 est.

318 1607 393 1643 DE.
427 1605 529 1643 bene
549 1603 763 1642 ambulato.
824 1605 893 1641 Lv.
926 1604 1029 1641 bene
1050 1604 1285 1641 nale—DE.
1320 1601 1420 1639 bene
1441 1600 1489 1638 sit
1509 1599 1591 1638 tibi.

316 1669 412 1720 quin
434 1669 530 1707 mihi
550 1682 711 1719 quoque
732 1668 888 1707 etiamst
907 1669 958 1706 ad
980 1675 1136 1718 portum
1161 1666 1374 1716 negotium.

315 1747 422 1772 nunc
441 1736 544 1772 adeo
564 1733 631 1772 ibo
651 1733 754 1771 illuc.
814 1734 884 1772 sed
905 1741 1068 1783 optume
1087 1740 1250 1783 gnatum
1272 1745 1403 1769 meum

315 1799 434 1839 uideo
472 1812 622 1837 eccum.
682 1798 861 1848 opperiar
900 1797 1115 1836 hominem.
1174 1798 1251 1835 hoc
1290 1809 1396 1834 nunc
1430 1795 1526 1834 mihi
1560 1794 1647 1833 uiso
1668 1805 1736 1840 330

1517 1867 1644 1911 opust,

359 1972 424 2010 306
447 1969 588 2010 displicet
613 1973 674 2000 seu
699 1970 783 2000 istuc
877 1969 960 2009 sort.
985 1972 1079 1999 seust
1095 1968 1158 1999 hoc
1175 1967 1310 1998 rutilum
1327 1966 1417 2007 (-um
1432 1966 1477 2005 P)
1582 1975 1645 2004 307

315 2016 365 2046 vel
377 2014 479 2054 opino
569 2014 634 2052 308
650 2014 680 2044 d.
697 2024 723 2044 c.
739 2014 766 2043 si
778 2013 899 2043 salsum
914 2013 992 2043 stati
1002 2013 1122 2051 loquar
1136 2011 1170 2042 P
1255 2021 1321 2050 309
1337 2021 1374 2041 ac
1386 2020 1451 2040 om.
1464 2009 1498 2040 P
1582 2019 1646 2047 312

304 2059 385 2098 fort.
401 2056 448 2088 uti
467 2067 519 2087 me
537 2068 564 2088 a.
660 2067 723 2096 314
741 2056 892 2096 uetulus]
910 2057 1011 2095 plane
1024 2056 1057 2085 A
1079 2057 1100 2095 (‘
1113 2054 1202 2095 quod
1216 2054 1263 2085 ad
1275 2054 1473 2084 tantidemst
1486 2051 1643 2092 pertinet'

315 2101 397 2142 Leo)
544 2111 617 2140 319,
650 2111 713 2139 320
738 2101 920 2130 humanum
947 2103 1093 2129 amarest
1119 2100 1302 2128 humanum
1329 2102 1440 2127 autem
1470 2097 1645 2134 ignoscere

315 2151 365 2176 est
381 2145 414 2176 P
429 2156 436 2176 :
460 2146 642 2175 humanum
660 2148 806 2174 amare-st
823 2148 925 2183 atque
942 2143 1039 2183 (Zpro
1055 2142 1161 2181 atqui)
1190 2142 1223 2172 id
1241 2140 1295 2171 uel
1313 2141 1396 2181 (pro
1413 2140 1483 2179 uei)
1501 2138 1645 2189 optingit

316 2203 415 2232 deum
439 2201 472 2230 A
500 2204 615 2230 utrum
642 2198 856 2239 discrepantia
882 2197 1021 2228 lectionis
1045 2196 1183 2236 antiqua
1203 2195 1246 2225 sit
1268 2196 1319 2236 (ut
1342 2195 1376 2225 in
1399 2204 1474 2234 251,
1497 2193 1644 2233 269-71)

259 2247 268 2256 ⁸
315 2256 361 2275 an
386 2256 424 2275 ex
447 2244 621 2274 omissione
647 2245 718 2272 orta
745 2242 809 2281 (iii.
842 2252 890 2277 11,
915 2251 945 2280 p.
964 2242 1020 2279 515
1038 2241 1195 2271 incertum
1350 2248 1478 2277 322—57
1504 2237 1587 2268 deest
1610 2235 1643 2265 A

316 2299 379 2327 322
401 2289 458 2327 qui
475 2287 539 2318 cod.
653 2295 717 2324 323
742 2295 853 2325 egone
869 2283 1197 2316 atheneldesiuerint
1213 2280 1278 2313 cod.
1298 2293 1305 2312 :
1332 2293 1413 2312 corr.
1436 2280 1647 2311 Camerarius

318 2333 352 2372 (i.
373 2333 407 2365 65
541 2340 604 2369 327
630 2329 745 2359 ualeto
763 2331 827 2369 (-te
843 2328 889 2368 Β)
907 2327 971 2359 cod.
1106 2337 1172 2366 330
1195 2326 1301 2356 uisost
1316 2335 1402 2364 opus
1419 2324 1483 2355 cod.
1502 2322 1603 2364 <illud
1615 2326 1646 2353 st

316 2374 501 2415 saepissime
516 2372 750 2413 transpositum
767 2375 813 2402 est
827 2372 860 2402 in
877 2370 977 2402 codice
991 2370 1025 2401 P
1030 2391 1036 2406 ,v
