1742 2718
738 48 997 86 EPIDICVS
1498 48 1526 84 1.
1548 48 1578 84 ss

123 171 184 208 115
207 159 314 209 quod
336 157 512 197 danistae
533 159 656 203 detur,
681 158 787 195 unde
808 171 881 207 ego
903 156 998 195 illud
1020 157 1168 208 sumpsi
1190 159 1357 197 faenore.

207 225 285 263 CH.
318 223 347 261 si
370 225 500 261 hercle
521 223 706 261 haberem
729 220 978 273 (pollicerer).
1038 224 1101 259 ST.
1134 236 1224 260 nam
1247 222 1342 272 quid
1365 229 1401 261 te
1423 222 1536 271 igitur

1409 286 1537 324 retulit

209 355 431 393 beneficum
452 366 536 391 esse
557 352 745 398 oratione,
769 351 799 389 si
821 352 870 389 ad
893 365 972 390 rem
998 351 1184 390 auxilium
1207 359 1427 390 emortuom
1450 353 1537 389 est?

208 420 286 457 CH.
318 418 413 468 quin
434 418 576 468 edepol
598 423 754 466 egomet
774 417 946 454 clamore
966 416 1132 462 differor,
1156 416 1372 465 difflagitor.
1558 431 1595 461 15

208 486 270 521 ST.
304 482 436 521 malim
458 481 678 520 istiusmodi
702 480 755 519 mi
774 480 924 519 amicos
944 481 1058 518 forno
1079 493 1268 519 occensos
1290 492 1407 530 quam
1432 480 1525 517 foro.

125 563 189 588 120
206 549 277 587 sed
297 561 455 598 operam
479 546 633 597 Epidici
655 559 761 584 nunc
782 560 845 584 me
866 559 996 584 emere
1016 545 1141 595 pretio
1162 545 1332 595 pretioso
1353 545 1483 583 uelim.

208 626 326 662 quern
347 612 508 662 quidem
530 625 603 660 ego
623 610 827 649 hominem
849 609 1055 660 inrigatum
1078 609 1200 659 plagis
1221 609 1354 659 pistori
1376 610 1491 655 dabo,

208 677 281 716 nisi
301 676 420 715 hodie
441 675 536 726 priu’
557 674 813 725 comparassit
834 674 930 712 mihi
951 673 1208 724 quadraginta
1229 673 1354 712 minas

209 756 326 792 quam
347 740 495 790 argenti
517 742 625 778 fuero
646 741 824 778 elocutus
846 739 881 778 ei
902 746 1141 789 postremam
1163 739 1364 788 syllabam.
1563 757 1601 779 20

211 809 278 845 ΕΡ.
312 808 420 844 salua
439 819 498 844 res
519 812 577 843 est
595 819 601 842 :
633 805 734 842 bene
755 803 958 854 promittit,
981 817 1096 854 spero
1116 803 1287 842 seruabit
1309 805 1440 843 fidem.

123 882 185 919 125
208 871 292 910 sine
314 885 402 910 meo
423 877 581 920 sumptu
602 876 759 919 paratae
780 869 857 907 iam
879 876 969 907 sunt
990 869 1158 919 scapulis
1175 870 1386 918 symbolae.

207 936 412 987 adgrediar
449 934 663 973 hominem.
735 933 1015 972 aduenientem
1064 947 1223 983 peregre
1270 948 1378 973 erum
1427 937 1539 974 suom

1239 999 1540 1050 Stratippoclem

208 1065 379 1116 impertit
395 1066 518 1103 salute
535 1077 669 1103 seruos
687 1062 878 1113 Epidicus
892 1065 909 1100 ?
965 1064 1027 1102 ST.
1052 1063 1121 1101 ubi
1141 1062 1172 1101 is
1193 1065 1281 1102 est?
1325 1066 1394 1102 ΕΡ.
1417 1066 1540 1104 adest.

209 1132 361 1169 saluom
377 1131 455 1168 huc
475 1128 732 1167 aduenisse—
742 1130 804 1167 ST.
838 1135 917 1166 tam
939 1127 1009 1166 tibi
1031 1127 1131 1166 istuc
1151 1129 1271 1166 credo
1291 1133 1410 1178 quar'n
1432 1129 1539 1167 mihi.
1563 1145 1576 1165 2
1584 1141 1602 1174 5

213 1197 282 1233 ΕΡ.
316 1195 470 1233 benene
498 1207 625 1244 usque
654 1192 844 1232 ualuisti?
900 1194 964 1231 ST.
995 1206 1018 1231 a
1039 1193 1179 1231 morbo
1199 1192 1317 1240 ualui,
1338 1193 1389 1232 ab
1408 1194 1542 1234 animo

1341 1272 1455 1309 aeger
1475 1259 1540 1297 fui.

124 1333 189 1367 130
210 1327 279 1364 ΕΡ.
311 1326 421 1375 quod
433 1325 484 1363 ad
498 1337 561 1363 me
576 1322 743 1371 attinuit,
760 1336 834 1373 ego
847 1322 980 1362 curaui
997 1338 1004 1362 :
1025 1324 1134 1373 quod
1148 1323 1343 1363 mandasti
1355 1323 1432 1376 (tu)
1446 1324 1542 1363 mihi

209 1391 460 1441 impetratum
481 1397 549 1429 est.
609 1396 743 1439 empta
762 1388 951 1436 ancillast,
975 1390 1083 1439 quod
1104 1395 1187 1427 tute
1206 1390 1257 1427 ad
1278 1402 1340 1428 me
1360 1389 1506 1428 litteras

210 1455 489 1495 missiculabas.
561 1456 624 1494 ST.
665 1453 871 1506 perdidisti
905 1466 1065 1492 omnem
1098 1467 1269 1504 operam.
1343 1456 1412 1492 ΕΡ.
1449 1468 1541 1493 nam

1271 1519 1339 1569 qui
1359 1519 1542 1570 perdidi?

209 1588 271 1625 ST.
304 1585 396 1636 quia
416 1599 506 1625 meo
526 1598 656 1636 neque
676 1598 764 1623 cara
784 1591 842 1623 est
863 1583 973 1623 cordi
993 1597 1122 1634 neque
1142 1585 1281 1634 placet.
1342 1585 1410 1622 ΕΡ.
1443 1584 1539 1634 quid
1562 1595 1602 1626 30

1410 1649 1539 1689 retulit

209 1715 305 1755 mihi
325 1722 434 1754 tanto
455 1729 572 1766 opere
593 1722 631 1753 te
651 1715 839 1753 mandare
859 1721 897 1753 et
918 1713 1070 1753 mittere
1090 1715 1140 1753 ad
1162 1728 1225 1753 me
1245 1714 1460 1765 epistulas?

125 1788 186 1825 135
209 1783 272 1820 ST.
303 1780 408 1819 illam
424 1781 607 1819 amabam
620 1779 727 1827 olim,
742 1779 940 1818 nunciam
957 1779 1032 1817 alia
1052 1793 1144 1818 cura
1159 1779 1363 1829 impendet
1377 1779 1537 1830 pectori.

256 1893 316 1923 115
352 1884 453 1914 detur
482 1883 588 1914 Pius:
636 1884 735 1914 datur
765 1882 831 1914 cod.
987 1884 1048 1913 116
1081 1883 1263 1922 pollicerer
1292 1883 1369 1914 add.
1404 1884 1540 1916 Mueller

214 1928 274 1958 118
298 1927 477 1966 difflagitor
492 1925 652 1957 Skutsch:
677 1927 849 1966 diffatigor
864 1925 930 1957 cod.
1072 1936 1133 1963 119
1156 1927 1206 1957 vel
1226 1927 1306 1957 mihi
1409 1938 1537 1960 mersos

209 1970 284 2002 Ital.
302 1982 308 2000 z
341 1980 478 2001 mensos
501 1970 565 2001 cod.
581 1981 586 1999 :
601 1981 763 2002 occensos
784 1970 905 2001 Usener
927 1968 1058 2008 (Rham.
1083 1968 1172 2000 Mus.
1196 1969 1248 2007 56,
1277 1968 1332 2009 13)

209 2024 310 2053 quam
326 2019 359 2044 te
375 2013 446 2045 sore
462 2013 511 2044 Β3
530 2013 566 2053 (i.
590 2013 622 2052 1)
729 2022 790 2043 120
813 2012 857 2042 mi
874 2011 1014 2043 Redslob
1127 2023 1187 2051 124
1212 2014 1312 2044 fidem
1329 2013 1536 2046 Lambinus:

212 2057 300 2088 idem
323 2056 386 2088 cod.
415 2058 493 2098 (pro
516 2057 627 2087 eidem
638 2056 665 2096 2)
692 2055 736 2094 (E
758 2060 819 2095 pro
843 2055 883 2094 F)
1036 2057 1098 2085 126
1130 2066 1226 2086 suom
1252 2068 1317 2089 om.
1344 2057 1433 2098 Ital„
1451 2059 1533 2098 sort.

211 2103 287 2131 recte
363 2110 422 2139 127
447 2100 595 2140 impertit
607 2099 665 2130 sal.
685 2098 804 2131 lVeise:
822 2097 949 2139 [salua]
964 2098 1115 2138 impertit
1127 2100 1187 2130 sal.
1201 2099 1266 2132 cod.
1282 2101 1338 2140 (iv.
1355 2100 1391 2141 3)
1476 2103 1535 2132 128

212 2144 276 2174 huc
289 2142 427 2184 Seyffert
443 2155 450 2175 ε
473 2149 507 2174 te
524 2143 655 2183 gaudeo
672 2142 737 2172 huc
753 2141 819 2172 cod.
840 2142 899 2181 (iv.
924 2142 957 2182 1)
1085 2151 1147 2180 130
1170 2143 1219 2173 vel
1233 2145 1311 2175 med
1401 2145 1536 2176 manda·

212 2187 289 2218 uisti
301 2185 431 2227 Bentley
483 2191 517 2217 tu
532 2186 609 2218 add.
624 2184 762 2216 Mueller
849 2194 907 2225 131
933 2188 1079 2224 emptast
1091 2195 1120 2215 a.
1135 2185 1199 2217 cod.
