1742 2718
638 57 1011 97 CISTELLARIA

165 177 355 210 mercator
374 168 481 208 uenit
502 169 578 206 huc
598 169 649 206 ad
670 168 784 205 ludos
806 165 1005 212 Lemnius,

164 236 276 286 isque
296 235 359 274 hic
380 232 609 284 compressit
629 231 830 282 uirginem,
852 229 1183 275 adulescentulus,

164 299 249 352 (ui),
272 300 510 346 uinulentus‚
531 299 654 335 multa
674 304 802 343 nocte,
829 294 833 346 Ι
861 295 901 332 in
921 294 995 332 uia.

82 372 148 407 160
166 366 198 404 is
219 365 286 404 ubi
306 366 448 403 malam
469 377 549 402 rem
571 362 642 401 scit
663 376 703 400 se
724 360 922 406 meruisse,
945 360 1036 398 ilico

167 430 334 481 pedibus
355 428 572 480 perfugium
594 427 754 478 peperit,
777 426 817 464 in
839 427 1036 463 Lemnum
1056 423 1217 474 aufugit,

167 495 234 533 ubi
255 494 456 532 habitabat
477 500 571 531 tum.
631 493 696 530 illa
715 504 834 541 quam
855 496 1140 540 compresserat

167 562 337 599 decumo
357 566 444 609 post
466 571 602 596 mense
622 564 760 596 exacto
781 556 845 594 hic
865 554 1017 606 peperit
1037 553 1167 592 filiam.

169 624 355 675 quoniam
376 637 485 661 reum
506 622 602 661 eiius
623 621 714 660 facti
734 620 859 660 nescit
879 620 946 670 qui
967 619 1050 666 siet,

86 697 147 740 165
169 696 373 740 paternum
395 701 550 726 seruom
572 687 629 725 sui
650 685 855 737 participat
875 684 1025 730 consili,

169 756 236 793 dat
256 768 343 793 eam
363 755 533 804 puellam
554 752 589 791 ei
609 765 723 790 seruo
743 751 1019 801 exponendam
1039 750 1090 788 ad
1110 762 1260 787 necem.

170 819 200 858 is
220 832 307 858 eam
327 817 499 868 proiecit.
559 814 657 855 haec
677 817 849 867 puellam
871 814 1036 853 sustulit.

170 884 219 923 ill'
240 884 341 923 clam
363 882 587 933 opseruauit
609 895 742 920 seruos
762 879 848 933 <qui
868 894 955 919 eam
977 877 1211 930 proiecerat>

171 963 251 1000 quo
270 957 336 987 aut
357 962 453 999 quas
474 948 514 986 in
534 947 642 986 aedis
663 948 760 985 haec
780 947 952 996 puellam
974 945 1133 984 deferat.

88 1027 153 1060 170
171 1022 214 1053 ut
233 1027 392 1064 eampse
411 1027 483 1052 uos
503 1012 667 1051 audistis
688 1010 923 1058 confiterier,

171 1081 238 1119 dat
258 1093 344 1118 eam
364 1080 535 1129 puellam
558 1076 749 1116 meretrici
771 1068 999 1122 Melaenidi,

172 1158 296 1195 eaque
316 1143 502 1182 educauit
521 1156 608 1181 eam
630 1141 703 1180 sibi
723 1155 794 1192 pro
815 1140 893 1179 filia

173 1211 274 1249 bene
293 1223 340 1248 ac
360 1208 513 1259 pudice.
572 1214 656 1245 tum
676 1206 755 1245 illic
774 1214 906 1244 autern
928 1204 1118 1244 Lemnius

174 1274 435 1326 propinquam
455 1286 616 1311 uxorem
637 1271 760 1319 duxit,
780 1278 988 1321 cognatam
1009 1283 1130 1309 suam.

92 1350 154 1388 175
176 1354 222 1379 ea
241 1340 346 1387 diem
367 1352 480 1377 suom
501 1337 609 1384 obiit,
632 1338 735 1375 facta
755 1335 946 1386 morigera
965 1342 1024 1374 est
1043 1334 1139 1373 uiro.

176 1402 419 1457 post<quam>
438 1403 502 1442 ille
523 1402 632 1441 uxori
653 1401 756 1440 iusta
774 1400 877 1448 fecit,
900 1400 991 1439 ilico

175 1472 253 1509 huc
273 1468 568 1519 commigrauit3
598 1467 709 1506 duxit
728 1479 889 1506 uxorem
910 1465 974 1504 hic
994 1464 1069 1503 sibi

176 1536 344 1575 eandem
365 1548 483 1585 quam
505 1533 599 1572 olim
620 1531 811 1583 uirginem
832 1530 896 1569 hic
914 1536 1211 1580 compresserat,

178 1608 217 1640 et
236 1615 323 1640 eam
340 1598 543 1650 cognoscit
563 1612 648 1637 esse
668 1611 787 1648 quam
808 1602 1093 1646 compresserat
1108 1610 1118 1643 3

95 1669 162 1703 180
179 1666 244 1705 illa
263 1666 317 1704 illi
337 1665 432 1704 dicit
451 1664 549 1703 eiius
569 1677 610 1702 se
630 1676 677 1702 ex
696 1662 836 1701 iniuria

178 1731 375 1783 peperisse
395 1737 552 1780 gnatam
579 1727 584 1780 Ι
609 1736 728 1779 atque
748 1741 835 1766 eam
856 1741 897 1765 se
918 1739 1032 1765 seruo
1051 1725 1143 1765 ilico

179 1796 335 1836 dedisse
355 1795 643 1846 exponendam.
700 1793 764 1831 ille
785 1792 983 1842 extemplo
1003 1791 1201 1829 seruolum

180 1862 288 1901 iubet
307 1861 417 1899 illum
437 1861 609 1899 eundem
630 1857 822 1910 persequi,
846 1857 878 1895 si
898 1870 976 1907 qua
996 1862 1113 1905 queat

181 1926 346 1978 reperire
366 1939 466 1976 quae
486 1924 693 1964 sustulerit.
753 1923 788 1962 ei
808 1922 863 1961 rei
883 1935 990 1960 nunc
1010 1934 1120 1959 suam

99 1988 160 2042 185
182 2004 341 2042 operam
361 2003 486 2040 usque
506 1989 674 2028 adsiduo
695 2001 829 2027 seruos
849 1988 931 2034 dat,
952 1985 983 2024 si
1003 1984 1151 2035 possiet

230 2105 290 2134 159
313 2093 348 2125 ui
362 2094 438 2125 add.
459 2094 587 2125 Parcus
685 2103 729 2123 m.
747 2091 835 2133 (de)
850 2103 882 2123 n.
903 2090 1025 2122 Pradel
1039 2089 1197 2130 depraep.
1218 2100 1249 2129 p.
1269 2099 1329 2129 531

1461 53 1488 90 Ι.
1515 53 1561 89 iii

1520 244 1558 266 10

1522 567 1556 600 15

1520 889 1561 910 20

1523 1215 1562 1247 25

1527 1536 1568 1568 30

1530 1864 1570 1897 35

1413 2088 1511 2131 (hie)

183 2140 218 2170 in
234 2132 372 2169 Reiislob
538 2138 596 2168 162
622 2142 691 2168 tum
716 2136 889 2166 habitabat
910 2134 1051 2173 Guietus,
1081 2133 1133 2163 cui
1162 2133 1336 2164 habitabat
1359 2132 1505 2173 displicet.

185 2182 305 2214 Gellius
320 2190 349 2219 3.
371 2183 419 2217 16,
440 2192 459 2212 2
475 2181 570 2212 verba
586 2180 692 2219 adfert
706 2189 727 2209 a
741 2183 812 2210 tum
829 2178 885 2208 illa
901 2177 1061 2218 mcipiens,
1077 2175 1164 2207 unde
1173 2177 1229 2207 ubi
1246 2181 1316 2206 tum
1328 2176 1509 2207 habitabat.

184 2230 254 2256 tum
271 2225 327 2255 illa
343 2225 469 2255 Schoell
561 2225 621 2254 168
636 2234 668 2262 q.
685 2234 714 2254 e.
735 2233 768 2262 p.
785 2221 941 2262 supplevit
960 2221 1171 2252 Camerarius
1187 2220 1250 2260 (iii.
1281 2223 1331 2258 11)

1451 2220 1511 2258 176

184 2279 284 2309 quarn
301 2268 375 2299 add.
394 2267 468 2299 Ital.
544 2278 605 2306 179
629 2267 680 2306 et]
699 2270 735 2296 ut
754 2264 856 2296 W'eise
926 2265 982 2294 181
1011 2274 1066 2302 gn.
1085 2273 1226 2302 eamque
1242 2262 1384 2303 Pylades
1425 2263 1507 2303 fort.

184 2311 319 2343 seruolo
337 2312 381 2352 (v.
401 2312 436 2353 8)
553 2311 614 2350 183
637 2310 784 2341 eundem
801 2309 894 2340 illum
909 2306 1104 2339 Niemoeller
1118 2306 1156 2338 de
1166 2311 1264 2348 pron.
1288 2305 1388 2348 (τῷδε’
1405 2316 1437 2345 p.
1458 2315 1499 2344 43

230 2375 348 2397 PLAVT.
369 2375 380 2396 1
