<?xml version="1.0" encoding="UTF-8"?>
<!DOCTYPE html PUBLIC "-//W3C//DTD XHTML 1.0 Transitional//EN"
    "http://www.w3.org/TR/xhtml1/DTD/xhtml1-transitional.dtd">
<html xmlns="http://www.w3.org/1999/xhtml" xml:lang="en" lang="en">
 <head>
  <title>
</title>
<meta http-equiv="Content-Type" content="text/html;charset=utf-8" />
  <meta name='ocr-system' content='tesseract 3.04.00' />
  <meta name='ocr-capabilities' content='ocr_page ocr_carea ocr_par ocr_line ocrx_word'/>
</head>
<body>
  <div class='ocr_page' id='page_1' title='image "./tmacciplauticomo01plauuoft_0126.png"; bbox 0 0 1814 2723; ppageno 0'>
   <div class='ocr_carea' id='block_1_1' title="bbox 228 116 1192 156">
    <p class='ocr_par' dir='ltr' id='par_1_1' title="bbox 228 116 1192 156">
     <span class='ocr_line' id='line_1_1' title="bbox 228 116 1192 156; baseline 0 -2"><span class='ocrx_word' id='word_1_1' title='bbox 228 118 245 154; x_wconf 94' lang='lat' dir='ltr'>I</span> <span class='ocrx_word' id='word_1_2' title='bbox 278 118 292 154; x_wconf 92' lang='lat' dir='ltr'><strong>i</strong></span> <span class='ocrx_word' id='word_1_3' title='bbox 695 117 741 155; x_wconf 88' lang='lat' dir='ltr'><strong>T.</strong></span> <span class='ocrx_word' id='word_1_4' title='bbox 776 116 956 156; x_wconf 91' lang='lat' dir='ltr'>MACCI</span> <span class='ocrx_word' id='word_1_5' title='bbox 988 116 1192 154; x_wconf 91' lang='lat' dir='ltr'><strong>PLAVTI</strong></span> 
     </span>
    </p>
   </div>
   <div class='ocr_carea' id='block_1_2' title="bbox 220 223 1390 1513">
    <p class='ocr_par' dir='ltr' id='par_1_2' title="bbox 221 223 1354 537">
     <span class='ocr_line' id='line_1_2' title="bbox 221 223 1281 275; baseline -0.004 -9"><span class='ocrx_word' id='word_1_6' title='bbox 221 244 259 266; x_wconf 85' lang='lat'><strong>10</strong></span> <span class='ocrx_word' id='word_1_7' title='bbox 278 227 546 267; x_wconf 81' lang='lat' dir='ltr'><strong>testudineum</strong></span> <span class='ocrx_word' id='word_1_8' title='bbox 567 226 686 266; x_wconf 82' lang='lat' dir='ltr'><strong>istum</strong></span> <span class='ocrx_word' id='word_1_9' title='bbox 708 224 779 264; x_wconf 89' lang='lat' dir='ltr'><strong>tibi</strong></span> <span class='ocrx_word' id='word_1_10' title='bbox 799 238 873 275; x_wconf 88' lang='lat' dir='ltr'><strong>ego</strong></span> <span class='ocrx_word' id='word_1_11' title='bbox 893 223 1085 274; x_wconf 86' lang='lat' dir='ltr'>grandibo</span> <span class='ocrx_word' id='word_1_12' title='bbox 1105 225 1281 274; x_wconf 84' lang='lat' dir='ltr'><strong>gradum.</strong></span> 
     </span>
     <span class='ocr_line' id='line_1_3' title="bbox 278 289 1271 340; baseline -0.004 -8"><span class='ocrx_word' id='word_1_13' title='bbox 278 295 368 333; x_wconf 84' lang='lat' dir='ltr'>STA.</span> <span class='ocrx_word' id='word_1_14' title='bbox 402 292 552 331; x_wconf 89' lang='lat' dir='ltr'><strong>utinam</strong></span> <span class='ocrx_word' id='word_1_15' title='bbox 574 306 637 330; x_wconf 92' lang='lat' dir='ltr'><strong>me</strong></span> <span class='ocrx_word' id='word_1_16' title='bbox 659 290 740 330; x_wconf 90' lang='lat' dir='ltr'><strong>diui</strong></span> <span class='ocrx_word' id='word_1_17' title='bbox 760 289 921 329; x_wconf 82' lang='lat' dir='ltr'>adaxint</span> <span class='ocrx_word' id='word_1_18' title='bbox 941 291 992 329; x_wconf 88' lang='lat' dir='ltr'><strong>ad</strong></span> <span class='ocrx_word' id='word_1_19' title='bbox 1013 289 1271 340; x_wconf 84' lang='lat' dir='ltr'>suspendium</span> 
     </span>
     <span class='ocr_line' id='line_1_4' title="bbox 277 354 1354 409; baseline -0.004 -12"><span class='ocrx_word' id='word_1_20' title='bbox 277 358 409 409; x_wconf 89' lang='lat' dir='ltr'><strong>potius</strong></span> <span class='ocrx_word' id='word_1_21' title='bbox 430 357 591 408; x_wconf 88' lang='lat' dir='ltr'><strong>quidem</strong></span> <span class='ocrx_word' id='word_1_22' title='bbox 614 370 732 406; x_wconf 85' lang='lat' dir='ltr'><strong>quam</strong></span> <span class='ocrx_word' id='word_1_23' title='bbox 754 357 831 394; x_wconf 91' lang='lat' dir='ltr'><strong>hoc</strong></span> <span class='ocrx_word' id='word_1_24' title='bbox 852 363 969 406; x_wconf 88' lang='lat' dir='ltr'><strong>pacto</strong></span> <span class='ocrx_word' id='word_1_25' title='bbox 989 356 1095 405; x_wconf 91' lang='lat' dir='ltr'><strong>apud</strong></span> <span class='ocrx_word' id='word_1_26' title='bbox 1116 362 1154 393; x_wconf 92' lang='lat' dir='ltr'><strong>te</strong></span> <span class='ocrx_word' id='word_1_27' title='bbox 1176 354 1354 394; x_wconf 86' lang='lat' dir='ltr'><strong>seruiam.</strong></span> 
     </span>
     <span class='ocr_line' id='line_1_5' title="bbox 280 422 1211 462; baseline -0.004 0"><span class='ocrx_word' id='word_1_28' title='bbox 280 425 376 462; x_wconf 87' lang='lat' dir='ltr'><strong>Evc.</strong></span> <span class='ocrx_word' id='word_1_29' title='bbox 409 431 448 461; x_wconf 87' lang='lat' dir='ltr'><strong>at</strong></span> <span class='ocrx_word' id='word_1_30' title='bbox 468 430 509 461; x_wconf 92' lang='lat' dir='ltr'><strong>ut</strong></span> <span class='ocrx_word' id='word_1_31' title='bbox 530 423 695 460; x_wconf 87' lang='lat' dir='ltr'><strong>scelesta</strong></span> <span class='ocrx_word' id='word_1_32' title='bbox 714 422 798 459; x_wconf 85' lang='lat' dir='ltr'><strong>sola</strong></span> <span class='ocrx_word' id='word_1_33' title='bbox 818 434 952 459; x_wconf 90' lang='lat' dir='ltr'><strong>secum</strong></span> <span class='ocrx_word' id='word_1_34' title='bbox 973 427 1188 459; x_wconf 86' lang='lat' dir='ltr'><strong>murmurat</strong></span> <span class='ocrx_word' id='word_1_35' title='bbox 1205 423 1211 458; x_wconf 68' lang='grc' dir='ltr'>ἕ</span> 
     </span>
     <span class='ocr_line' id='line_1_6' title="bbox 280 484 1310 537; baseline -0.005 -10"><span class='ocrx_word' id='word_1_36' title='bbox 280 490 416 527; x_wconf 91' lang='lat' dir='ltr'><strong>oculos</strong></span> <span class='ocrx_word' id='word_1_37' title='bbox 438 489 567 526; x_wconf 89' lang='lat' dir='ltr'><strong>hercle</strong></span> <span class='ocrx_word' id='word_1_38' title='bbox 589 486 662 537; x_wconf 75' lang='lat' dir='ltr'><strong>ego</strong></span> <span class='ocrx_word' id='word_1_39' title='bbox 683 485 789 533; x_wconf 89' lang='lat' dir='ltr'><strong>istos,</strong></span> <span class='ocrx_word' id='word_1_40' title='bbox 812 485 989 536; x_wconf 88' lang='lat' dir='ltr'><strong>inproba,</strong></span> <span class='ocrx_word' id='word_1_41' title='bbox 1012 484 1208 524; x_wconf 86' lang='lat' dir='ltr'><strong>ecfodiam</strong></span> <span class='ocrx_word' id='word_1_42' title='bbox 1228 484 1310 531; x_wconf 91' lang='lat' dir='ltr'><strong>tibi,</strong></span> 
     </span>
    </p>

    <p class='ocr_par' dir='ltr' id='par_1_3' title="bbox 221 550 1390 863">
     <span class='ocr_line' id='line_1_7' title="bbox 221 550 1217 603; baseline -0.004 -11"><span class='ocrx_word' id='word_1_43' title='bbox 221 568 258 601; x_wconf 87' lang='lat'><strong>15</strong></span> <span class='ocrx_word' id='word_1_44' title='bbox 280 567 330 592; x_wconf 92' lang='lat' dir='ltr'><strong>ne</strong></span> <span class='ocrx_word' id='word_1_45' title='bbox 351 567 414 592; x_wconf 91' lang='lat' dir='ltr'><strong>me</strong></span> <span class='ocrx_word' id='word_1_46' title='bbox 435 565 643 603; x_wconf 88' lang='lat' dir='ltr'><strong>opseruare</strong></span> <span class='ocrx_word' id='word_1_47' title='bbox 663 550 790 602; x_wconf 88' lang='lat' dir='ltr'><strong>possis</strong></span> <span class='ocrx_word' id='word_1_48' title='bbox 811 550 907 601; x_wconf 87' lang='lat' dir='ltr'><strong>quid</strong></span> <span class='ocrx_word' id='word_1_49' title='bbox 927 564 1055 589; x_wconf 89' lang='lat' dir='ltr'><strong>rerum</strong></span> <span class='ocrx_word' id='word_1_50' title='bbox 1075 563 1217 601; x_wconf 86' lang='lat' dir='ltr'><strong>geram.</strong></span> 
     </span>
     <span class='ocr_line' id='line_1_8' title="bbox 277 615 1332 669; baseline -0.004 -12"><span class='ocrx_word' id='word_1_51' title='bbox 277 619 448 669; x_wconf 82' lang='lat' dir='ltr'><strong>apscede</strong></span> <span class='ocrx_word' id='word_1_52' title='bbox 469 618 586 656; x_wconf 88' lang='lat' dir='ltr'><strong>etiam</strong></span> <span class='ocrx_word' id='word_1_53' title='bbox 607 616 888 655; x_wconf 74' lang='lat' dir='ltr'><strong>nunc-etiam</strong></span> <span class='ocrx_word' id='word_1_54' title='bbox 908 615 1332 663; x_wconf 76' lang='lat' dir='ltr'><strong>nunc—etiam--ohe‚</strong></span> 
     </span>
     <span class='ocr_line' id='line_1_9' title="bbox 277 680 1120 722; baseline -0.005 0"><span class='ocrx_word' id='word_1_55' title='bbox 277 684 363 722; x_wconf 89' lang='lat' dir='ltr'><strong>istic</strong></span> <span class='ocrx_word' id='word_1_56' title='bbox 383 691 519 722; x_wconf 87' lang='lat' dir='ltr'><strong>astato.</strong></span> <span class='ocrx_word' id='word_1_57' title='bbox 579 682 611 720; x_wconf 87' lang='lat' dir='ltr'><strong>si</strong></span> <span class='ocrx_word' id='word_1_58' title='bbox 631 683 763 721; x_wconf 91' lang='lat' dir='ltr'><strong>hercle</strong></span> <span class='ocrx_word' id='word_1_59' title='bbox 783 689 825 720; x_wconf 90' lang='lat' dir='ltr'><strong>tu</strong></span> <span class='ocrx_word' id='word_1_60' title='bbox 846 695 893 720; x_wconf 83' lang='lat' dir='ltr'><strong>ex</strong></span> <span class='ocrx_word' id='word_1_61' title='bbox 912 680 1010 720; x_wconf 91' lang='lat' dir='ltr'><strong>istoc</strong></span> <span class='ocrx_word' id='word_1_62' title='bbox 1030 682 1120 718; x_wconf 90' lang='lat' dir='ltr'><strong>loco</strong></span> 
     </span>
     <span class='ocr_line' id='line_1_10' title="bbox 278 744 1390 799; baseline -0.004 -12"><span class='ocrx_word' id='word_1_63' title='bbox 278 749 443 799; x_wconf 83' lang='lat' dir='ltr'><strong>digitum</strong></span> <span class='ocrx_word' id='word_1_64' title='bbox 466 756 735 787; x_wconf 85' lang='lat' dir='ltr'><strong>transuorsum</strong></span> <span class='ocrx_word' id='word_1_65' title='bbox 755 754 823 786; x_wconf 91' lang='lat' dir='ltr'><strong>aut</strong></span> <span class='ocrx_word' id='word_1_66' title='bbox 842 760 1015 797; x_wconf 88' lang='lat' dir='ltr'><strong>unguem</strong></span> <span class='ocrx_word' id='word_1_67' title='bbox 1037 747 1159 783; x_wconf 89' lang='lat' dir='ltr'><strong>latum</strong></span> <span class='ocrx_word' id='word_1_68' title='bbox 1181 744 1390 784; x_wconf 85' lang='lat' dir='ltr'><strong>excesseris</strong></span> 
     </span>
     <span class='ocr_line' id='line_1_11' title="bbox 278 802 1145 863; baseline -0.005 -11"><span class='ocrx_word' id='word_1_69' title='bbox 278 806 397 853; x_wconf 58' lang='lat' dir='ltr'><strong>aussi</strong></span> <span class='ocrx_word' id='word_1_70' title='bbox 417 802 598 863; x_wconf 87' lang='lat' dir='ltr'><strong>respexis‚</strong></span> <span class='ocrx_word' id='word_1_71' title='bbox 622 804 812 851; x_wconf 89' lang='lat' dir='ltr'><strong>donicum</strong></span> <span class='ocrx_word' id='word_1_72' title='bbox 833 825 907 861; x_wconf 88' lang='lat' dir='ltr'><strong>ego</strong></span> <span class='ocrx_word' id='word_1_73' title='bbox 927 818 965 849; x_wconf 91' lang='lat' dir='ltr'><strong>te</strong></span> <span class='ocrx_word' id='word_1_74' title='bbox 985 810 1145 857; x_wconf 88' lang='lat' dir='ltr'><strong>iussero,</strong></span> 
     </span>
    </p>

    <p class='ocr_par' dir='ltr' id='par_1_4' title="bbox 220 874 1382 1190">
     <span class='ocr_line' id='line_1_12' title="bbox 220 874 1326 928; baseline -0.005 -11"><span class='ocrx_word' id='word_1_75' title='bbox 220 896 261 917; x_wconf 89' lang='lat'><strong>20</strong></span> <span class='ocrx_word' id='word_1_76' title='bbox 279 879 468 918; x_wconf 89' lang='lat' dir='ltr'><strong>continuo</strong></span> <span class='ocrx_word' id='word_1_77' title='bbox 490 880 619 916; x_wconf 91' lang='lat' dir='ltr'><strong>hercle</strong></span> <span class='ocrx_word' id='word_1_78' title='bbox 640 891 713 928; x_wconf 87' lang='lat' dir='ltr'><strong>ego</strong></span> <span class='ocrx_word' id='word_1_79' title='bbox 734 885 771 915; x_wconf 88' lang='lat' dir='ltr'><strong>te</strong></span> <span class='ocrx_word' id='word_1_80' title='bbox 791 877 937 916; x_wconf 89' lang='lat' dir='ltr'><strong>dedam</strong></span> <span class='ocrx_word' id='word_1_81' title='bbox 957 875 1190 926; x_wconf 83' lang='lat' dir='ltr'><strong>discipulam</strong></span> <span class='ocrx_word' id='word_1_82' title='bbox 1211 874 1326 913; x_wconf 89' lang='lat' dir='ltr'><strong>cruci.</strong></span> 
     </span>
     <span class='ocr_line' id='line_1_13' title="bbox 279 940 1052 983; baseline -0.004 -1"><span class='ocrx_word' id='word_1_83' title='bbox 279 944 544 983; x_wconf 84' lang='lat' dir='ltr'><strong>scelestiorem</strong></span> <span class='ocrx_word' id='word_1_84' title='bbox 565 957 628 982; x_wconf 92' lang='lat' dir='ltr'><strong>me</strong></span> <span class='ocrx_word' id='word_1_85' title='bbox 649 943 723 981; x_wconf 89' lang='lat' dir='ltr'><strong>hac</strong></span> <span class='ocrx_word' id='word_1_86' title='bbox 743 956 822 980; x_wconf 83' lang='lat' dir='ltr'><strong>anu</strong></span> <span class='ocrx_word' id='word_1_87' title='bbox 842 948 950 980; x_wconf 91' lang='lat' dir='ltr'><strong>certo</strong></span> <span class='ocrx_word' id='word_1_88' title='bbox 969 940 1052 980; x_wconf 87' lang='lat' dir='ltr'><strong>scio</strong></span> 
     </span>
     <span class='ocr_line' id='line_1_14' title="bbox 279 1005 1382 1058; baseline -0.004 -10"><span class='ocrx_word' id='word_1_89' title='bbox 279 1009 425 1048; x_wconf 87' lang='lat' dir='ltr'><strong>uidisse</strong></span> <span class='ocrx_word' id='word_1_90' title='bbox 445 1021 676 1058; x_wconf 80' lang='lat' dir='ltr'><strong>numquam,</strong></span> <span class='ocrx_word' id='word_1_91' title='bbox 699 1007 887 1057; x_wconf 88' lang='lat' dir='ltr'><strong>nimi&#39;que</strong></span> <span class='ocrx_word' id='word_1_92' title='bbox 907 1020 981 1056; x_wconf 88' lang='lat' dir='ltr'><strong>ego</strong></span> <span class='ocrx_word' id='word_1_93' title='bbox 1001 1007 1104 1045; x_wconf 89' lang='lat' dir='ltr'><strong>hanc</strong></span> <span class='ocrx_word' id='word_1_94' title='bbox 1125 1012 1259 1044; x_wconf 89' lang='lat' dir='ltr'><strong>metuo</strong></span> <span class='ocrx_word' id='word_1_95' title='bbox 1280 1005 1382 1044; x_wconf 88' lang='lat' dir='ltr'><strong>male</strong></span> 
     </span>
     <span class='ocr_line' id='line_1_15' title="bbox 279 1070 1135 1123; baseline -0.005 -10"><span class='ocrx_word' id='word_1_96' title='bbox 279 1089 329 1113; x_wconf 89' lang='lat' dir='ltr'><strong>ne</strong></span> <span class='ocrx_word' id='word_1_97' title='bbox 349 1074 403 1112; x_wconf 93' lang='lat' dir='ltr'><strong>mi</strong></span> <span class='ocrx_word' id='word_1_98' title='bbox 416 1088 469 1123; x_wconf 21' lang='lat' dir='ltr'><strong>*ex</strong></span> <span class='ocrx_word' id='word_1_99' title='bbox 489 1073 641 1112; x_wconf 88' lang='lat' dir='ltr'><strong>insidiis</strong></span> <span class='ocrx_word' id='word_1_100' title='bbox 660 1072 784 1111; x_wconf 91' lang='lat' dir='ltr'><strong>uerba</strong></span> <span class='ocrx_word' id='word_1_101' title='bbox 802 1071 1029 1122; x_wconf 89' lang='lat' dir='ltr'><strong>inprudenti</strong></span> <span class='ocrx_word' id='word_1_102' title='bbox 1050 1070 1135 1110; x_wconf 88' lang='lat' dir='ltr'><strong>duit</strong></span> 
     </span>
     <span class='ocr_line' id='line_1_16' title="bbox 279 1135 1269 1190; baseline -0.004 -12"><span class='ocrx_word' id='word_1_103' title='bbox 279 1153 355 1178; x_wconf 86' lang='lat' dir='ltr'><strong>neu</strong></span> <span class='ocrx_word' id='word_1_104' title='bbox 376 1138 632 1190; x_wconf 84' lang='lat' dir='ltr'><strong>persentiscat</strong></span> <span class='ocrx_word' id='word_1_105' title='bbox 652 1151 791 1176; x_wconf 89' lang='lat' dir='ltr'><strong>aurum</strong></span> <span class='ocrx_word' id='word_1_106' title='bbox 812 1136 881 1175; x_wconf 93' lang='lat' dir='ltr'><strong>ubi</strong></span> <span class='ocrx_word' id='word_1_107' title='bbox 901 1144 959 1176; x_wconf 88' lang='lat' dir='ltr'><strong>est</strong></span> <span class='ocrx_word' id='word_1_108' title='bbox 979 1135 1269 1186; x_wconf 89' lang='lat' dir='ltr'><strong>apsconditum,</strong></span> 
     </span>
    </p>

    <p class='ocr_par' dir='ltr' id='par_1_5' title="bbox 222 1202 1350 1513">
     <span class='ocr_line' id='line_1_17' title="bbox 222 1202 1338 1255; baseline -0.004 -12"><span class='ocrx_word' id='word_1_109' title='bbox 222 1222 257 1253; x_wconf 82' lang='lat'><strong>25</strong></span> <span class='ocrx_word' id='word_1_110' title='bbox 279 1218 380 1255; x_wconf 85' lang='lat' dir='ltr'><strong>quae</strong></span> <span class='ocrx_word' id='word_1_111' title='bbox 400 1203 441 1242; x_wconf 88' lang='lat' dir='ltr'><strong>in</strong></span> <span class='ocrx_word' id='word_1_112' title='bbox 462 1203 647 1254; x_wconf 88' lang='lat' dir='ltr'><strong>occipitio</strong></span> <span class='ocrx_word' id='word_1_113' title='bbox 667 1215 828 1253; x_wconf 89' lang='lat' dir='ltr'><strong>quoque</strong></span> <span class='ocrx_word' id='word_1_114' title='bbox 848 1202 968 1240; x_wconf 89' lang='lat' dir='ltr'><strong>habet</strong></span> <span class='ocrx_word' id='word_1_115' title='bbox 988 1202 1124 1240; x_wconf 87' lang='lat' dir='ltr'><strong>oculos</strong></span> <span class='ocrx_word' id='word_1_116' title='bbox 1144 1213 1338 1251; x_wconf 73' lang='lat' dir='ltr'><strong>pessuma</strong></span> 
     </span>
     <span class='ocr_line' id='line_1_18' title="bbox 279 1265 1310 1315; baseline -0.005 -7"><span class='ocrx_word' id='word_1_117' title='bbox 279 1283 384 1308; x_wconf 88' lang='lat' dir='ltr'><strong>nunc</strong></span> <span class='ocrx_word' id='word_1_118' title='bbox 404 1269 471 1308; x_wconf 89' lang='lat' dir='ltr'><strong>ibo</strong></span> <span class='ocrx_word' id='word_1_119' title='bbox 492 1276 535 1307; x_wconf 94' lang='lat' dir='ltr'><strong>ut</strong></span> <span class='ocrx_word' id='word_1_120' title='bbox 554 1268 691 1315; x_wconf 90' lang='lat' dir='ltr'><strong>uisam,</strong></span> <span class='ocrx_word' id='word_1_121' title='bbox 714 1267 824 1306; x_wconf 80' lang='lat' dir='ltr'><strong>estne</strong></span> <span class='ocrx_word' id='word_1_122' title='bbox 844 1266 898 1305; x_wconf 90' lang='lat' dir='ltr'><strong>ita</strong></span> <span class='ocrx_word' id='word_1_123' title='bbox 916 1280 1054 1304; x_wconf 87' lang='lat' dir='ltr'><strong>aurum</strong></span> <span class='ocrx_word' id='word_1_124' title='bbox 1075 1273 1117 1304; x_wconf 90' lang='lat' dir='ltr'><strong>ut</strong></span> <span class='ocrx_word' id='word_1_125' title='bbox 1137 1265 1310 1313; x_wconf 90' lang='lat' dir='ltr'><strong>condidi,</strong></span> 
     </span>
     <span class='ocr_line' id='line_1_19' title="bbox 278 1330 1309 1385; baseline -0.006 -11"><span class='ocrx_word' id='word_1_126' title='bbox 278 1336 387 1385; x_wconf 88' lang='lat' dir='ltr'><strong>quod</strong></span> <span class='ocrx_word' id='word_1_127' title='bbox 408 1348 472 1373; x_wconf 90' lang='lat' dir='ltr'><strong>me</strong></span> <span class='ocrx_word' id='word_1_128' title='bbox 492 1333 674 1372; x_wconf 88' lang='lat' dir='ltr'><strong>sollicitat</strong></span> <span class='ocrx_word' id='word_1_129' title='bbox 694 1331 884 1383; x_wconf 89' lang='lat' dir='ltr'><strong>plurumis</strong></span> <span class='ocrx_word' id='word_1_130' title='bbox 905 1331 1090 1370; x_wconf 88' lang='lat' dir='ltr'><strong>miserum</strong></span> <span class='ocrx_word' id='word_1_131' title='bbox 1111 1330 1309 1370; x_wconf 75' lang='lat' dir='ltr'><strong>modis.—</strong></span> 
     </span>
     <span class='ocr_line' id='line_1_20' title="bbox 279 1395 1350 1447; baseline -0.004 -9"><span class='ocrx_word' id='word_1_132' title='bbox 279 1401 369 1438; x_wconf 87' lang='lat' dir='ltr'>STA.</span> <span class='ocrx_word' id='word_1_133' title='bbox 402 1412 577 1438; x_wconf 90' lang='lat' dir='ltr'><strong>noenum</strong></span> <span class='ocrx_word' id='word_1_134' title='bbox 598 1404 793 1437; x_wconf 84' lang='lat' dir='ltr'><strong>mecastor</strong></span> <span class='ocrx_word' id='word_1_135' title='bbox 812 1396 908 1447; x_wconf 90' lang='lat' dir='ltr'><strong>quid</strong></span> <span class='ocrx_word' id='word_1_136' title='bbox 928 1410 1002 1447; x_wconf 85' lang='lat' dir='ltr'><strong>ego</strong></span> <span class='ocrx_word' id='word_1_137' title='bbox 1022 1409 1088 1435; x_wconf 91' lang='lat' dir='ltr'><strong>ero</strong></span> <span class='ocrx_word' id='word_1_138' title='bbox 1108 1395 1238 1435; x_wconf 87' lang='lat' dir='ltr'><strong>dicam</strong></span> <span class='ocrx_word' id='word_1_139' title='bbox 1258 1409 1350 1435; x_wconf 91' lang='lat' dir='ltr'><strong>meo</strong></span> 
     </span>
     <span class='ocr_line' id='line_1_21' title="bbox 280 1461 1087 1513; baseline -0.006 -9"><span class='ocrx_word' id='word_1_140' title='bbox 280 1466 405 1504; x_wconf 88' lang='lat' dir='ltr'><strong>malae</strong></span> <span class='ocrx_word' id='word_1_141' title='bbox 425 1463 479 1503; x_wconf 93' lang='lat' dir='ltr'><strong>rei</strong></span> <span class='ocrx_word' id='word_1_142' title='bbox 500 1463 680 1503; x_wconf 89' lang='lat' dir='ltr'><strong>euenisse</strong></span> <span class='ocrx_word' id='word_1_143' title='bbox 700 1475 872 1513; x_wconf 87' lang='lat' dir='ltr'><strong>quamue</strong></span> <span class='ocrx_word' id='word_1_144' title='bbox 892 1461 1087 1500; x_wconf 89' lang='lat' dir='ltr'><strong>insaniam</strong></span> 
     </span>
    </p>
   </div>
   <div class='ocr_carea' id='block_1_3' title="bbox 223 1526 1426 1581">
    <p class='ocr_par' dir='ltr' id='par_1_6' title="bbox 223 1526 1426 1581">
     <span class='ocr_line' id='line_1_22' title="bbox 223 1526 1426 1581; baseline -0.003 -11"><span class='ocrx_word' id='word_1_145' title='bbox 223 1547 260 1574; x_wconf 75' lang='lat'><strong>230</strong></span> <span class='ocrx_word' id='word_1_146' title='bbox 279 1544 383 1581; x_wconf 87' lang='lat' dir='ltr'><strong>queo</strong></span> <span class='ocrx_word' id='word_1_147' title='bbox 404 1528 650 1568; x_wconf 88' lang='lat' dir='ltr'><strong>comminisci</strong></span> <span class='ocrx_word' id='word_1_148' title='bbox 665 1543 675 1577; x_wconf 77' lang='lat'><em>3</em></span> <span class='ocrx_word' id='word_1_149' title='bbox 704 1530 757 1566; x_wconf 88' lang='lat' dir='ltr'><strong>1&#39;ta</strong></span> <span class='ocrx_word' id='word_1_150' title='bbox 778 1541 841 1566; x_wconf 90' lang='lat' dir='ltr'><strong>me</strong></span> <span class='ocrx_word' id='word_1_151' title='bbox 861 1526 1043 1566; x_wconf 87' lang='lat' dir='ltr'><strong>miseram</strong></span> <span class='ocrx_word' id='word_1_152' title='bbox 1063 1528 1114 1566; x_wconf 93' lang='lat' dir='ltr'><strong>ad</strong></span> <span class='ocrx_word' id='word_1_153' title='bbox 1134 1528 1241 1567; x_wconf 91' lang='lat' dir='ltr'><strong>hunc</strong></span> <span class='ocrx_word' id='word_1_154' title='bbox 1261 1528 1426 1567; x_wconf 89' lang='lat' dir='ltr'><strong>modum</strong></span> 
     </span>
    </p>
   </div>
   <div class='ocr_carea' id='block_1_4' title="bbox 280 1592 1148 1644">
    <p class='ocr_par' dir='ltr' id='par_1_7' title="bbox 280 1592 1148 1644">
     <span class='ocr_line' id='line_1_23' title="bbox 280 1592 1148 1644; baseline -0.005 -9"><span class='ocrx_word' id='word_1_155' title='bbox 280 1596 439 1635; x_wconf 87' lang='lat' dir='ltr'><strong>deciens</strong></span> <span class='ocrx_word' id='word_1_156' title='bbox 461 1595 526 1635; x_wconf 91' lang='lat' dir='ltr'><strong>die</strong></span> <span class='ocrx_word' id='word_1_157' title='bbox 545 1600 626 1633; x_wconf 81' lang='lat' dir='ltr'><strong>un&#39;o</strong></span> <span class='ocrx_word' id='word_1_158' title='bbox 646 1607 763 1644; x_wconf 88' lang='lat' dir='ltr'><strong>saepe</strong></span> <span class='ocrx_word' id='word_1_159' title='bbox 784 1592 953 1632; x_wconf 86' lang='lat' dir='ltr'><strong>extrudit</strong></span> <span class='ocrx_word' id='word_1_160' title='bbox 972 1593 1148 1632; x_wconf 70' lang='lat' dir='ltr'><strong>aedibus.</strong></span> 
     </span>
    </p>
   </div>
   <div class='ocr_carea' id='block_1_5' title="bbox 280 1658 1442 1712">
    <p class='ocr_par' dir='ltr' id='par_1_8' title="bbox 280 1658 1442 1712">
     <span class='ocr_line' id='line_1_24' title="bbox 280 1658 1442 1712; baseline -0.003 -11"><span class='ocrx_word' id='word_1_161' title='bbox 280 1661 415 1701; x_wconf 91' lang='lat' dir='ltr'><strong>nescio</strong></span> <span class='ocrx_word' id='word_1_162' title='bbox 434 1663 501 1712; x_wconf 91' lang='lat' dir='ltr'><strong>pol</strong></span> <span class='ocrx_word' id='word_1_163' title='bbox 521 1660 623 1711; x_wconf 75' lang='lat' dir='ltr'><strong>quae</strong></span> <span class='ocrx_word' id='word_1_164' title='bbox 642 1660 763 1698; x_wconf 92' lang='lat' dir='ltr'><strong>illunc</strong></span> <span class='ocrx_word' id='word_1_165' title='bbox 783 1658 987 1698; x_wconf 90' lang='lat' dir='ltr'><strong>hominem</strong></span> <span class='ocrx_word' id='word_1_166' title='bbox 1007 1658 1264 1710; x_wconf 86' lang='lat' dir='ltr'><strong>intemperiae</strong></span> <span class='ocrx_word' id='word_1_167' title='bbox 1282 1665 1419 1699; x_wconf 88' lang='lat' dir='ltr'><strong>tenent</strong></span> <span class='ocrx_word' id='word_1_168' title='bbox 1435 1674 1442 1697; x_wconf 74' lang='grc' dir='ltr'>ε</span> 
     </span>
    </p>
   </div>
   <div class='ocr_carea' id='block_1_6' title="bbox 280 1723 1246 1844">
    <p class='ocr_par' dir='ltr' id='par_1_9' title="bbox 280 1723 1246 1844">
     <span class='ocr_line' id='line_1_25' title="bbox 280 1723 1246 1777; baseline -0.002 -12"><span class='ocrx_word' id='word_1_169' title='bbox 280 1726 484 1777; x_wconf 86' lang='lat' dir='ltr'><strong>peruigilat</strong></span> <span class='ocrx_word' id='word_1_170' title='bbox 504 1733 641 1765; x_wconf 89' lang='lat' dir='ltr'><strong>noctes</strong></span> <span class='ocrx_word' id='word_1_171' title='bbox 662 1732 776 1772; x_wconf 83' lang='lat' dir='ltr'><strong>totas,</strong></span> <span class='ocrx_word' id='word_1_172' title='bbox 798 1732 882 1763; x_wconf 91' lang='lat' dir='ltr'><strong>tum</strong></span> <span class='ocrx_word' id='word_1_173' title='bbox 903 1732 1035 1764; x_wconf 88' lang='lat' dir='ltr'><strong>autem</strong></span> <span class='ocrx_word' id='word_1_174' title='bbox 1056 1723 1246 1763; x_wconf 87' lang='lat' dir='ltr'><strong>interdius</strong></span> 
     </span>
     <span class='ocr_line' id='line_1_26' title="bbox 280 1789 1202 1844; baseline -0.002 -13"><span class='ocrx_word' id='word_1_175' title='bbox 280 1792 391 1842; x_wconf 88' lang='lat' dir='ltr'><strong>quasi</strong></span> <span class='ocrx_word' id='word_1_176' title='bbox 411 1793 575 1831; x_wconf 88' lang='lat' dir='ltr'><strong>claudus</strong></span> <span class='ocrx_word' id='word_1_177' title='bbox 596 1798 704 1830; x_wconf 89' lang='lat' dir='ltr'><strong>sutor</strong></span> <span class='ocrx_word' id='word_1_178' title='bbox 724 1790 833 1829; x_wconf 78' lang='lat' dir='ltr'><strong>dorni</strong></span> <span class='ocrx_word' id='word_1_179' title='bbox 853 1791 964 1829; x_wconf 91' lang='lat' dir='ltr'><strong>sedet</strong></span> <span class='ocrx_word' id='word_1_180' title='bbox 984 1797 1088 1844; x_wconf 88' lang='lat' dir='ltr'><strong>totos</strong></span> <span class='ocrx_word' id='word_1_181' title='bbox 1108 1789 1202 1829; x_wconf 86' lang='lat' dir='ltr'><strong>dies.</strong></span> 
     </span>
    </p>
   </div>
   <div class='ocr_carea' id='block_1_7' title="bbox 153 1840 1138 1907">
    <p class='ocr_par' dir='ltr' id='par_1_10' title="bbox 153 1840 1138 1907">
     <span class='ocr_line' id='line_1_27' title="bbox 153 1840 1138 1907; baseline -0.001 -11"><span class='ocrx_word' id='word_1_182' title='bbox 153 1860 161 1863; x_wconf 15' lang='grc' dir='ltr'>χ</span> <span class='ocrx_word' id='word_1_183' title='bbox 176 1856 201 1863; x_wconf 60' lang='grc'><em>”</em></span> <span class='ocrx_word' id='word_1_184' title='bbox 223 1871 260 1904; x_wconf 75' lang='lat'><strong>35</strong></span> <span class='ocrx_word' id='word_1_185' title='bbox 280 1871 410 1907; x_wconf 88' lang='lat' dir='ltr'><strong>neque</strong></span> <span class='ocrx_word' id='word_1_186' title='bbox 430 1854 508 1895; x_wconf 91' lang='lat' dir='ltr'><strong>iam</strong></span> <span class='ocrx_word' id='word_1_187' title='bbox 529 1869 609 1907; x_wconf 90' lang='lat' dir='ltr'><strong>quo</strong></span> <span class='ocrx_word' id='word_1_188' title='bbox 629 1862 746 1906; x_wconf 85' lang='lat' dir='ltr'><strong>pacto</strong></span> <span class='ocrx_word' id='word_1_189' title='bbox 766 1858 892 1895; x_wconf 88' lang='lat' dir='ltr'><strong>celem</strong></span> <span class='ocrx_word' id='word_1_190' title='bbox 913 1840 1138 1896; x_wconf 37' lang='lat' dir='ltr'><strong>erili-s&#39;filiae</strong></span> 
     </span>
    </p>
   </div>
   <div class='ocr_carea' id='block_1_8' title="bbox 280 1922 1377 2170">
    <p class='ocr_par' dir='ltr' id='par_1_11' title="bbox 280 1922 1237 1974">
     <span class='ocr_line' id='line_1_28' title="bbox 280 1922 1237 1974; baseline 0.001 -13"><span class='ocrx_word' id='word_1_191' title='bbox 280 1922 478 1973; x_wconf 89' lang='lat' dir='ltr'><strong>probrum,</strong></span> <span class='ocrx_word' id='word_1_192' title='bbox 501 1922 723 1973; x_wconf 88' lang='lat' dir='ltr'><strong>propinqua</strong></span> <span class='ocrx_word' id='word_1_193' title='bbox 743 1923 942 1974; x_wconf 88' lang='lat' dir='ltr'><strong>partitudo</strong></span> <span class='ocrx_word' id='word_1_194' title='bbox 963 1923 1058 1974; x_wconf 89' lang='lat' dir='ltr'><strong>quoi</strong></span> <span class='ocrx_word' id='word_1_195' title='bbox 1077 1922 1237 1974; x_wconf 87' lang='lat' dir='ltr'><strong>appetit,</strong></span> 
     </span>
    </p>

    <p class='ocr_par' dir='ltr' id='par_1_12' title="bbox 280 1986 1377 2170">
     <span class='ocr_line' id='line_1_29' title="bbox 280 1986 1377 2041; baseline 0.001 -15"><span class='ocrx_word' id='word_1_196' title='bbox 280 2001 384 2038; x_wconf 89' lang='lat' dir='ltr'><strong>queo</strong></span> <span class='ocrx_word' id='word_1_197' title='bbox 404 1987 651 2027; x_wconf 88' lang='lat' dir='ltr'><strong>comminisci</strong></span> <span class='ocrx_word' id='word_1_198' title='bbox 667 2003 676 2035; x_wconf 77' lang='lat'><em>3</em></span> <span class='ocrx_word' id='word_1_199' title='bbox 704 2003 836 2041; x_wconf 86' lang='lat' dir='ltr'><strong>neque</strong></span> <span class='ocrx_word' id='word_1_200' title='bbox 856 1988 1069 2040; x_wconf 89' lang='lat' dir='ltr'><strong>quicquam</strong></span> <span class='ocrx_word' id='word_1_201' title='bbox 1090 1988 1247 2028; x_wconf 90' lang='lat' dir='ltr'><strong>meliust</strong></span> <span class='ocrx_word' id='word_1_202' title='bbox 1267 1986 1377 2036; x_wconf 89' lang='lat' dir='ltr'><strong>mihi,</strong></span> 
     </span>
     <span class='ocr_line' id='line_1_30' title="bbox 280 2053 1340 2104; baseline 0 -13"><span class='ocrx_word' id='word_1_203' title='bbox 280 2060 324 2091; x_wconf 93' lang='lat' dir='ltr'><strong>ut</strong></span> <span class='ocrx_word' id='word_1_204' title='bbox 342 2053 493 2104; x_wconf 87' lang='lat' dir='ltr'><strong>opinor,</strong></span> <span class='ocrx_word' id='word_1_205' title='bbox 516 2068 635 2104; x_wconf 86' lang='lat' dir='ltr'><strong>quam</strong></span> <span class='ocrx_word' id='word_1_206' title='bbox 657 2070 703 2095; x_wconf 86' lang='lat' dir='ltr'><strong>ex</strong></span> <span class='ocrx_word' id='word_1_207' title='bbox 723 2069 788 2094; x_wconf 92' lang='lat' dir='ltr'><strong>me</strong></span> <span class='ocrx_word' id='word_1_208' title='bbox 808 2063 850 2094; x_wconf 91' lang='lat' dir='ltr'><strong>ut</strong></span> <span class='ocrx_word' id='word_1_209' title='bbox 870 2068 991 2094; x_wconf 86' lang='lat' dir='ltr'><strong>unam</strong></span> <span class='ocrx_word' id='word_1_210' title='bbox 1011 2053 1152 2092; x_wconf 87' lang='lat' dir='ltr'><strong>faciam</strong></span> <span class='ocrx_word' id='word_1_211' title='bbox 1173 2053 1340 2092; x_wconf 87' lang='lat' dir='ltr'><strong>litteram</strong></span> 
     </span>
     <span class='ocr_line' id='line_1_31' title="bbox 281 2117 1294 2170; baseline -0.004 -11"><span class='ocrx_word' id='word_1_212' title='bbox 281 2119 479 2168; x_wconf 68' lang='lat' dir='ltr'><strong>flongum,</strong></span> <span class='ocrx_word' id='word_1_213' title='bbox 503 2122 670 2170; x_wconf 81' lang='lat' dir='ltr'><strong>laqueo†</strong></span> <span class='ocrx_word' id='word_1_214' title='bbox 691 2122 837 2160; x_wconf 89' lang='lat' dir='ltr'><strong>collum</strong></span> <span class='ocrx_word' id='word_1_215' title='bbox 859 2120 1021 2170; x_wconf 88' lang='lat' dir='ltr'><strong>quando</strong></span> <span class='ocrx_word' id='word_1_216' title='bbox 1041 2117 1294 2169; x_wconf 85' lang='lat' dir='ltr'><strong>opstrinxero.</strong></span> 
     </span>
    </p>
   </div>
   <div class='ocr_carea' id='block_1_9' title="bbox 1629 306 1672 342">
    <p class='ocr_par' dir='ltr' id='par_1_13' title="bbox 1629 306 1672 342">
     <span class='ocr_line' id='line_1_32' title="bbox 1629 306 1672 342; baseline 0 -11"><span class='ocrx_word' id='word_1_217' title='bbox 1629 306 1672 342; x_wconf 82' lang='grc'><strong>50</strong></span> 
     </span>
    </p>
   </div>
   <div class='ocr_carea' id='block_1_10' title="bbox 1629 635 1669 672">
    <p class='ocr_par' dir='ltr' id='par_1_14' title="bbox 1629 635 1669 672">
     <span class='ocr_line' id='line_1_33' title="bbox 1629 635 1669 672; baseline 0 0"><span class='ocrx_word' id='word_1_218' title='bbox 1629 635 1669 672; x_wconf 84' lang='grc'><strong>55</strong></span> 
     </span>
    </p>
   </div>
   <div class='ocr_carea' id='block_1_11' title="bbox 1627 1604 1673 1639">
    <p class='ocr_par' dir='ltr' id='par_1_15' title="bbox 1627 1604 1673 1639">
     <span class='ocr_line' id='line_1_34' title="bbox 1627 1604 1673 1639; baseline 0 -10"><span class='ocrx_word' id='word_1_219' title='bbox 1627 1604 1673 1639; x_wconf 88' lang='grc'><strong>70</strong></span> 
     </span>
    </p>
   </div>
   <div class='ocr_carea' id='block_1_12' title="bbox 1628 1933 1669 1971">
    <p class='ocr_par' dir='ltr' id='par_1_16' title="bbox 1628 1933 1669 1971">
     <span class='ocr_line' id='line_1_35' title="bbox 1628 1933 1669 1971; baseline 0.024 -1"><span class='ocrx_word' id='word_1_220' title='bbox 1628 1933 1669 1971; x_wconf 88' lang='grc'><strong>75</strong></span> 
     </span>
    </p>
   </div>
   <div class='ocr_carea' id='block_1_13' title="bbox 280 2220 1611 2441">
    <p class='ocr_par' dir='ltr' id='par_1_17' title="bbox 280 2220 1611 2441">
     <span class='ocr_line' id='line_1_36' title="bbox 324 2220 1610 2264; baseline -0.004 -8"><span class='ocrx_word' id='word_1_221' title='bbox 324 2233 366 2263; x_wconf 87' lang='grc'><strong>53</strong></span> <span class='ocrx_word' id='word_1_222' title='bbox 396 2224 513 2256; x_wconf 86' lang='lat' dir='ltr'><strong>oculos</strong></span> <span class='ocrx_word' id='word_1_223' title='bbox 549 2235 613 2264; x_wconf 87' lang='lat' dir='ltr'><strong>ego</strong></span> <span class='ocrx_word' id='word_1_224' title='bbox 652 2226 712 2256; x_wconf 88' lang='lat' dir='ltr'><strong>tibi</strong></span> <span class='ocrx_word' id='word_1_225' title='bbox 751 2225 835 2256; x_wconf 86' lang='lat' dir='ltr'><strong>istos</strong></span> <span class='ocrx_word' id='word_1_226' title='bbox 872 2223 1024 2264; x_wconf 86' lang='lat' dir='ltr'><strong>improbe</strong></span> <span class='ocrx_word' id='word_1_227' title='bbox 1059 2221 1095 2262; x_wconf 77' lang='lat' dir='ltr'><strong>(i.</strong></span> <span class='ocrx_word' id='word_1_228' title='bbox 1113 2233 1137 2253; x_wconf 82' lang='lat' dir='ltr'><strong>e.</strong></span> <span class='ocrx_word' id='word_1_229' title='bbox 1167 2232 1220 2252; x_wconf 83' lang='lat' dir='ltr'><strong>-ae</strong></span> <span class='ocrx_word' id='word_1_230' title='bbox 1232 2221 1259 2258; x_wconf 68' lang='grc' dir='ltr'><strong>Ζ)</strong></span> <span class='ocrx_word' id='word_1_231' title='bbox 1291 2220 1379 2252; x_wconf 86' lang='lat' dir='ltr'><strong>codd.</strong></span> <span class='ocrx_word' id='word_1_232' title='bbox 1415 2220 1519 2252; x_wconf 81' lang='lat' dir='ltr'><strong>Nonii</strong></span> <span class='ocrx_word' id='word_1_233' title='bbox 1545 2223 1610 2260; x_wconf 83' lang='lat'><strong>360</strong></span> 
     </span>
     <span class='ocr_line' id='line_1_37' title="bbox 281 2264 1609 2308; baseline -0.002 -11"><span class='ocrx_word' id='word_1_234' title='bbox 281 2267 324 2305; x_wconf 77' lang='lat'><strong>56</strong></span> <span class='ocrx_word' id='word_1_235' title='bbox 346 2272 454 2300; x_wconf 81' lang='lat' dir='ltr'><strong>astato</strong></span> <span class='ocrx_word' id='word_1_236' title='bbox 477 2267 668 2308; x_wconf 79' lang='lat' dir='ltr'><strong>Scioppius:</strong></span> <span class='ocrx_word' id='word_1_237' title='bbox 693 2273 803 2300; x_wconf 85' lang='lat' dir='ltr'><strong>atasto</strong></span> <span class='ocrx_word' id='word_1_238' title='bbox 827 2267 892 2299; x_wconf 86' lang='lat' dir='ltr'><strong>cod.</strong></span> <span class='ocrx_word' id='word_1_239' title='bbox 1027 2267 1071 2296; x_wconf 94' lang='lat'><strong>60</strong></span> <span class='ocrx_word' id='word_1_240' title='bbox 1093 2269 1188 2296; x_wconf 87' lang='lat' dir='ltr'><strong>certo</strong></span> <span class='ocrx_word' id='word_1_241' title='bbox 1211 2264 1378 2295; x_wconf 80' lang='lat' dir='ltr'><strong>Francken</strong></span> <span class='ocrx_word' id='word_1_242' title='bbox 1398 2276 1404 2295; x_wconf 92' lang='lat'>:</span> <span class='ocrx_word' id='word_1_243' title='bbox 1421 2269 1514 2296; x_wconf 87' lang='lat' dir='ltr'><strong>certe</strong></span> <span class='ocrx_word' id='word_1_244' title='bbox 1530 2265 1609 2304; x_wconf 86' lang='lat' dir='ltr'><strong>cod.,</strong></span> 
     </span>
     <span class='ocr_line' id='line_1_38' title="bbox 280 2304 1609 2349; baseline -0.001 -8"><span class='ocrx_word' id='word_1_245' title='bbox 280 2311 336 2341; x_wconf 84' lang='lat' dir='ltr'><strong>vix</strong></span> <span class='ocrx_word' id='word_1_246' title='bbox 351 2314 441 2349; x_wconf 80' lang='lat' dir='ltr'><strong>(cum</strong></span> <span class='ocrx_word' id='word_1_247' title='bbox 458 2312 545 2349; x_wconf 79' lang='lat' dir='ltr'><strong>scio)</strong></span> <span class='ocrx_word' id='word_1_248' title='bbox 564 2312 767 2343; x_wconf 82' lang='lat' dir='ltr'><strong>Plautinum</strong></span> <span class='ocrx_word' id='word_1_249' title='bbox 915 2313 957 2349; x_wconf 87' lang='lat'><strong>65</strong></span> <span class='ocrx_word' id='word_1_250' title='bbox 970 2304 1071 2341; x_wconf 77' lang='lat' dir='ltr'><strong>‘sitne</strong></span> <span class='ocrx_word' id='word_1_251' title='bbox 1087 2308 1228 2349; x_wconf 74' lang='lat' dir='ltr'><strong>Pylades</strong></span> <span class='ocrx_word' id='word_1_252' title='bbox 1374 2318 1412 2347; x_wconf 92' lang='lat'><strong>77</strong></span> <span class='ocrx_word' id='word_1_253' title='bbox 1437 2308 1487 2339; x_wconf 86' lang='lat' dir='ltr'><strong>vel</strong></span> <span class='ocrx_word' id='word_1_254' title='bbox 1505 2309 1609 2348; x_wconf 85' lang='lat' dir='ltr'><strong>opino</strong></span> 
     </span>
     <span class='ocr_line' id='line_1_39' title="bbox 282 2350 1611 2397; baseline -0.002 -13"><span class='ocrx_word' id='word_1_255' title='bbox 282 2355 323 2393; x_wconf 91' lang='lat'><strong>78</strong></span> <span class='ocrx_word' id='word_1_256' title='bbox 347 2354 782 2397; x_wconf 71' lang='lat' dir='ltr'><strong>(1&gt;10ngum1a.(2)G0etz:</strong></span> <span class='ocrx_word' id='word_1_257' title='bbox 808 2354 941 2394; x_wconf 87' lang='lat' dir='ltr'><strong>longam</strong></span> <span class='ocrx_word' id='word_1_258' title='bbox 956 2350 1372 2395; x_wconf 81' lang='lat' dir='ltr'><strong>(Scutarius)&lt;meum&gt;la.</strong></span> <span class='ocrx_word' id='word_1_259' title='bbox 1386 2352 1611 2383; x_wconf 79' lang='lat' dir='ltr'><strong>Camerarius:</strong></span> 
     </span>
     <span class='ocr_line' id='line_1_40' title="bbox 282 2397 938 2441; baseline 0.002 -13"><span class='ocrx_word' id='word_1_260' title='bbox 282 2398 301 2428; x_wconf 90' lang='lat'><strong>1.</strong></span> <span class='ocrx_word' id='word_1_261' title='bbox 319 2397 445 2441; x_wconf 81' lang='lat' dir='ltr'><strong>(mihi)</strong></span> <span class='ocrx_word' id='word_1_262' title='bbox 462 2399 503 2430; x_wconf 91' lang='lat' dir='ltr'><strong>la.</strong></span> <span class='ocrx_word' id='word_1_263' title='bbox 520 2398 712 2431; x_wconf 78' lang='lat' dir='ltr'><strong>Lambinus</strong></span> <span class='ocrx_word' id='word_1_264' title='bbox 728 2399 862 2441; x_wconf 79' lang='lat' dir='ltr'><strong>(melius</strong></span> <span class='ocrx_word' id='word_1_265' title='bbox 878 2398 938 2439; x_wconf 85' lang='lat' dir='ltr'><strong>mi)</strong></span> 
     </span>
    </p>
   </div>
  </div>
 </body>
</html>
