1742 2718
642 42 1018 82 CISTELLARIA
1422 44 1489 81 IV.
1511 43 1541 80 11

79 164 146 202 705
169 156 248 193 HA.
273 155 359 205 quis
381 168 443 193 me
464 156 653 193 reuocat?
710 156 780 192 LA.
810 155 915 193 bona
936 154 1081 193 semina
1101 162 1140 192 et
1161 155 1276 192 malu’
1299 156 1494 193 masculus

1283 221 1421 257 uolunt
1443 227 1491 257 te.

168 286 247 322 HA.
276 283 399 337 <bona
420 284 564 324 femina
585 291 622 323 et
644 285 760 323 malu'
777 286 973 323 masculus
994 286 1134 323 uolunt
1155 283 1249 336 me.)
1295 292 1494 334 postremo
1513 296 1556 329 40

1432 351 1495 387 ille

165 414 251 463 plus
281 413 347 463 qui
376 421 491 452 uocat
518 412 589 451 scit
617 413 726 463 quod
754 413 848 451 uelit
875 426 994 463 quam
1023 426 1096 463 ego
1123 427 1224 463 quae
1252 426 1382 451 uocor.
1443 427 1496 451 re-

1350 485 1493 515 uortor.

164 556 330 592 ecquem
352 542 484 581 uidisti
506 555 692 592 quaerere
713 541 787 589 hic,
810 543 964 589 amabo,
989 542 1028 580 in
1050 543 1122 580 liae
1144 542 1302 592 regione

164 608 353 646 cistellam
375 622 464 646 cum
486 607 722 658 crepundiis,
746 621 865 657 quam
887 622 960 658 ego
981 607 1045 645 hic
1065 607 1178 645 amisi
1200 607 1369 645 misera?

77 685 146 720 710
165 687 256 711 nam
277 675 429 712 dudum
451 681 493 711 ut
512 672 803 711 accucurrimus
824 674 875 711 ad
896 673 1246 721 Alcesimarchum,
1270 686 1320 711 ne
1340 686 1382 711 se

164 738 244 776 uita
264 738 522 785 interemeret,
545 746 629 776 tum
652 751 670 772 21<
695 753 713 773 *
738 752 755 773 *
781 753 799 774 *
822 751 930 777 more
951 738 1153 777 excidisse.
1513 749 1554 781 45

164 805 233 842 LA.
279 804 469 843 cistellam
517 804 614 842 haec
662 803 801 842 mulier
847 802 1044 855 (perdidit.
1139 801 1367 855 tace>amus‚
1417 816 1492 850 era,

1272 881 1492 918 parumper.

165 935 245 971 HA.
278 933 436 984 disperii
453 933 616 973 misera!
665 934 762 984 quid
783 947 856 984 ego
877 948 964 973 erae
985 934 1146 973 dicam?
1175 925 1276 984 quae
1296 947 1360 972 me
1376 946 1495 983 opere

1385 1005 1494 1036 tanto

164 1077 317 1103 seruare
338 1065 459 1112 iussit,
482 1064 551 1115 qui
570 1078 662 1103 suos
683 1064 883 1103 Selenium
903 1072 1084 1115 parentes

75 1136 141 1174 715
163 1128 312 1167 facilius
333 1136 466 1179 posset
487 1142 662 1177 noscere,
679 1142 780 1179 quae
800 1143 888 1168 erae
906 1127 1049 1182 [meae]
1068 1128 1270 1180 supposita
1286 1135 1344 1167 est
1360 1140 1490 1178 parua,

162 1207 282 1244 quam
303 1195 499 1244 quaedam
527 1194 707 1233 meretrix
734 1194 770 1233 ei
796 1194 916 1233 dedit.
978 1196 1049 1233 LA.
1081 1202 1255 1232 nostram
1283 1194 1381 1231 haec
1410 1206 1491 1231 rem
1512 1205 1553 1238 50

1283 1259 1490 1305 fabulatur,

159 1325 262 1363 hanc
283 1324 380 1363 scire
400 1331 554 1375 oportet
575 1324 654 1362 filia
673 1331 740 1363 tua
759 1324 827 1363 ubi
849 1325 907 1372 sit,
930 1325 1040 1376 signa
1060 1332 1102 1364 ut
1123 1324 1230 1364 dicit.

161 1391 243 1428 HA.
276 1403 382 1429 nunc
416 1403 503 1429 eam
534 1391 617 1428 uolt
651 1403 744 1428 suae
784 1390 896 1428 matri
927 1398 964 1428 et
993 1390 1103 1441 patri,
1131 1390 1265 1440 quibu'
1296 1396 1387 1427 nata
1420 1395 1489 1435 est,

1194 1455 1357 1493 reddere
1378 1455 1490 1492 ultro.

161 1518 214 1556 mi
235 1520 371 1567 homo,
391 1532 567 1570 opsecro,
589 1519 683 1557 alias
704 1532 764 1558 res
784 1519 894 1570 geris,
918 1533 991 1570 ego
1012 1519 1083 1559 tibi
1104 1533 1210 1558 meas
1232 1520 1471 1557 res‘mando.

74 1594 143 1630 720
161 1585 232 1622 LA.
265 1584 365 1623 istuc
384 1597 472 1634 ago,
491 1592 611 1634 atque
631 1584 718 1622 istic
739 1584 835 1622 mihi
856 1584 967 1623 cibus
988 1593 1057 1632 est,
1080 1586 1189 1635 quod
1210 1584 1394 1630 fabulare,

161 1650 230 1687 sed
264 1648 364 1687 inter
402 1648 483 1686 rem
521 1649 717 1699 agendam
756 1649 870 1687 istam
905 1662 992 1687 erae
1031 1649 1123 1688 huic
1162 1648 1348 1699 respondi
1382 1650 1490 1698 quod
1511 1660 1550 1693 55

1318 1715 1488 1764 rogabat.

160 1792 266 1817 nunc
285 1780 338 1817 ad
357 1786 395 1817 te
416 1780 535 1818 redeo
552 1795 559 1817 ε
589 1779 622 1817 si
641 1779 738 1829 quid
759 1786 816 1818 est
838 1782 939 1830 opu',
962 1780 1051 1819 dice
1072 1787 1110 1819 et
1130 1780 1279 1830 impera
1303 1787 1356 1818 tu.

160 1844 256 1894 quid
270 1843 546 1893 quaeritabas?
585 1846 667 1882 HA.
691 1844 745 1882 mi
762 1846 883 1883 homo
910 1844 914 1897 Ι
940 1853 978 1883 et
994 1859 1082 1884 mea
1099 1845 1247 1891 mulier,
1264 1858 1335 1882 uos
1351 1846 1490 1883 saluto.

161 1910 236 1946 PH.
268 1915 306 1946 et
335 1921 407 1946 nos
441 1916 489 1947 te.
549 1910 619 1947 sed
654 1909 750 1959 quid
784 1910 1011 1960 quaeritas?
1070 1912 1150 1948 HA.
1184 1909 1391 1960 uestigium
1427 1910 1492 1948 hie

1323 1974 1489 2024 requiro,

206 2067 270 2106 706
300 2065 413 2097 addzdi
540 2068 604 2106 708
627 2067 807 2108 quaerere]
826 2068 946 2099 tollere
968 2069 1063 2100 Valla
1201 2079 1263 2108 710
1287 2069 1492 2099 accurrimus

161 2109 227 2140 cod.
248 2109 297 2149 (cf
309 2109 405 2140 Merc.
420 2120 480 2140 201
501 2111 633 2141 occurri
650 2110 724 2140 PCD
737 2116 801 2151 pro
816 2113 1012 2151 occucurri3
1036 2113 1082 2143 iii.
1096 2112 1130 2151 3)
1222 2122 1280 2151 711
1308 2112 1410 2143 uitam
1430 2112 1493 2152 (-ta

156 2153 202 2193 J)
230 2151 398 2191 (adhaeret
415 2154 525 2184 versui
547 2154 625 2194 710)
648 2155 861 2185 interemerit
883 2155 950 2187 cod.
1093 2155 1297 2186 amissorum
1321 2156 1492 2186 verborum

160 2197 268 2236 spatia
286 2196 389 2227 relicta
405 2200 434 2227 et
443 2197 533 2227 hicet
546 2199 580 2228 in
598 2198 701 2228 ceteris
715 2208 850 2229 scaenae
863 2199 991 2230 lacunis
1078 2204 1149 2230 tum
1167 2210 1241 2230 earn
1266 2199 1346 2230 mihi
1370 2199 1493 2238 opinor

161 2239 227 2270 Leo
327 2249 390 2278 712
411 2240 516 2280 suppl.
535 2240 670 2280 Seyffen
771 2251 832 2281 713
856 2253 935 2273 erae
954 2242 1110 2274 Guietus:
1135 2253 1175 2273 ea
1191 2253 1270 2273 erae
1287 2242 1352 2274 cod.
1373 2246 1410 2272 ut
1423 2242 1486 2273 vid.

162 2285 217 2323 (ea
235 2294 292 2314 era
305 2283 356 2320 3¹,
372 2293 467 2314 meae
480 2294 560 2315 erae
571 2284 632 2325 13³)
651 2284 709 2321 (iv.
730 2283 767 2323 3)
889 2295 950 2326 715
975 2297 1071 2318 meae
1087 2286 1147 2317 del.
1165 2286 1255 2324 Ital.‚
1272 2297 1354 2316 nam
1370 2286 1489 2326 qu(ae)

161 2331 240 2358 erae
264 2325 359 2357 πιὲὶε
377 2326 519 2367 ᾱιζςρίιὶεί
648 2338 710 2367 722
735 2333 767 2358 et
790 2328 920 2368 impera
938 2335 973 2360 tu
991 2330 1119 2361 Schoell
1130 2342 1137 2361 :
1162 2330 1303 2368 impetra
1321 2334 1354 2360 et
1370 2335 1406 2360 tu
1422 2328 1486 2360 cod.

162 2372 257 2411 (Zpro
273 2371 430 2410 impetra.
469 2371 539 2402 ΗΑ.
560 2375 594 2402 et
607 2372 676 2412 tu):
693 2371 943 2412 impetratumst
960 2372 1027 2404 Leo
1116 2384 1177 2412 723
1202 2384 1222 2404 0
1239 2374 1283 2404 mi
1300 2374 1330 2403 h.
1351 2371 1489 2411 Langen
