1742 2718
733 59 1020 98 CVRCVLIO
1465 61 1530 98 IV.
1555 59 1570 99 i

213 170 251 208 in
275 170 406 210 medio
426 179 583 222 propter
603 172 791 218 canalem,
815 170 869 208 ibi
890 176 1149 208 ostentatores
1170 170 1262 208 meri
1284 185 1292 217 3
1562 185 1599 215 15

213 236 458 274 confidentes
477 236 696 286 garrulique
717 243 755 274 et
776 234 950 273 maliuoli
972 248 1088 285 supra
1107 236 1250 282 lacurn,

212 300 280 350 qui
300 301 407 338 alteri
429 302 479 339 de
500 301 622 339 nihilo
642 302 828 339 audacter
848 300 985 338 dicunt
1006 299 1287 338 contumeliam

213 372 250 404 et
271 365 337 415 qui
357 366 431 415 ipsi
451 374 510 404 sat
530 366 677 405 habent
697 366 806 416 quod
827 364 866 402 in
888 379 929 403 se
949 364 1072 415 possit
1093 379 1184 403 uere
1205 365 1338 403 dicier.

126 436 195 478 480
213 431 286 469 sub
308 430 516 478 ueteribus,
539 431 593 469 ibi
613 438 703 469 sunt
724 430 791 481 qui
812 432 908 468 dant
929 430 1076 480 quique
1095 429 1295 480 accipiunt
1316 432 1483 469 faenore.

212 509 315 545 pone
335 497 474 534 aedem
496 496 682 543 Castoris,
704 496 757 534 ibi
777 503 868 533 sunt
888 495 1020 534 subito
1040 495 1175 545 quibu'
1195 497 1332 534 credas
1352 498 1464 534 male.
1564 510 1602 531 20

212 560 251 598 in
273 562 406 599 Tusco
426 561 525 608 uico,
549 561 604 600 ibi
624 569 715 599 sunt
735 561 916 600 homines
937 560 1005 610 qui
1026 560 1100 610 ipsi
1120 574 1204 599 sese
1225 560 1442 599 uenditant.

212 624 250 662 in
272 626 443 664 Velabro
463 628 525 664 uel
546 626 732 676 pistorem
753 627 816 664 uel
837 625 985 663 lanium
1006 627 1069 663 uel
1090 625 1337 675 haruspicem

212 691 274 727 uel
296 690 363 739 qui
383 689 457 740 ipsi
477 698 634 729 uortant
653 693 716 729 uel
737 690 805 741 qui
824 690 908 729 aliis
929 689 997 728 ubi
1018 698 1225 728 uorsentur
1244 691 1469 740 praebeant.

125 753 190 795 485
214 752 340 806 [dites‚
363 756 578 794 damnosos
598 755 756 794 maritos
777 756 884 805 apud
905 754 1147 793 Leucadiam
1174 754 1178 807 Ι
1205 753 1407 808 Oppiam]

212 820 280 858 sed
297 819 451 859 interim
467 821 568 859 fores
578 812 792 870 crepuere:
820 819 975 869 linguae
992 821 1280 859 moderandum
1302 827 1360 858 est
1375 820 1540 858 rnihi.——
1561 835 1597 865 25

393 930 685 968 CVRCVLlo
797 930 1101 969 CAPPADOX
1213 931 1358 968 Lx’co
1556 932 1585 968 ii

210 1012 281 1050 Cv.
316 1012 333 1049 I
356 1018 397 1048 tu
417 1012 538 1061 prod',
556 1011 689 1061 uirgo:
716 1024 797 1049 non
819 1024 922 1061 queo
943 1012 1052 1060 quod
1072 1024 1177 1060 pone
1197 1024 1261 1050 me
1282 1019 1340 1050 est
1360 1026 1525 1051 seruare.

209 1083 246 1114 et
275 1090 411 1114 aurum
442 1083 480 1114 et
509 1083 660 1115 uestem
691 1089 851 1115 omnem
881 1089 992 1114 suam
1022 1090 1107 1115 esse
1136 1075 1267 1115 aiebat
1293 1090 1412 1127 quam
1439 1079 1538 1116 haec

1362 1143 1535 1181 haberet.

209 1208 280 1246 CA.
303 1220 422 1245 nemo
442 1206 470 1245 it
490 1206 643 1245 infitias.
695 1208 766 1246 Cv.
789 1214 828 1244 at
844 1214 976 1244 tamen
998 1206 1272 1245 meliusculum
1289 1214 1347 1245 est
1364 1221 1533 1247 monere.

121 1284 191 1319 490
209 1273 279 1310 Lv.
311 1280 512 1310 memento
533 1271 758 1322 promisisse
778 1279 826 1318 te,
850 1271 881 1309 si
902 1271 1111 1321 quisquam
1132 1273 1235 1310 hanc
1255 1272 1402 1311 liberali

208 1351 345 1375 caussa
365 1350 484 1374 manu
504 1338 710 1383 adsereret,
734 1336 831 1374 mihi
851 1350 970 1374 omne
989 1344 1195 1386 argentum
1216 1337 1413 1376 redditum
1435 1339 1513 1386 eiri,
1556 1354 1572 1386 5

207 1402 332 1440 minas
353 1402 517 1453 triginta.
578 1403 650 1442 CA.
683 1401 910 1448 meminero,
933 1403 984 1440 de
1004 1401 1103 1440 istoc
1123 1402 1279 1452 quietus
1300 1411 1394 1442 esto.

205 1475 243 1506 et
272 1480 377 1505 nunc
416 1467 521 1506 idem
561 1467 662 1506 dico.
742 1468 813 1507 Cv.
846 1470 935 1508 'teti‘
972 1467 1293 1507 commeminisse
1326 1483 1399 1519 ego
1437 1471 1535 1510 haec

1309 1524 1317 1527 .
1331 1536 1462 1573 uolam
1484 1543 1532 1575 te.

207 1599 279 1637 CA.
311 1597 484 1645 memini,
507 1605 545 1636 et
569 1597 782 1647 mancupio
808 1597 879 1636 tibi
905 1597 1021 1636 dabo.
1082 1599 1154 1638 Cv.
1186 1612 1288 1649 egon
1314 1600 1365 1638 ab
1392 1601 1535 1639 lenone

1321 1665 1534 1716 quicquam

118 1743 185 1780 495
206 1728 418 1779 mancupio
437 1728 640 1780 accipiam,
663 1727 797 1778 quibu'
818 1727 878 1766 sui
898 1728 995 1766 nihil
1016 1736 1075 1767 est
1096 1728 1170 1767 nisi
1190 1743 1270 1767 una
1289 1729 1422 1780 lingua

205 1792 273 1843 qui
292 1793 472 1832 abiurant
492 1793 523 1832 si
544 1793 640 1843 quid
661 1793 853 1831 creditum
874 1795 962 1831 est?
990 1793 1140 1832 alienos
1161 1795 1421 1846 mancupatis,
1557 1812 1595 1833 10

202 1858 351 1897 alienos
371 1872 492 1897 manu
511 1858 687 1897 emittitis
707 1858 924 1908 alienisque
944 1858 1157 1909 imperatis,

247 1973 308 2002 477
332 1973 456 2002 supera
469 1962 543 2001 Leo,
561 1966 661 1993 metro
675 1963 851 2002 consulens,
867 1973 950 2002 quae
956 1963 1077 2002 forma
1093 1963 1149 1993 vix
1153 1963 1294 2003 firenda
1304 1968 1350 1995 est
1357 1965 1389 1995 si
1400 1969 1445 1997 est
1459 1967 1537 1997 lzaec

203 2017 318 2037 scaena
328 2006 488 2036 Plautina
591 2007 655 2045 483
667 2010 744 2047 post
757 2006 847 2036 hunc
861 2016 992 2037 versum
1009 2006 1200 2036 intercidisse
1215 2008 1343 2047 aliquid
1352 2009 1405 2046 (ab
1416 2010 1532 2041 inven-

204 2049 391 2089 incr'piensz)
409 2049 537 2080 videtur
619 2051 683 2089 484
708 2053 847 2081 uox-sant
864 2049 998 2090 Lipsius
1052 2049 1126 2080 aliis
1143 2049 1198 2080 ubi
1212 2056 1394 2083 uorsentur
1411 2053 1535 2095 Ussing

205 2093 258 2134 (ut
273 2091 443 2133 Lipsius):
468 2093 524 2124 alii
541 2093 785 2125 subuersentu‘r
798 2093 863 2125 cod.
1026 2096 1090 2132 485
1116 2093 1170 2133 (cf.
1193 2094 1271 2135 472)
1289 2096 1356 2127 secl.
1378 2096 1532 2128 Camera-

205 2136 274 2166 rius
291 2136 338 2176 (ii.
357 2137 393 2175 6)
497 2138 560 2176 487
582 2137 620 2168 Ei
633 2138 697 2169 cod.
715 2137 1009 2176 (antiquaformcc)
1063 2148 1166 2177 proae
1180 2138 1283 2179 (apro
1293 2138 1330 2179 d)
1343 2139 1420 2169 PBD
1433 2141 1532 2180 (prae

200 2179 231 2218 J
233 2183 242 2214 )
331 2180 395 2218 488
415 2190 514 2219 quarn
529 2180 747 2212 Taubmann:
765 2181 919 2220 cuiquam
931 2180 994 2211 cod.
1086 2191 1146 2220 491
1167 2182 1227 2212 eiri
1245 2182 1379 2224 Ussing:
1398 2184 1449 2214 firi
1461 2184 1528 2215 cod.

206 2223 316 2263 (Fpro
329 2223 372 2263 E)
461 2234 526 2263 493
549 2230 584 2256 et
599 2225 737 2264 quidem
749 2234 847 2254 mem.
861 2223 944 2255 Leo:
970 2222 1085 2266 (tibi).
1097 2225 1158 2256 Cv.
1174 2230 1208 2256 et
1224 2236 1340 2258 comm.
1354 2227 1530 2258 Bosscher:

204 2270 238 2296 et
254 2266 299 2296 ibi
321 2277 423 2306 quom
446 2277 544 2299 mem.
558 2267 737 2299 Abraham
886 2276 950 2306 495
974 2268 1136 2307 accipiam
1155 2268 1260 2300 Pius:
1284 2270 1446 2310 occipiam
1462 2271 1529 2302 cod.

202 2310 267 2349 496
289 2310 376 2350 siqui
389 2310 454 2342 cod.
473 2311 600 2353 (siquid
611 2311 662 2353 J)
795 2320 858 2351 497
883 2310 1035 2342 emittitis
1051 2311 1274 2352 Kampmann
1290 2324 1298 2345 ε
1322 2314 1451 2345 mittitis
1460 2315 1524 2346 cod.
