1742 2718
707 74 1023 113 MERCATOR
1479 72 1524 108 V.
1547 72 1591 108 iv

207 186 278 224 Ev.
313 186 434 224 redde
459 185 524 224 illi.
586 186 660 223 DE.
693 184 767 223 sibi
796 185 949 231 habeat,
982 183 1059 221 iam
1086 189 1129 221 ut
1158 184 1240 220 uolt
1268 195 1336 232 per
1366 194 1428 219 me
1457 181 1530 219 sibi

1264 247 1407 285 habeat
1427 246 1527 284 licet.

119 326 189 361 990
208 317 277 353 Ev.
321 315 484 366 temperi
530 316 684 365 edepol,
724 314 913 365 quoniam
952 322 993 352 ut
1031 313 1141 352 aliter
1185 311 1302 350 facias
1348 325 1427 349 non
1473 318 1531 349 est
1552 325 1591 355 30

1381 375 1526 425 copiae.

208 446 282 482 DE.
315 444 481 495 supplici
502 445 575 483 sibi
597 452 725 483 sumat
745 444 841 494 quid
863 445 945 481 uolt
966 443 1048 494 ipse
1069 443 1120 481 ob
1142 443 1244 480 hanc
1264 441 1456 486 iniuriam,

207 510 328 547 modo
348 522 486 559 pacem
507 509 655 547 faciatis
675 522 754 556 oro,
779 516 820 547 ut
841 522 891 546 ne
912 507 1007 545 mihi
1028 508 1146 545 iratus
1167 507 1249 545 siet.

206 574 237 611 si
258 575 388 612 hercle
408 574 610 612 sciuissern
631 574 714 612 siue
733 575 834 612 adeo
854 573 985 611 ioculo
1005 572 1164 610 dixisset
1185 571 1281 609 mihi

207 652 249 676 se
275 639 379 676 illam
408 652 553 686 amare,
579 652 795 688 numquam
828 640 995 676 facerem
1026 646 1067 675 ut
1099 637 1204 675 illam
1233 636 1380 674 amanti
1411 635 1531 673 abdu-

1388 714 1528 738 cerem.

117 776 183 812 995
207 770 395 818 Eutyche,
419 770 486 807 ted
507 783 586 816 oro,
610 769 755 808 sodalis
776 768 859 806 eius
880 782 932 814 es,
956 781 1067 806 serua
1088 775 1125 805 et
1146 766 1337 804 subueni:
1552 779 1591 811 35

204 834 310 871 hunc
331 847 465 872 senem
485 847 579 884 para
599 833 661 872 me
682 833 866 872 clientem
880 848 890 881 3
920 846 1135 871 memorem
1156 831 1264 870 dices
1285 830 1463 869 benefici.

205 899 274 935 LY.
308 911 375 936 ora
395 906 437 936 ut
458 898 634 949 ignoscat
654 898 807 936 delictis
827 898 903 936 tuis
923 905 1042 947 atque
1061 896 1362 935 adulescentiae.

207 964 282 1001 DE.
315 963 450 1014 pergin
476 971 518 1001 tu
544 965 707 1002 autem?
735 962 847 1001 heia!
874 962 1042 1012 superbe
1067 962 1264 1000 inuehere.
1324 975 1438 1011 spero
1459 974 1533 1011 ego

1255 1026 1352 1064 mihi
1372 1039 1533 1076 quoque

206 1102 361 1145 tempus
382 1096 459 1133 tale
479 1102 715 1133 euenturum
735 1101 778 1132 ut
797 1093 869 1132 tibi
888 1093 1051 1143 gratiam
1071 1093 1234 1131 referam
1255 1105 1399 1142 parem.

97 1172 188 1199 1000
206 1160 276 1197 LY.
309 1159 446 1197 missas
480 1159 557 1197 iam
588 1172 663 1209 ego
694 1158 788 1197 istas
817 1158 910 1196 artis
940 1157 1024 1196 feci.
1087 1158 1161 1195 DE.
1194 1165 1232 1195 et
1266 1156 1427 1206 quidem
1459 1169 1533 1206 ego
1550 1171 1593 1204 40

859 1222 1005 1261 dehinc
1024 1222 1112 1260 iam.
1174 1224 1245 1259 Ev‚
1277 1221 1373 1259 nihil
1393 1219 1532 1273 <agis):

205 1289 493 1328 consuetudine
511 1288 666 1327 animus
686 1302 798 1326 rusus
819 1296 859 1326 te
878 1289 956 1326 huc
976 1287 1148 1326 inducet.
1210 1288 1285 1324 DE.
1318 1300 1494 1337 opsecro,

205 1354 288 1392 sati'
308 1354 385 1392 iam
406 1362 448 1392 ut
468 1354 655 1392 habeatis.
715 1353 812 1403 quin
832 1353 923 1391 loris
943 1352 1097 1391 caedite
1116 1351 1246 1399 etiam,
1269 1351 1300 1390 si
1321 1351 1440 1390 lubet.

206 1421 276 1458 Lv.
308 1427 412 1458 recte
433 1419 542 1457 dicis.
602 1420 673 1457 sed
693 1418 794 1457 istuc
814 1431 911 1457 uxor
930 1417 1056 1464 faciet,
1080 1430 1202 1467 quom
1222 1418 1300 1455 hoc
1320 1416 1529 1455 resciuerit.

207 1486 281 1523 DE.
313 1484 411 1522 nihil
439 1492 557 1534 opust
585 1483 778 1522 resciscat.
845 1485 916 1521 Ev.
948 1482 1044 1532 quid
1075 1481 1190 1520 istic?
1227 1495 1314 1530 non⁵
1337 1481 1531 1528 resciscet,

1354 1559 1405 1584 ne
1424 1545 1529 1584 time.

98 1626 184 1663 1005
205 1627 342 1653 eamus
360 1613 475 1661 intro,
496 1627 580 1652 non
598 1612 773 1651 utibilest
793 1613 858 1651 hie
878 1614 1000 1660 locus,
1022 1611 1134 1650 factis
1154 1611 1242 1658 tuis,
1551 1624 1592 1656 45

205 1679 303 1716 dum
322 1691 599 1725 memoramus,
620 1677 753 1716 arbitri
774 1684 817 1715 ut
836 1677 913 1715 sint
933 1675 1002 1726 qui
1021 1683 1266 1726 praetereant
1284 1688 1353 1725 per
1372 1674 1466 1713 uias.

208 1745 284 1781 DE.
316 1744 448 1782 hercle
466 1742 535 1793 qui
554 1750 597 1781 tu
617 1749 722 1781 recte
741 1742 840 1780 dicis
856 1758 863 1781 ε
893 1742 1034 1780 eadem
1054 1740 1211 1779 breuior
1229 1739 1362 1778 fabula

205 1809 287 1847 erit.
346 1822 492 1847 eamus.
552 1809 624 1846 Ev.
656 1807 721 1846 hic
740 1815 800 1846 est
819 1807 924 1845 intus
945 1806 1047 1844 filius
1066 1806 1174 1856 apud
1193 1818 1267 1844 nos
1286 1812 1386 1844 tuos.

209 1876 284 1912 DE.
316 1882 527 1924 optumest.
586 1873 674 1911 illac
694 1887 763 1923 per
781 1874 940 1911 hortum
960 1885 1034 1910 nos
1054 1872 1220 1910 domum
1239 1870 1502 1909 transibimus.

101 1948 191 1973 1010
208 1940 278 1976 Lv.
312 1939 503 1987 Eutyche,
532 1938 636 1976 hanc
664 1938 758 1975 uolo
785 1936 883 1988 priu'
911 1935 994 1974 rem
1022 1935 1083 1986 agi
1110 1948 1229 1985 quam
1264 1948 1398 1973 meum
1430 1935 1534 1974 intro
1552 1949 1594 1982 50

1232 2001 1356 2037 refero
1375 2000 1530 2049 pedem.

251 2107 318 2146 989
340 2105 389 2136 illi
412 2105 496 2138 Leo:
532 2106 602 2136 filio
627 2105 693 2137 cod.
796 2105 923 2135 habeas
949 2103 1013 2134 cod.
1134 2104 1198 2134 sibi
1223 2103 1279 2135 alt.
1309 2102 1367 2134 del.
1399 2103 1535 2134 Guietus

208 2160 277 2189 990
298 2155 452 2189 tempere
464 2148 530 2180 cod.
548 2152 587 2180 ut
599 2148 664 2180 vid.
723 2149 820 2188 copia
834 2148 969 2179 Guz'etus
1048 2157 1112 2187 992
1129 2147 1194 2177 siet
1211 2145 1372 2186 Pylades:
1398 2151 1451 2177 est
1466 2146 1532 2178 cod.

208 2201 274 2233 995
296 2192 347 2224 vel
354 2198 388 2224 te
399 2192 461 2234 (ita
472 2192 554 2234 cod.)
652 2192 718 2231 996
740 2202 793 2222 me
808 2190 867 2223 del.
882 2191 1018 2222 Guietus
1036 2190 1091 2231 (iv.
1106 2193 1142 2229 3)
1231 2199 1294 2229 997
1319 2189 1450 2220 deliciis
1463 2189 1529 2221 cod.

213 2246 298 2267 1000
320 2236 444 2267 missus
459 2235 527 2268 cod.
658 2235 741 2266 artis
755 2235 821 2266 feci
837 2239 872 2265 et
887 2234 965 2266 Ital.
979 2245 987 2265 z
1011 2234 1168 2265 artificiet
1183 2233 1249 2264 cod.
1367 2233 1441 2271 agis
1454 2232 1532 2264 add.

208 2279 410 2310 Lachmann
501 2279 629 2319 1005—6
652 2278 849 2317 Lysimacho
864 2277 922 2309 dat
936 2277 1082 2316 Ribbeck,
1089 2277 1170 2317 sort.
1186 2281 1262 2308 recte
1361 2277 1445 2306 1006
1460 2276 1531 2308 arb.

209 2323 263 2364 ut]
280 2322 457 2354 arbitrium
474 2322 507 2355 Β
520 2333 529 2353 :
551 2323 667 2354 arbitri
683 2322 739 2352 ubi
756 2323 847 2364 (cum
862 2323 955 2362 sunt)
972 2320 1110 2361 Seyffert
