1814 2723
231 52 277 89 V.
301 50 362 87 vii
723 50 769 87 T.
804 49 983 87 MACCI
1016 49 1219 86 PLAVTI

302 174 487 199 maxumo
508 160 628 199 hodie
650 161 755 198 malo
775 160 906 197 hercle
928 164 1062 196 uostro
1083 158 1212 196 istunc
1233 158 1351 196 fertis.
1408 157 1563 197 mittite.

240 238 279 269 25
302 228 418 264 ΜΕΝ.
449 234 566 265 teneo
595 239 668 276 ego
699 224 790 263 huic
823 225 993 262 oculum.
1066 225 1172 261 MEs.
1207 225 1292 262 face
1316 231 1357 261 ut
1387 223 1490 262 oculi
1518 225 1629 262 locus

1222 287 1260 325 in
1282 287 1410 337 capite
1430 295 1627 338 appareat.

300 370 372 395 uos
402 355 567 402 scelesti,
591 368 663 393 uos
684 367 854 405 rapaces,
878 366 950 391 uos
976 354 1221 402 praedones!
1279 354 1353 390 Lo.
1383 352 1593 402 periimus!
1651 363 1738 400 1015

300 432 465 470 opsecro
489 419 643 457 hercle!
702 419 809 455 Mus.
831 414 973 453 mittite
994 429 1098 465 ergo.
1157 417 1274 453 ΜΕΝ.
1305 414 1402 464 quid
1423 429 1486 453 me
1515 414 1630 453 uobis

1443 479 1598 518 tactiost
1614 481 1631 517 ?

302 558 415 602 pecte
462 548 613 599 pugnis.
690 548 794 584 MES.
832 545 933 596 agite
964 545 1080 592 abite,
1117 544 1237 595 fugite
1276 544 1368 582 hinc
1407 544 1447 582 in
1486 545 1629 582 malam

1460 622 1627 648 crucem.

302 694 365 718 em
387 679 456 718 tibi
478 678 595 718 etiam
613 680 619 716 1
650 676 742 727 quia
762 683 983 726 postremus
1004 675 1123 723 cedis,
1147 676 1223 713 hoc
1243 674 1392 724 praemi
1412 675 1521 712 feres.

244 761 283 791 30
302 746 408 784 nimi'
430 746 531 783 bene
552 757 619 782 ora
639 741 878 781 commetaui
898 749 1017 791 atque
1037 755 1083 779 ex
1104 754 1191 779 mea
1211 739 1415 779 sententia.

302 812 460 860 edepol,
481 822 554 855 ere,
578 822 628 846 ne
649 806 719 845 tibi
740 806 941 856 suppetias
962 805 1126 856 temperi
1147 804 1292 843 adueni
1313 805 1445 843 modo.
1655 821 1743 846 1020

306 877 420 913 ΜΕΝ.
443 882 482 912 at
499 873 568 912 tibi
585 872 625 911 di
642 886 805 922 semper,
824 873 1071 919 adulescens,
1085 870 1263 921 quisquis
1284 884 1335 918 es,
1352 870 1496 908 faciant
1516 870 1629 908 bene.

305 954 396 979 nam
420 952 570 989 apsque
599 938 666 976 ted
691 936 803 984 esset,
827 936 946 975 hodie
976 949 1194 986 numquam
1218 937 1269 974 ad
1297 938 1419 974 solem
1448 949 1633 973 occasum

1443 1000 1629 1038 uiuerem.

306 1073 412 1109 MEs.
444 1083 535 1120 ergo
555 1069 708 1118 edepol,
732 1066 763 1105 si
784 1074 888 1106 recte
908 1066 1040 1114 facias,
1061 1080 1136 1114 ere,
1159 1067 1251 1105 med
1272 1065 1427 1104 emittas
1448 1079 1578 1103 manu.

245 1146 284 1179 35
306 1138 420 1174 ΜΕΝ.
455 1135 617 1173 liberem
647 1146 720 1182 ego
744 1133 812 1170 te?
882 1133 987 1169 MES.
1010 1145 1158 1178 uerum,
1191 1130 1531 1181 quandoquidem,
1558 1144 1632 1177 ere,

997 1204 1036 1236 te
1057 1196 1221 1235 seruaui.
1282 1198 1396 1234 ΜΕΝ.
1429 1195 1525 1246 quid
1546 1198 1634 1235 est?

302 1267 547 1312 adulescens,
579 1277 691 1303 erras.
753 1265 858 1301 MES.
900 1262 1009 1313 quid,
1045 1264 1159 1301 erro?
1226 1263 1341 1300 ΜΕΝ.
1384 1274 1453 1311 per
1492 1263 1631 1300 Iouem
1654 1274 1742 1310 1025

1311 1326 1449 1365 adiuro
1469 1334 1631 1377 patrem,

306 1398 398 1436 med
418 1410 526 1435 erum
549 1403 659 1434 tuom
688 1408 767 1433 non
789 1407 885 1433 esse.
947 1394 1052 1431 MEs.
1084 1406 1165 1431 non
1195 1394 1331 1431 taces?
1402 1394 1516 1430 ΜΕΝ.
1553 1405 1633 1430 non

1441 1456 1609 1496 mentior
1625 1472 1635 1505 ,-

305 1541 379 1567 nec
400 1529 502 1566 meu'
522 1539 656 1565 seruos
676 1538 896 1575 numquam
916 1525 993 1563 tale
1014 1523 1106 1563 fecit
1127 1525 1242 1574 quale
1263 1531 1304 1562 tu
1326 1523 1433 1562 mihi.
1608 1523 1611 1527 ’

306 1595 412 1631 MES.
444 1592 499 1630 sic
520 1591 608 1630 sine·
624 1590 747 1640 igitur,
772 1590 803 1628 si
824 1597 935 1628 tuom
956 1603 1075 1640 negas
1097 1603 1160 1628 me
1180 1591 1277 1637 esse,
1299 1589 1406 1627 abire
1427 1589 1605 1627 liberum.

243 1671 287 1704 40
307 1660 421 1696 ΜΕΝ.
439 1670 525 1695 mea
541 1656 701 1706 quidem
715 1656 846 1693 hercle
860 1668 998 1693 caussa
1010 1654 1108 1693 liber
1120 1661 1205 1692 esto
1217 1661 1336 1704 atque
1349 1654 1404 1692 ito
1417 1667 1497 1704 quo
1510 1656 1630 1693 uoles.

306 1725 410 1761 MEs.
443 1723 573 1772 nemp'
594 1721 737 1759 iubes?
808 1721 922 1758 ΜΕΝ.
946 1719 1065 1758 iubeo
1085 1721 1226 1767 hercle,
1249 1719 1280 1758 si
1301 1719 1396 1769 quid
1417 1719 1555 1770 imperi
1575 1726 1632 1757 est
1655 1731 1745 1767 1030

1405 1784 1444 1822 in
1465 1792 1503 1822 te
1523 1783 1629 1822 mihi.

307 1855 411 1891 MEs.
443 1854 563 1899 salue,
585 1851 637 1889 mi
658 1859 832 1901 patrone.
896 1855 904 1870 ‘
918 1865 1039 1901 quom
1060 1858 1102 1889 tu
1123 1850 1221 1890 liber
1241 1864 1292 1898 es,
1319 1849 1532 1897 Messenio,

304 1919 482 1968 gaudeo.'
539 1918 657 1955 credo
679 1918 809 1955 hercle
830 1916 957 1955 uobis.
1017 1918 1098 1963 sed,
1121 1923 1296 1966 patrone,
1320 1923 1358 1953 te
1379 1928 1555 1966 opsecro,

306 1997 355 2021 ne
376 1982 505 2020 minus
526 1980 693 2031 imperes
716 1981 811 2019 mihi
833 1995 952 2031 quam
974 1994 1095 2031 quom
1117 1988 1205 2019 tuos
1227 1994 1361 2019 seruos
1382 1980 1447 2018 fui.

351 2097 433 2126 1013
458 2087 548 2117 herc.
568 2087 644 2116 hod.
665 2096 728 2116 ma.
744 2085 847 2116 Bothe
979 2095 1063 2124 1019
1087 2085 1188 2115 nimis
1198 2085 1322 2116 Bothe:
1349 2085 1448 2115 nimis
1464 2082 1550 2124 [aut]
1566 2084 1633 2115 cod.

308 2142 391 2161 1020
429 2134 582 2169 tempore
609 2129 673 2159 cod.
828 2139 912 2159 1022
944 2129 993 2159 vel
1015 2128 1108 2168 apsq'
1262 2138 1343 2167 1027
1380 2139 1536 2168 umquam
1560 2128 1634 2158 PCD

308 2175 390 2205 1028
414 2174 464 2205 vel
492 2174 570 2204 med
695 2176 769 2212 post
796 2173 879 2203 1028
911 2172 1010 2203 mP
1038 2173 1193 2212 leguntur
1219 2182 1268 2202 vv.
1303 2181 1450 2211 1037-43
1479 2182 1539 2202 suo
1569 2171 1634 2201 loco

266 2246 275 2256 »„
306 2218 469 2249 redeuntes
509 2218 534 2256 (3
547 2216 642 2257 prius
675 2217 791 2246 omissi
830 2219 961 2256 propter
998 2215 1182 2246 lzomoeotel.
1222 2216 1473 2255 marsuppium;
1521 2215 1552 2246 ii.
1595 2215 1631 2254 6)

309 2272 436 2300 1031—2
459 2260 529 2292 vide
552 2270 591 2290 ne
614 2259 668 2289 illa
702 2260 949 2298 patrone—sed
972 2263 1107 2304 pgopter
1126 2259 1396 2289 homoeoteleuton
1423 2258 1637 2290 inlera'derint

307 2305 341 2336 in
364 2305 409 2342 A,
436 2304 495 2344 qui
516 2304 598 2334 inter
625 2313 675 2334 vv.
706 2303 789 2333 1026
812 2306 841 2333 et
874 2313 957 2342 1034
981 2313 1046 2343 sex,
1074 2313 1140 2333 non
1170 2305 1298 2342 septem,
1325 2312 1435 2333 versus
1462 2302 1638 2333 exhibuisse

308 2348 436 2379 videtur
