1814 2723
270 498 309 533 75

270 825 313 854 80

271 1485 315 1517 90

274 1812 316 1845 95

336 2207 379 2237 86
397 2206 438 2237 Et
455 2205 582 2236 Rz'tsclzl

339 2293 406 2325 cod.

379 1909 415 1940 71
440 1899 571 1930 occasis
588 1899 757 1939 (occasus)
777 1900 842 1931 cod.

723 52 769 88 T.
801 49 981 88 MACCI
1013 50 1217 87 PLAVTI

436 161 685 208 laborauisse‚
709 173 828 210 quom
851 161 949 198 haec
969 166 1079 210 pater
1098 158 1172 198 sibi
1192 158 1339 199 diceret
1358 174 1365 197 :

438 226 529 265 ‘tibi
550 227 645 273 aras,
668 225 738 264 tibi
759 239 886 272 occas,
908 224 979 263 tibi
1001 224 1104 272 seris,
1128 224 1199 263 tibi
1219 224 1313 263 item
1334 223 1458 271 metis,

435 291 506 330 tibi
528 291 699 341 denique
720 290 792 329 iste
813 289 935 340 pariet
956 289 1145 328 laetitiam
1166 290 1302 328 labos.'

434 364 645 406 postquam
667 362 834 394 recesset
855 354 936 393 uita
956 354 1081 405 patrio
1102 367 1275 404 corpore,

434 435 570 471 agrum
591 435 633 459 se
653 419 879 459 uendidisse
898 427 1017 469 atque
1038 432 1084 457 ea
1103 418 1271 469 pecunia

435 486 580 533 nauirn,
605 493 786 524 metretas
808 499 909 535 quae
929 491 1123 523 trecentas
1143 485 1305 531 tolleret,

436 565 592 602 parasse
612 558 731 601 atque
752 564 798 589 ea
819 564 860 588 se
882 549 1021 588 mercis
1043 556 1243 588 uectatum
1264 548 1453 600 undique,

434 619 536 656 adeo
557 618 664 664 dum,
687 630 788 666 quae
809 623 892 654 tum
914 616 1086 662 haberet,
1109 615 1323 666 peperisset
1342 616 1474 663 bona,·

437 697 500 721 me
521 682 627 721 idem
649 683 803 729 decere,
824 681 855 719 si
876 688 918 719 ut
939 682 1097 719 deceret
1118 694 1182 719 me
1202 682 1335 719 forem.

438 762 510 799 ego
532 749 594 786 me‘
616 747 684 785 ubi
705 746 876 785 inuisum
899 759 988 785 meo
1008 746 1107 796 patri
1129 759 1213 784 esse
1233 745 1417 796 intellego

437 821 557 864 atque
578 812 671 851 odio
692 817 802 853 †esse
824 817 912 852 me†
934 811 1028 862 quoi
1050 813 1204 862 placere
1223 825 1394 861 aequom
1414 810 1496 858 fuit,

437 892 574 917 amens
594 892 810 928 amansque
831 879 870 916 ui
890 877 1067 916 animum
1088 878 1241 916 offirmo
1261 890 1405 924 meum,

437 944 529 983 dico
549 957 634 983 esse
654 943 798 982 iturum
819 957 882 981 me
904 950 1131 989 mercatum,
1154 942 1186 981 si
1206 942 1323 981 uelit:

435 1023 611 1048 amorem
632 1008 796 1047 missurn
816 1010 943 1046 facere
964 1021 1041 1055 me,
1061 1009 1157 1046 dum
1178 1006 1233 1045 illi
1253 1020 1456 1058 opsequar.

436 1074 515 1125 agit
534 1073 674 1124 gratias
695 1072 749 1111 mi
768 1081 887 1123 atque
908 1071 1110 1123 ingenium
1130 1073 1318 1111 adlaudat
1338 1085 1471 1111 meum
1486 1086 1498 1120 3

439 1141 509 1178 sed
530 1153 619 1178 mea
637 1138 829 1190 promissa
850 1151 931 1177 non
952 1136 1121 1187 neglexit
1141 1137 1333 1187 persequi.

437 1204 619 1244 aedificat
639 1203 773 1242 nauim
795 1217 999 1242 cercurum
1020 1210 1058 1241 et
1078 1202 1218 1241 mercis
1238 1201 1342 1250 emit,

437 1277 571 1321 parata
591 1269 683 1307 naui
704 1268 883 1319 imponit,
908 1275 1107 1318 praeterea
1128 1266 1225 1305 mihi

438 1337 630 1374 talentum
649 1333 798 1385 argenti
819 1333 925 1384 ipsus
946 1347 1017 1372 sua
1036 1334 1268 1371 adnumerat
1289 1346 1407 1371 manu
1422 1348 1432 1381 3

440 1413 596 1439 seruom
617 1414 696 1438 una
716 1399 845 1446 mittit,
868 1398 936 1449 qui
956 1398 1050 1437 olim
1071 1412 1194 1449 puero
1213 1400 1377 1449 paruolo

442 1465 539 1503 mihi
559 1466 809 1515 paedagogus
830 1466 965 1511 fuerat,
989 1462 1100 1513 quasi
1122 1463 1178 1501 uti
1199 1463 1295 1502 mihi
1315 1465 1414 1503 foret

441 1538 584 1569 custos.
643 1529 703 1568 his
724 1529 779 1568 sic
799 1528 989 1568 confectis
1009 1528 1144 1567 nauim
1165 1528 1366 1567 soluimus.

440 1597 632 1635 Rhodum
653 1595 845 1642 uenimus,
869 1594 937 1633 ubi
954 1608 1059 1644 quas
1073 1595 1213 1633 mercis
1233 1608 1415 1634 uexeram

437 1661 568 1701 omnis
588 1668 630 1699 ut
651 1659 760 1699 uolui
780 1659 944 1699 uendidi
965 1674 1011 1698 ex
1031 1660 1235 1699 sententia.

440 1729 592 1766 lucrum
613 1726 749 1777 ingens
770 1726 872 1765 facio
892 1734 1165 1776 praeterquam
1186 1726 1282 1764 mihi
1303 1727 1405 1766 meu'
1425 1734 1535 1778 pater

442 1794 551 1832 dedit
571 1800 808 1832 aestumatas
829 1791 969 1831 mercis
986 1807 993 1829 ι
1024 1791 1078 1830 ita
1098 1792 1295 1842 peculium

339 2336 522 2374 isseiconf„
539 2336 559 2367 i.
577 2346 600 2366 e.
618 2336 645 2366 is
662 2335 730 2366 seie
748 2335 835 2366 conf.
849 2336 874 2375 ἰ)
1008 2345 1050 2375 95
1074 2335 1161 2366 facio
1177 2334 1250 2366 Ital.
1272 2346 1278 2365 :
1303 2334 1388 2365 facto
1404 2333 1469 2365 cod.

926 1900 1006 1930 item
1029 1900 1184 1931 Guietus:
1208 1899 1318 1931 eidem
1336 1899 1400 1931 cod.
1422 1898 1516 1939 (lpro
1531 1903 1566 1929 et
1582 1908 1659 1928 corr.

335 1943 438 1984 idem)
506 1946 612 1974 metes
630 1942 780 1974 Muretus
924 1955 964 1984 73
990 1943 1132 1975 recessit
1147 1942 1213 1974 cod.
1357 1944 1398 1982 76
1421 1953 1461 1973 ea
1486 1953 1522 1973 se
1540 1942 1661 1973 mercis

337 1987 553 2020 Gulielmius:
575 1997 648 2017 eam
658 1997 795 2027 semper
805 1987 855 2018 cis
867 1987 932 2018 cod.
946 1988 981 2026 (i.
999 1988 1034 2027 5)
1090 1991 1257 2017 uectatam
1269 1986 1345 2016 PCD

334 2031 507 2062 Muretus:
530 2035 688 2069 questum
705 2031 772 2063 cod.

1435 1996 1473 2025 77
1491 1996 1576 2025 quae
1591 1989 1660 2016 tum

881 2032 922 2070 78
946 2031 1073 2062 diceret
1090 2031 1118 2061 si
1137 2035 1173 2061 ut
1189 2031 1317 2061 diceret
1333 2029 1397 2060 cod.
1409 2041 1416 2060 :
1432 2040 1508 2060 corr.
1523 2028 1663 2068 Pylades

335 2077 373 2106 81
401 2085 454 2105 me
471 2084 547 2105 esse
563 2073 710 2113 Pylades
721 2075 805 2115 fort.
824 2079 898 2105 recte
915 2075 962 2113 (ii
984 2075 1038 2114 1):
1062 2084 1138 2105 esse
1156 2075 1186 2104 ei
1203 2073 1338 2104 Ribbeck

335 2118 424 2150 cod.:
448 2128 524 2149 corr.
544 2117 756 2149 Camenarins
844 2119 900 2149 vix
914 2119 979 2148 ess'
997 2129 1050 2148 me
1066 2118 1156 2158 quoii
1174 2117 1307 2156 placere
1396 2118 1438 2147 82
1462 2117 1495 2146 ui
1517 2115 1662 2156 Ussz'2ng

336 2167 372 2192 ut
396 2161 463 2193 cod.
490 2162 535 2201 (v.
563 2172 592 2201 7,
620 2172 651 2201 p.
674 2163 753 2201 77):
777 2166 813 2192 ut
837 2160 955 2205 (sum)
973 2162 1013 2202 (2)
1032 2160 1117 2192 Leo:
1143 2161 1203 2192 uix
1219 2160 1359 2191 Skutsch
1378 2160 1511 2201 (Herm.
1530 2169 1583 2199 32,
1601 2158 1659 2198 92)

690 2207 731 2245 87
757 2215 934 2236 cercurum
951 2204 1043 2244 quod
1055 2208 1194 2235 testatur
1206 2204 1337 2235 Nomus
1352 2213 1416 2243 533
1432 2204 1529 2234 etiam
1545 2213 1579 2233 m
1595 2201 1660 2233 cod.

327 2249 436 2289 fuisse
461 2249 589 2280 videtur
603 2248 784 2289 (gerariam
813 2249 896 2289 PCD,
923 2249 1184 2288 gubernatorum
1209 2247 1255 2284 Β)

550 2303 594 2332 90
611 2302 640 2322 ο.
661 2303 680 2322 a
697 2303 751 2332 pu.
771 2292 820 2323 D2
968 2300 1011 2333 92
1034 2292 1087 2323 his
1103 2292 1151 2322 sic
1168 2302 1195 2322 c.
1215 2291 1339 2322 Bothe:
1362 2291 1444 2322 isset
1462 2300 1489 2322 c.
1507 2289 1571 2321 cod.
1591 2291 1665 2329 (pro

1404 2073 1495 2112 quod
1513 2073 1661 2112 placeret

1398 2248 1442 2287 89
1465 2247 1663 2277 abnumerat

1675 494 1717 531 75

1678 757 1734 794 79,
1750 750 1796 784 80

1679 1737 1723 1774 95
