1742 2718
694 79 1019 117 AVLVLARIA
1465 83 1516 118 11.
1540 82 1567 119 ii

190 207 284 232 num
319 207 420 243 quae
454 206 592 231 caussa
620 200 678 231 est
712 191 832 230 hodie
862 190 956 242 quin
992 191 1211 229 faciamus?
1270 195 1365 230 Evc.
1398 193 1520 231 immo

1182 256 1323 306 edepol
1345 266 1516 308 optuma.

193 325 273 360 ME.
307 322 373 361 ibo
411 322 535 373 igitur,
573 322 730 373 parabo.
792 320 987 371 numquid
1025 335 1088 360 me
1127 321 1216 359 uis?
1279 324 1374 360 Evc.
1407 323 1515 362 istuc.
1540 336 1579 376 85

1330 388 1341 424 1'
1361 395 1398 425 et
1419 390 1516 426 uale.

192 454 273 491 ME.
311 453 419 499 heus,
465 451 644 498 Strobile‚
690 465 853 502 sequere
896 464 1061 502 propere
1106 465 1169 490 me
1213 453 1264 490 ad
1311 454 1518 490 macellum

1294 524 1518 556 strenue.-

103 582 167 627 265
191 584 286 621 Evc.
319 581 396 621 illic
426 582 519 621 hinc
549 581 654 622 abiit.
714 581 755 620 di
781 581 1020 628 inmortales,
1050 594 1230 632 opsecro,
1256 595 1394 620 aurum
1422 582 1518 632 quid

1390 649 1518 686 ualet!

186 713 306 752 credo
326 726 398 762 ego
419 712 528 751 illum
549 711 627 750 iarn
647 711 876 751 indaudisse
897 711 951 750 mi
971 725 1057 751 esse
1077 713 1333 750 thensaurum
1355 712 1474 751 domi.

187 776 227 816 id
248 777 382 824 inhiat,
405 791 452 816 ea
471 777 718 816 adfinitatem
738 778 842 815 hanc
862 776 1079 827 opstinauit
1098 776 1230 827 gratia.

543 882 754 918 Echlo
865 881 1161 918 STAPHYLA
1534 887 1577 923 iii

190 960 286 996 Evc.
319 956 397 995 Vbi
417 965 459 995 tu
480 970 520 995 es
542 970 643 1007 quae
662 955 957 995 deblaterauisti
977 955 1055 995 iam
1075 956 1215 996 uicinis
1236 957 1422 997 omnibus

187 1037 298 1062 meae
318 1036 381 1061 me
402 1022 504 1061 filiae
523 1023 708 1061 daturum
728 1022 894 1060 dotem?
922 1022 1031 1069 heus,
1055 1023 1253 1073 Staphyla,
1275 1031 1314 1061 te
1334 1037 1447 1062 uoco.

99 1100 168 1136 270
185 1087 329 1138 ecquid
350 1087 492 1126 audis?
521 1088 682 1126 uascula
701 1086 806 1125 intus
826 1100 923 1136 pure
942 1100 1109 1138 propera
1127 1094 1247 1137 atque
1267 1089 1354 1127 elue
1371 1103 1378 1126 :

185 1153 305 1191 filiam
325 1151 522 1203 despondi
542 1165 615 1202 ego
632 1166 639 1190 :
668 1151 790 1192 hodie
809 1151 902 1190 huic
921 1159 1090 1203 nuptum
1113 1153 1333 1203 Megadoro
1353 1154 1469 1193 dabo.

185 1220 276 1258 STA.
308 1217 348 1257 di
374 1218 478 1257 bene
504 1224 672 1257 uortant.
731 1231 870 1256 uerum
895 1224 1047 1256 ecastor
1071 1230 1151 1256 non
1179 1225 1320 1268 potest,
1342 1218 1516 1258 subitum
1538 1237 1555 1269 5

1309 1291 1367 1323 est
1387 1283 1515 1322 nimis.

186 1351 283 1389 Evc.
316 1355 402 1388 tace
425 1355 546 1400 atque
571 1347 647 1387 abi.
707 1355 842 1387 curata
868 1349 929 1386 fac
956 1347 1034 1386 sint
1061 1361 1183 1398 quom
1203 1362 1226 1386 a
1246 1349 1331 1387 foro
1358 1350 1516 1388 redeam

1327 1415 1492 1453 domum
1508 1429 1518 1462 3

182 1486 302 1530 atque
330 1479 441 1519 aedis
470 1480 637 1520 occlude
651 1494 662 1528 3
701 1478 778 1518 iam
807 1492 881 1530 ego
911 1478 975 1518 hic
1003 1478 1415 1529 adero.-STA.*quid
1444 1493 1517 1529 ego

1249 1558 1355 1582 nunc
1374 1545 1517 1595 agam?

98 1619 162 1658 275
184 1624 290 1650 nunc
310 1610 426 1650 nobis
447 1624 569 1662 prope
589 1612 702 1650 adest
721 1609 896 1656 exitium,
920 1609 1017 1649 mihi
1037 1617 1156 1660 atque
1177 1609 1258 1648 erili
1279 1609 1393 1656 filiae,

184 1689 290 1716 nunc
309 1676 497 1729 probrum
517 1683 636 1726 atque
656 1675 855 1726 partitudo
874 1688 998 1726 prope
1016 1676 1130 1714 adest
1149 1682 1192 1713 ut
1213 1676 1278 1713 fiat
1298 1676 1427 1725 palam
1442 1690 1453 1723 3

183 1741 293 1792 quod
312 1742 482 1780 celatum
508 1749 627 1791 atque
648 1742 888 1779 occultatum
909 1747 968 1779 est
994 1754 1120 1790 usque
1139 1741 1282 1787 adhuc,
1304 1753 1410 1778 nunc
1434 1753 1514 1778 non
1538 1760 1576 1781 10

1372 1812 1511 1855 potest.

183 1870 250 1910 ibo
270 1870 382 1919 intro,
405 1879 448 1911 ut
468 1885 556 1911 erus
576 1885 678 1923 quae
697 1871 906 1922 imperauit
925 1872 1038 1918 facta,
1061 1884 1183 1922 quom
1205 1869 1349 1917 ueniat,
1372 1869 1482 1909 sient.
1519 1880 1521 1882 “

183 1950 275 1975 nam
296 1944 448 1977 ecastor
467 1939 614 1977 malum
636 1951 811 1977 maerore
831 1944 967 1976 metuo
986 1950 1037 1975 ne
1057 1935 1223 1975 mixtum
1244 1935 1447 1975 bibam.—

227 2034 291 2064 262
316 2037 367 2064 est
388 2043 460 2064 cau.
484 2032 628 2074 Wagner
651 2035 762 2064 contra
778 2031 976 2063 Plautinum
1002 2031 1158 2072 loquendi
1177 2042 1303 2063 morem
1413 2031 1514 2063 hodie

181 2076 262 2116 quin
275 2076 297 2107 f.
312 2086 481 2116 numquae
494 2087 594 2108 causa
606 2080 660 2108 est
672 2076 738 2107 cod.
755 2088 762 2107 z
783 2075 893 2106 traieci
902 2075 949 2116 (q.
963 2075 983 2107 f.
996 2075 1028 2106 h.
1042 2076 1145 2116 Bn'x)
1220 2076 1240 2108 i.
1256 2076 1371 2108 hercle
1385 2086 1416 2107 0.
1430 2076 1515 2107 Brt'x

182 2119 234 2159 (cf
252 2118 323 2151 Mil.
347 2130 429 2160 1270
445 2120 559 2152 hercle
570 2125 635 2161 pro
647 2119 771 2160 edepol
788 2119 877 2158 PCD)
958 2120 1022 2158 263
1041 2119 1050 2148 i
1069 2119 1131 2160 (ei)
1151 2123 1185 2150 et
1195 2119 1349 2151 Mueller:
1371 2120 1429 2150 fiet
1444 2119 1512 2151 cod.

181 2162 227 2202 (F
240 2168 300 2203 pro
311 2163 352 2203 E)
372 2175 379 2194 :
402 2164 413 2194 i
431 2163 493 2205 (ei)
513 2164 586 2202 (del.
602 2164 653 2203 et)
672 2162 827 2194 Lebreton
844 2161 896 2202 (cs
917 2163 997 2203 458)
1146 2164 1211 2194 266
1233 2163 1405 2195 inaudisse
1421 2163 1485 2194 cod.
1504 2174 1511 2192 :

181 2206 388 2238 inaudiuisse
405 2206 493 2238 codd.
511 2207 617 2238 Nonii
629 2217 695 2247 500
713 2206 767 2246 (cf.
788 2205 894 2236 Brock
908 2209 1031 2244 quaest.
1052 2206 1207 2238 Gramm.
1226 2218 1257 2247 p.
1281 2211 1356 2247 144)
1447 2208 1510 2238 268

181 2249 411 2282 deblattauisti
424 2249 491 2282 cod.
507 2261 515 2281 t
538 2250 757 2282 deblaterasti
771 2248 860 2280 codd.
875 2248 978 2279 Nonii
991 2259 1033 2288 44
1050 2249 1145 2289 (sort.
1167 2251 1255 2291 recte)
1359 2261 1419 2290 271
1445 2261 1509 2290 ego

180 2293 282 2324 hodie
294 2292 425 2325 Merula
440 2305 448 2326 ε
472 2294 575 2325 hodie
592 2305 655 2334 ego
669 2292 733 2324 cod.
834 2302 897 2331 274
922 2293 1016 2323 aedis
1033 2293 1174 2326 occlude
1188 2293 1343 2326 Guietus:
1369 2294 1509 2326 occlude

179 2337 275 2368 aedis
298 2336 363 2368 cod.
510 2339 575 2377 276
598 2336 706 2377 nunc]
732 2345 808 2367 narn
833 2335 907 2368 Ital.
1041 2346 1106 2377 279
1129 2347 1279 2369 maerore
1306 2338 1506 2369 Gronovius:

181 2390 350 2411 merorem
362 2379 428 2412 cod.
480 2382 662 2413 minixtum
679 2381 836 2422 (mixtum
852 2378 883 2409 V
888 2379 914 2421 2)
928 2379 994 2412 cod.
1011 2380 1068 2421 (iv.
1080 2381 1137 2423 3):
1161 2381 1337 2413 inmixtum
1353 2382 1509 2412 Gruterus
