1742 2718
735 52 965 92 CAPTIVI
1439 50 1516 87 ΙΙΙ.
1539 59 1570 86 v

187 162 288 204 inter
308 176 379 202 uos
399 161 658 213 permutastis.
719 162 792 198 Tv.
824 162 947 199 fateor
967 159 1101 198 omnia

188 230 289 267 facta
310 242 394 267 esse
415 227 467 266 ita
488 234 529 265 ut
548 225 626 278 <tu>
645 225 753 271 dicis,
777 232 815 264 et
836 224 996 263 fallaciis

187 292 331 331 abiisse
351 305 441 330 eum
462 304 532 341 aps
553 298 591 329 te
612 304 700 328 mea
720 303 839 340 opera
859 297 978 339 atque
1002 288 1143 327 astutia
1158 303 1167 336 3

101 360 170 396 680
188 370 250 404 an,
273 370 438 407 opsecro
458 357 588 394 hercle
610 364 658 402 te,
682 355 722 394 id
743 369 849 393 nunc
871 368 1075 393 suscenses
1096 354 1225 392 mihi?

190 424 270 460 HE.
304 430 342 460 at
363 435 453 460 cum
474 421 649 460 cruciatu
671 434 856 459 maxumo
877 420 918 458 id
939 422 1122 458 factumst
1143 427 1224 457 tuo.

188 488 223 525 T
227 499 261 525 v.
294 488 389 526 dum
411 500 460 525 ne
481 488 533 525 ob
555 488 656 524 male
677 487 778 523 facta
799 499 967 535 peream,
991 485 1100 534 parui
1122 484 1325 523 existumo.

189 552 220 590 si
240 566 313 602 ego
333 552 397 590 hic
418 552 565 602 peribo,
588 558 646 589 ast
667 550 731 589 ille
752 558 793 588 ut
814 550 909 588 dixit
931 563 1010 588 non
1033 549 1143 596 redit,

188 625 227 656 at
243 618 313 656 erit
334 617 387 654 mi
408 618 484 655 hoc
505 618 652 654 factum
673 623 828 654 mortuo
850 614 1117 661 memorabile,

101 685 167 730 685
188 681 286 734 (me)
306 696 438 720 meum
460 695 568 720 erum
590 688 749 731 captum
770 694 816 719 ex
840 679 1026 718 seruitute
1046 687 1165 728 atque
1186 678 1366 716 hostibus

189 748 374 785 reducem
396 746 534 785 fecisse
554 746 721 785 liberum
742 746 782 784 in
803 745 967 796 patriam
988 745 1040 782 ad
1060 751 1222 794 patrem,

188 825 402 862 meumque
423 807 639 862 potius‘me
659 819 776 861 caput
797 810 972 861 periculo

188 877 484 927 praeoptauisse
505 890 625 927 quam
649 876 680 914 is
701 876 843 926 periret
863 889 1021 926 ponere.

191 944 271 980 HE.
303 942 421 980 facito
442 955 533 992 ergo
553 950 595 980 ut
615 941 857 980 Accherunti
878 942 1008 979 clueas
1028 939 1160 990 gloria.

101 1009 172 1052 690
189 1009 263 1045 ΤΥ.
295 1008 362 1057 qui
383 1021 451 1058 per
471 1007 656 1046 uirtutem
677 1006 800 1057 periit,
823 1014 862 1045 at
896 1020 978 1045 non
998 1006 1138 1044 interit.

191 1075 272 1111 HE.
304 1074 466 1123 quando
486 1085 560 1122 ego
580 1080 618 1111 te
639 1072 827 1123 exemplis
847 1072 1072 1111 excruciaro
1092 1071 1286 1121 pessumis

187 1146 306 1188 atque
327 1139 380 1176 ob
401 1139 544 1176 sutelas
565 1146 650 1176 tuas
672 1146 710 1176 te
730 1137 846 1177 morti
867 1137 1020 1184 misero,

189 1205 251 1241 uel
273 1211 310 1242 te
330 1203 520 1242 interiisse
542 1205 603 1242 uel
624 1203 783 1252 periisse
804 1202 1032 1253 praedicent
1050 1217 1060 1249 ;

189 1270 285 1307 dum
305 1282 450 1319 pereas,
475 1268 571 1306 nihil
592 1267 784 1306 interdico
804 1267 910 1306 aiant
930 1267 1074 1306 uiuere.

101 1333 168 1378 695
189 1335 261 1372 ΤΥ.
294 1336 360 1384 pol
381 1334 412 1372 si
433 1334 533 1372 istuc
553 1333 659 1381 faxis,
683 1335 761 1372 hau
782 1333 866 1371 sine
886 1347 1015 1383 poena
1035 1332 1185 1382 feceris,

189 1399 220 1437 si
241 1399 304 1437 ille
324 1400 402 1437 huc
422 1399 576 1447 rebitet,
597 1399 696 1437 sicut
716 1399 877 1437 confido
897 1400 1042 1437 adfore.

189 1466 264 1502 AR.
298 1477 368 1514 pro
389 1464 430 1503 di
450 1464 676 1503 inmortales
696 1467 702 1501 !
733 1477 840 1501 nune
860 1477 933 1513 ego
954 1471 1086 1511 teneo,
1105 1476 1211 1501 nunc
1232 1462 1313 1501 scio

188 1529 284 1579 quid
304 1531 381 1568 hoc
402 1531 450 1568 sit
471 1529 614 1580 negoti.
674 1531 776 1568 meu'
797 1529 943 1567 sodalis
965 1528 1206 1567 Philocrates
1293 1522 1301 1525 ”

188 1594 228 1633 in
249 1594 426 1633 libertate
447 1602 505 1633 est
525 1596 576 1633 ad
596 1602 747 1644 patrem
767 1594 807 1632 in
828 1594 961 1644 patria.
1021 1594 1123 1632 bene
1143 1601 1213 1641 est,

102 1671 171 1706 700
189 1673 262 1699 nec
281 1659 485 1712 (usquam)
503 1660 713 1710 quisquam
734 1667 792 1698 est
814 1659 867 1697 mi
887 1672 1013 1709 aeque
1034 1659 1173 1697 melius
1194 1658 1288 1709 quoi
1309 1658 1440 1697 uelim.

188 1725 257 1763 sed
278 1725 354 1763 hoc
374 1724 471 1762 mihi
490 1737 603 1775 aegre
623 1732 691 1772 est,
710 1738 774 1763 me
794 1724 886 1763 huic
906 1723 1063 1763 dedisse
1083 1737 1242 1774 operam
1264 1726 1420 1771 malam,

186 1789 254 1839 qui
273 1803 380 1828 nunc
400 1797 558 1840 propter
577 1803 640 1828 me
661 1803 829 1840 meaque
850 1790 970 1828 uerba
990 1789 1146 1828 uinctus
1167 1797 1235 1827 est.

190 1856 268 1893 HE.
302 1855 441 1894 uotuin
461 1863 498 1893 te
519 1855 732 1905 quicquam
753 1855 807 1893 mi
827 1855 947 1894 hodie
967 1856 1107 1894 falsum
1129 1855 1340 1905 proloqui?

231 1960 295 1998 678
319 1964 355 1989 ut
373 1958 453 2001 (tu)
467 1959 678 1990 Camerarius
693 1970 700 1989 ε
714 1959 795 1998 sort.
814 1964 848 1989 ut
861 1958 993 2001 (sacta)
1125 1959 1190 1988 682
1215 1959 1383 1989 existumo
1394 1957 1519 1989 Bothe:

189 2007 320 2033 estumo
345 2002 411 2034 cod.
443 2003 478 2042 (i.
491 2013 515 2034 e.
548 2002 650 2042 aest-)
669 2014 676 2033 ε
699 2001 777 2044 (id)
794 2007 876 2034 aest.
897 2002 1038 2043 Pylades
1126 2004 1191 2041 685
1216 2013 1269 2033 me
1286 2002 1362 2034 add.
1381 2002 1521 2041 Pylades

188 2047 249 2083 691
277 2046 443 2085 pessumis
460 2047 704 2077 excruciauero
722 2045 788 2076 cod.
804 2057 810 2076 :
838 2046 911 2077 trai.
928 2046 1032 2076 Bothe
1050 2046 1084 2086 (i,
1098 2056 1131 2086 p.
1146 2049 1202 2085 37)
1293 2048 1357 2086 694
1383 2046 1519 2076 interdo

188 2088 329 2129 Spengel
456 2090 551 2120 aiant
567 2090 739 2120 Flecke1sen
754 2100 760 2119 :
787 2089 902 2120 dicant
925 2089 991 2120 cod.
1014 2091 1091 2130 (pro
1108 2090 1214 2119 dianti
1238 2090 1272 2120 (d
1286 2094 1351 2130 pro
1367 2100 1385 2119 a
1400 2099 1407 2127 ;
1431 2090 1468 2128 cf.
1486 2100 1516 2120 v.

191 2142 230 2171 72
259 2133 314 2162 dio
336 2138 399 2172 pro
424 2133 492 2169 aio)
625 2134 691 2173 696
715 2133 837 2163 rebitet
863 2132 1042 2172 ‘quidam’
1069 2138 1120 2173 ap.
1149 2132 1319 2164 Pareum:
1344 2133 1466 2163 redibit
1484 2137 1518 2162 et

188 2175 256 2206 cod.
285 2176 318 2215 (i.
345 2177 379 2216 7)
445 2177 551 2207 affore
576 2176 684 2206 Pius:
708 2176 826 2206 afforet
848 2176 914 2207 cod.
1017 2177 1081 2213 698
1106 2177 1167 2207 hoc
1185 2177 1227 2207 sit
1243 2176 1371 2207 Bothe:
1395 2175 1517 2206 sithoc

189 2219 268 2258 cod.‚
289 2223 398 2249 contra
416 2224 559 2250 metrum
652 2222 718 2258 699
741 2219 829 2249 bene
845 2224 898 2250 est
913 2220 947 2250 in
964 2220 1055 2249 initio
1071 2230 1101 2250 v.
1124 2229 1188 2258 700
1204 2221 1236 2250 in
1255 2220 1332 2255 cod.,
1348 2220 1409 2259 qui
1420 2223 1519 2249 tomus

188 2263 247 2292 loa'
261 2272 414 2292 versuum
433 2263 653 2294 discretionem
671 2263 832 2294 turbavzt:
861 2263 917 2293 vix
932 2263 1018 2293 bene
1039 2267 1102 2302 est,
1121 2263 1215 2294 Bene
1235 2268 1297 2301 est,
1316 2273 1379 2294 nec
1455 2273 1518 2301 700

191 2316 332 2346 usquam
349 2305 424 2338 add.
437 2305 554 2348 Lange
569 2306 686 2349 (Fleck.
701 2306 820 2345 Jahrb.
842 2307 937 2346 1894,
954 2317 990 2346 p.
1007 2307 1086 2347 283)
1143 2307 1188 2336 mi
1204 2305 1332 2349 (alius)
1344 2306 1516 2337 Fleckezsen
