1814 2723
295 44 361 82 I.i
760 44 806 80 T.
841 42 1021 81 MACCI
1053 42 1257 79 PLAVTI

347 154 400 193 ita
420 162 477 193 est
496 155 728 193 adulescens
742 168 752 201 3
781 152 888 203 ipsus
909 166 1022 191 escae
1043 165 1259 198 maxumae,
1693 160 1767 193 100

287 232 325 263 25
347 218 508 258 Cerialis
529 232 645 257 cenas
666 219 745 264 dat,
767 217 821 255 ita
841 230 996 256 mensas
1017 216 1188 263 exstruit,

343 290 470 322 tantas
490 283 651 322 struices
672 281 884 321 concinnat
903 281 1112 331 patinarias
1131 297 1137 319 :

342 350 563 386 standumst
584 347 624 385 in
644 348 747 385 lecto
768 346 799 384 si
820 346 916 396 quid
937 347 987 384 de
1008 359 1164 384 summo
1184 353 1304 395 petas.

342 415 411 451 sed
434 413 486 450 mi
507 412 755 450 interuallum
776 411 854 449 iam
875 412 948 449 hos
969 410 1052 448 dies
1074 412 1218 448 multos
1241 410 1312 448 fuit
1330 426 1336 449 :

343 478 453 516 domi
473 476 647 515 domitus
668 489 755 514 sum
776 488 902 525 usque
922 488 1013 513 cum
1035 474 1156 512 careis
1177 474 1284 512 meis.
1697 483 1760 519 105

284 555 325 585 30
344 557 436 581 nam
457 556 586 592 neque
606 542 684 579 edo
704 554 834 590 neque
854 553 944 578 emo
965 539 1039 577 nisi
1060 540 1169 589 quod
1190 548 1247 577 est
1269 538 1536 577 carissumum.

342 608 383 647 id
404 621 564 658 quoque
584 607 672 654 iam,
696 606 774 645 cari
795 606 862 656 qui
883 606 1124 644 instruontur
1145 606 1340 644 deserunt.

342 687 448 712 nunc
468 674 519 711 ad
539 686 630 711 eum
651 671 791 710 inuiso.
850 672 920 710 sed
941 670 1110 721 aperitur
1130 670 1285 708 ostium.

343 739 654 778 Menaechmum
675 750 814 776 eccum
835 736 963 787 ipsum
986 735 1115 783 uideo,
1139 735 1382 786 progreditur
1403 736 1514 774 foras.

292 848 323 884 ii
570 848 1020 886 MENAECHMvsI
1133 848 1454 884 PENICVLVS

454 931 568 969 ΜΕΝ.
594 929 647 968 Ni
661 930 774 976 mala,
784 928 824 967 ni
839 930 956 967 stulta
969 927 1056 976 sies,
1074 927 1114 966 ni
1128 927 1321 966 indomita
1333 927 1528 978 inposque
1540 925 1672 974 animi,
1698 939 1763 965 110

398 996 506 1046 quod
527 994 611 1033 uiro
631 1007 717 1032 esse
737 993 831 1032 odio
852 993 999 1041 uideas,
1023 1000 1105 1031 tute
1126 992 1197 1030 tibi
1217 992 1310 1031 odio
1331 992 1488 1030 habeas.

504 1060 731 1111 praeterhac
752 1058 783 1097 si
805 1058 901 1096 mihi
922 1060 997 1097 tale
1018 1065 1107 1108 post
1127 1059 1234 1096 hunc
1255 1057 1361 1096 diem

504 1125 610 1172 faxis,
634 1127 723 1163 faxo
743 1124 835 1163 soris
856 1124 977 1163 uidua
996 1124 1100 1163 uisas
1121 1131 1283 1174 patrem.

306 1202 322 1233 5
343 1204 435 1230 nam
457 1190 639 1241 quotiens
660 1191 762 1228 foras
783 1189 837 1228 ire
858 1191 961 1237 uolo,
985 1203 1049 1228 me
1069 1188 1223 1236 retines,
1246 1201 1419 1235 reuocas,
1442 1186 1596 1237 rogitas,

505 1255 586 1305 quo
606 1268 679 1305 ego
699 1268 797 1302 eam,
821 1267 939 1304 quam
960 1267 1042 1292 rem
1062 1266 1186 1303 agam,
1210 1253 1305 1303 quid
1327 1252 1459 1303 negoti
1478 1265 1620 1302 geram,
1698 1263 1760 1301 115

504 1320 602 1370 quid
621 1327 764 1370 petam,
788 1319 884 1369 quid
904 1320 1038 1367 feram,
1059 1318 1155 1368 quid
1175 1317 1267 1357 foris
1288 1317 1443 1367 egerim.

505 1385 734 1436 portitorem
755 1385 919 1423 domum
942 1383 1045 1432 duxi,
1068 1383 1122 1422 ita
1141 1397 1301 1422 omnem
1324 1382 1420 1421 mihi

506 1465 588 1490 rem
608 1463 771 1489 necesse
791 1448 923 1499 eloqui
943 1457 1012 1496 est,
1036 1448 1231 1499 quidquid
1251 1448 1311 1498 egi
1331 1456 1450 1498 atque
1469 1461 1553 1498 ago.

287 1534 327 1558 10
346 1516 512 1556 nimium
546 1529 620 1566 ego
653 1523 691 1553 te
725 1514 847 1553 habui
881 1514 1089 1553 delicatam
1104 1528 1114 1562 3
1153 1527 1259 1552 nunc
1293 1514 1394 1552 adeo
1428 1520 1470 1551 ut
1503 1514 1674 1552 facturus

1062 1615 1074 1625 ,
1530 1577 1671 1616 dicam.

666 1645 827 1695 quando
847 1657 921 1694 ego
941 1643 1012 1682 tibi
1031 1643 1204 1691 ancillas,
1226 1656 1388 1694 penum,
1697 1655 1763 1681 120

397 1715 539 1761 lanam,
561 1725 710 1759 aurum,
734 1718 896 1758 uestem,
921 1723 1133 1760 purpuram
1163 1710 1266 1748 bene
1286 1709 1457 1759 praebeo
1477 1721 1551 1747 nec
1571 1707 1677 1758 quic-

1432 1786 1551 1823 quam
1572 1786 1672 1823 eges,

398 1845 502 1882 malo
522 1841 681 1881 cauebis
702 1841 733 1880 si
755 1841 869 1892 sapis,
892 1840 1020 1879 uirum
1041 1853 1250 1891 opseruare
1271 1838 1438 1877 desines.

344 1916 462 1959 atque
481 1909 594 1955 adeo,
617 1921 667 1946 ne
687 1920 751 1946 me
772 1905 1013 1956 nequiquam
1035 1918 1177 1951 serueS‚
1201 1904 1253 1942 ob
1274 1917 1361 1942 eam
1382 1902 1614 1946 industriam

288 1988 324 2019 15
346 1973 464 2013 hodie
477 1974 620 2012 ducam
636 1980 809 2011 scortum
825 1972 875 2010 ad
891 1984 1031 2009 cenam
1047 1978 1164 2020 atque
1179 1968 1312 2019 aliquo
1328 1967 1537 2007 condicam
1558 1969 1669 2006 foras.

347 2040 414 2077 PE.
446 2037 523 2076 illic
544 2039 666 2076 homo
686 2051 727 2075 se
748 2035 857 2075 uxori
878 2035 1035 2074 simulat
1055 2036 1157 2073 male
1177 2033 1295 2083 loqui,
1319 2032 1491 2083 loquitur
1511 2031 1607 2070 mihi
1622 2047 1632 2080 ‚·
1695 2045 1733 2069 12
1739 2043 1756 2080 5

390 2146 445 2167 101
467 2135 609 2167 Cerialis
622 2135 736 2165 Festus
751 2144 815 2173 310
831 2134 871 2175 (3.
885 2133 1043 2170 struices)
1058 2144 1064 2164 :
1090 2131 1223 2163 certans
1235 2130 1301 2162 cod.
1392 2139 1527 2160 mensas
1537 2129 1651 2160 Festus
1667 2140 1674 2159 ε

345 2190 494 2211 mensam
512 2178 578 2209 cod.
729 2186 787 2216 105
801 2177 886 2216 sort.
903 2178 1056 2207 domatus
1079 2175 1199 2217 (Class.
1216 2174 1295 2206 Rev.
1317 2184 1364 2211 12,
1385 2175 1462 2213 232)
1614 2182 1675 2203 110

343 2225 377 2254 in
393 2224 424 2253 A
444 2233 544 2262 usque
559 2221 606 2251 ad
631 2232 689 2260 124
711 2221 913 2262 paucissima
928 2223 1057 2250 servata
1221 2227 1279 2256 114
1305 2227 1404 2257 rogas
1422 2217 1456 2247 A
1614 2216 1675 2245 116

344 2272 455 2307 petam
486 2265 718 2296 Camrr‘m'us:
752 2265 864 2295 detam
890 2263 952 2294 cod.
982 2263 1028 2303 <D
1051 2268 1112 2304 pro
1135 2261 1177 2303 P)
1255 2262 1395 2300 legerim
1419 2259 1484 2291 cod.
1504 2259 1593 2298 (corr.
1613 2258 1674 2301 ΒΨ)

347 2313 407 2342 118
431 2309 542 2348 eloqui
559 2307 647 2339 codd.
666 2307 770 2338 Nonii
783 2318 823 2347 24
839 2319 846 2338 :
869 2307 960 2347 loqui
976 2304 1043 2338 co'd.
1166 2315 1225 2343 124
1250 2310 1351 2338 atque
1367 2304 1479 2344 aliquo
1496 2304 1536 2335 ad
1555 2312 1673 2334 cenam

344 2353 516 2385 Acidalius
