1814 2723
163 73 216 110 II.
240 71 286 108 iii
660 71 706 108 T.
740 67 920 107 MACCI
952 67 1155 105 PLAVTI

177 195 216 234 85
241 197 314 221 nec
336 182 555 233 quoiquam
577 182 617 219 in
639 181 731 220 naui
752 180 902 219 uoluit:
933 193 980 218 eo
1001 192 1073 229 ego
1094 178 1228 217 nescio

239 248 475 298 quantillum
496 246 667 285 attulerit
684 262 692 293 ;
722 259 859 284 uerum
880 246 958 283 hau
980 246 1217 294 permultum
1238 242 1376 281 attulit.
1591 251 1658 285 320

239 315 304 352 N1.
337 313 455 352 etiam
477 312 685 350 dimidium
707 312 877 349 censes?
934 310 1010 348 CH.
1043 322 1124 347 non
1145 309 1287 357 edepol
1309 306 1389 345 scio
1408 321 1417 353 ;

236 391 373 416 uerum
395 379 501 416 haud
523 376 672 426 opinor.
733 376 798 413 NI.
831 376 955 412 fertne
976 380 1125 423 partem
1147 372 1329 410 tertiam?

239 444 316 482 CH.
348 456 429 481 non
450 444 580 481 hercle
601 441 766 490 opinor3
794 453 930 478 uerum
952 452 1089 477 uerum
1111 437 1254 475 nescio.

177 524 219 557 90
238 508 414 556 profecto
436 508 485 544 de
505 519 599 544 auro
620 505 675 542 nil
696 504 777 542 scio
798 503 872 541 nisi
892 503 1037 541 nescio.

237 585 342 610 nunc
363 571 517 610 tibimet
537 571 628 608 illuc
649 568 741 607 naui
761 568 1040 618 capiundumst
1059 567 1139 613 iter,
1593 578 1658 614 325

238 644 280 674 ut
301 637 396 674 ilhid
418 642 590 685 reportes
611 647 750 672 aurum
770 633 820 671 ab
841 631 1055 670 Theotimo
1076 632 1251 669 domum.

237 709 355 750 atque
376 703 473 738 heus
495 708 546 738 tu.
606 701 673 737 N1.
706 698 802 748 quid
823 698 913 736 uis?
970 698 1047 735 CH.
1079 698 1241 734 anulum
1261 694 1368 745 gnati
1388 694 1443 732 tui

239 766 356 804 facito
377 773 419 803 ut
441 764 663 803 memineris
685 765 791 802 ferre.
852 764 918 800 N1.
951 762 1046 811 quid
1067 768 1183 810 opust
1203 761 1351 798 anulo?

178 839 218 870 95
241 832 318 870 CH.
352 831 443 880 quia
464 830 504 869 id
525 832 718 880 signumst
738 841 829 866 cum
851 827 1076 873 Theotimo,
1101 827 1168 876 qui
1189 838 1279 863 eum
1300 824 1354 862 illi
1375 825 1534 870 adferet,

240 896 274 934 ei
295 910 431 934 aurum
454 903 495 933 ut
516 896 666 933 reddat.
727 895 793 932 N1.
827 892 1056 940 meminero,
1077 899 1114 930 et
1136 898 1240 929 recte
1261 902 1410 928 mones.
1595 902 1663 935 330

239 963 309 1000 sed
330 962 415 1000 istic
436 961 672 999 Theotimus
694 960 860 998 diuesne
881 961 971 998 est?
1028 959 1105 998 CH.
1138 957 1256 996 etiam
1277 957 1418 1005 rogas?

238 1028 304 1078 qui
325 1028 468 1065 habeat
488 1040 582 1065 auro
603 1025 728 1064 soccis
749 1025 984 1074 subpactum
1005 1025 1164 1062 solum?

239 1094 304 1131 N1.
338 1106 410 1142 qur
430 1092 483 1130 ita
503 1090 680 1129 fastidit?
737 1091 815 1129 CH.
847 1096 974 1128 tantas
995 1088 1151 1126 diuitias
1172 1087 1291 1125 habet
1307 1101 1317 1134 3

162 1175 219 1196 100
239 1157 363 1196 nescit
384 1156 480 1207 quid
501 1156 616 1194 faciat
635 1169 741 1193 auro.
802 1156 869 1193 N1.
900 1154 995 1191 mihi
1017 1152 1168 1192 dederit
1189 1152 1318 1190 uelim.

239 1223 309 1261 sed
330 1222 397 1272 qui
418 1228 623 1271 praesente
644 1220 684 1259 id
705 1233 843 1258 aurum
864 1218 1079 1257 Theotimo
1105 1219 1308 1256 datumst?
1599 1224 1663 1261 335

240 1289 318 1327 CH.
350 1288 499 1337 populo
520 1293 726 1336 praesente
746 1300 753 1322 ε
783 1285 930 1322 nullust
952 1282 1100 1333 Ephesi
1122 1282 1218 1332 quin
1239 1281 1345 1319 sciat.

242 1354 307 1390 N1.
340 1352 440 1390 istuc
461 1350 656 1401 sapienter
677 1351 815 1387 saltem
835 1348 927 1387 fecit
947 1348 1060 1395 filius,

243 1430 363 1467 quom
386 1415 499 1454 diuiti
520 1414 672 1453 homini
693 1414 733 1452 id
753 1427 891 1452 aurum
913 1413 1151 1452 seruandum
1173 1410 1308 1458 dedit;

163 1493 221 1525 105
242 1483 293 1520 ab
314 1495 361 1520 eo
382 1481 515 1519 licebit
536 1479 717 1530 quamuis
739 1479 870 1518 subito
891 1492 1055 1517 sumere.

243 1548 321 1585 CH.
352 1546 475 1584 immo
496 1559 558 1584 em
579 1544 767 1594 tantisper
787 1557 1004 1593 numquam
1025 1550 1063 1581 te
1083 1541 1298 1580 morabitur
1600 1539 1670 1581 340

243 1611 337 1662 quin
360 1611 507 1650 habeas
529 1603 626 1648 illud
647 1623 726 1660 quo
748 1609 812 1648 die
834 1609 926 1647 illuc
948 1607 1111 1647 ueneris.

246 1678 311 1715 Νι.
343 1676 554 1715 censebam
577 1688 640 1713 me
661 1674 852 1725 ecfugisse
873 1687 896 1712 a
916 1673 997 1712 uita
1018 1672 1235 1719 marituma,

245 1756 295 1781 ne
316 1741 539 1791 nauigarem
560 1741 722 1779 tandem
743 1741 820 1778 hoc
839 1738 976 1777 aetatis
998 1752 1116 1777 senex
1130 1753 1140 1786 3

166 1822 226 1843 110
245 1807 286 1845 id
307 1807 359 1844 mi
380 1808 486 1845 haud
507 1814 637 1844 utrum
658 1805 777 1844 uelim
798 1804 914 1843 licere
934 1804 1119 1854 intellego
1139 1818 1145 1841 :

245 1871 297 1910 ita
318 1872 443 1909 bellus
464 1872 608 1920 hospes
630 1870 720 1908 fecit
741 1869 1056 1908 Archidemides.
1602 1872 1666 1908 345

244 1936 312 1975 ubi
332 1949 437 1974 nunc
457 1943 515 1974 est
535 1949 626 1985 ergo
647 1936 749 1973 meu'
771 1934 1042 1972 Mnesilochus
1062 1932 1196 1971 filius?

247 2003 324 2041 CH.
357 2003 453 2039 deos
474 2009 591 2050 atque
611 1999 760 2038 amicos
781 1999 822 2037 iit
844 2000 1054 2037 salutatum
1074 1999 1125 2036 ad
1145 1999 1284 2036 forum.

248 2068 315 2105 N1.
346 2074 385 2104 at
406 2078 478 2115 ego
499 2065 591 2103 hinc
610 2066 661 2103 ad
682 2064 802 2111 illum,
826 2071 868 2102 ut
889 2063 1125 2102 conueniam
1147 2069 1338 2112 quantum
1360 2068 1555 2111 potest.—

292 2180 356 2209 320
386 2168 585 2207 quantillum
605 2168 762 2207 Pylades:
787 2167 984 2206 quantulum
1005 2165 1070 2196 cod.
1090 2165 1140 2205 (cs.
1159 2165 1206 2195 αι]
1220 2166 1298 2205 705)
1431 2175 1583 2204 322,323

247 2215 295 2255 agel
309 2213 411 2252 opino
512 2221 576 2250 329
603 2211 711 2241 adfert
734 2221 812 2241 corr.
843 2210 943 2241 —seret
966 2209 1032 2240 cod.
1132 2219 1194 2247 331
1222 2209 1365 2239 diuesne
1390 2209 1582 2248 (=disne?)

248 2263 301 2288 est
317 2257 392 2287 istic
409 2256 469 2287 Th.
490 2254 555 2285 cod.
573 2266 579 2285 ι
603 2255 674 2284 trai.
696 2254 799 2284 Bothe
887 2263 950 2292 332
974 2254 1030 2292 qui
1049 2262 1130 2284 auro
1148 2253 1269 2282 habeat
1286 2251 1350 2282 cod.
1372 2263 1378 2281 :
1402 2252 1481 2291 quin
1501 2253 1533 2282 h.
1551 2262 1580 2283 a.

247 2301 349 2332 Bothe
410 2299 555 2330 habebat
566 2298 708 2339 Spengel
794 2307 856 2336 333
876 2297 931 2328 N1.
946 2298 1026 2328 cus?
1049 2297 1116 2328 CH.
1133 2297 1178 2327 ita
1190 2296 1329 2334 fastidit,
1342 2300 1453 2326 tantas
1466 2295 1507 2336 (2)
1520 2294 1585 2326 Leo

249 2345 312 2384 348
335 2342 417 2385 (eo)
430 2343 472 2373 ad
485 2341 611 2373 Ritsclzl
711 2351 898 2372 conuenam
916 2340 1043 2371 Ritsclzl
