1794 2728
194 77 247 114 ΙΙ.
268 76 297 113 ii
686 77 732 113 T.
767 77 945 115 MACCI
978 77 1180 113 PLAVTI

192 200 248 233 115
269 188 351 224 AM.
383 199 434 224 an
460 186 578 225 etiam
607 185 647 224 id
675 193 716 223 tu
743 186 848 223 scis?
904 187 976 222 AL.
1009 184 1144 235 quipp’
1162 185 1229 235 qui
1256 200 1302 224 ex
1328 193 1367 225 te
1385 187 1531 236 audiui,
1553 195 1596 226 ut
1616 201 1681 237 745

1213 252 1350 289 urbem
1371 266 1595 291 maxumam

269 315 575 366 expugnauisses
595 329 806 365 regemque
828 316 1020 353 Pterelam
1042 322 1124 353 tute
1144 315 1345 354 occideris.

269 383 352 419 AM.
385 395 511 431 egone
545 380 645 418 istuc
680 380 789 418 dixi?
845 381 917 417 AL.
950 387 1033 417 tute
1062 379 1162 427 istic,
1192 379 1310 418 etiam
1340 389 1492 420 astante
1521 383 1598 421 hoc

1476 447 1597 485 Sosia.

270 512 352 548 AM.
384 509 599 548 audiuistin
633 517 674 547 tu
711 523 772 547 me
808 522 961 546 narrare
991 510 1088 546 haec
1123 508 1272 547 hodie?
1329 512 1393 548 So.
1426 511 1493 549 ubi
1527 525 1600 561 ego

1352 575 1570 613 audiuerim
1585 578 1601 615 ?

272 642 353 678 AM.
387 641 489 678 hanc
524 653 626 689 roga.
697 641 760 676 So.
795 638 1022 687 mequidem
1057 646 1260 688 praesente
1300 653 1516 689 numquam
1550 643 1600 678 fa-

1158 711 1313 751 ctumst,
1337 706 1445 754 quod
1465 704 1596 743 sciam.

193 782 255 803 120
273 770 345 806 AL.
378 767 519 806 mirum
540 767 635 818 quin
657 775 694 806 te
714 769 906 806 aduorsus
927 767 1042 805 dicat.
1094 769 1175 805 AM.
1208 767 1329 814 Sosia,
1346 782 1417 818 age
1438 783 1500 807 me
1521 771 1598 808 huc
1619 784 1688 820 750

1455 834 1597 884 aspice.

272 900 336 937 So.
369 906 515 948 specto.
576 900 657 935 AM.
690 911 782 936 uera
803 897 895 936 uolo
916 897 1024 947 loqui
1045 905 1092 944 te,
1117 899 1210 936 nolo
1230 899 1425 937 adsentari
1446 898 1552 937 mihi.

271 962 484 1001 audiuistin
506 970 547 1001 tu
568 962 687 1001 hodie
708 976 771 1000 me
792 962 845 1000 illi
867 962 997 1000 dicere
1018 976 1063 1000 ea
1084 976 1185 1012 quae
1206 962 1271 1000 illa
1289 966 1495 1002 autumat?

272 1029 336 1065 So.
369 1041 517 1077 quaeso
543 1028 697 1077 edepol,
721 1040 816 1064 num
845 1034 885 1064 tu
907 1040 1067 1076 quoque
1088 1026 1207 1065 etiam
1235 1027 1392 1075 insanis,
1415 1042 1535 1078 quom
1561 1029 1600 1066 id

1294 1107 1356 1131 me
1377 1092 1599 1144 interrogas,

274 1156 341 1207 qui
375 1156 481 1207 ipsus
515 1156 701 1207 equidem
736 1171 841 1195 nunc
875 1157 1045 1207 primum
1080 1157 1204 1196 istanc
1239 1165 1369 1196 tecum
1399 1158 1601 1208 conspicio

1457 1223 1602 1261 simul?

196 1302 256 1333 125
275 1289 358 1326 AM.
394 1287 491 1337 quid
521 1301 636 1334 nunc,
670 1287 837 1326 mulier?
870 1288 990 1326 audin
1021 1287 1161 1326 illurn?
1216 1290 1288 1326 AL.
1321 1303 1394 1340 ego
1423 1303 1527 1335 uero,
1556 1302 1602 1326 ac
1623 1302 1686 1338 755

1299 1355 1439 1392 falsum
1460 1354 1599 1392 dicere.

275 1419 356 1456 AM.
389 1431 518 1467 neque
540 1425 579 1456 tu
609 1417 663 1456 illi
691 1432 820 1468 neque
848 1418 943 1456 mihi
971 1418 1056 1456 uiro
1083 1418 1155 1469 ipsi
1177 1419 1332 1457 credis?
1388 1421 1460 1457 AL.
1493 1433 1540 1458 eo
1561 1421 1603 1457 fit

1396 1484 1487 1534 quia
1507 1483 1606 1524 mihi.

273 1548 500 1596 plurumum
521 1549 640 1586 credo
661 1562 698 1586 et
719 1547 800 1587 scio
822 1548 941 1587 istaec
963 1549 1065 1587 faeta
1084 1548 1251 1599 proinde
1272 1557 1314 1587 ut
1334 1551 1555 1600 proloquor.

274 1613 356 1650 AM.
389 1619 459 1650 tun
480 1626 543 1651 me
563 1601 646 1650 heri
666 1612 875 1651 aduenisse
892 1612 1019 1651 dicis?
1049 1605 1139 1652 ‘Au
1172 1621 1242 1652 tun
1263 1621 1301 1653 te
1321 1614 1464 1653 abiisse
1484 1615 1603 1653 hodie

1344 1679 1435 1718 hinc
1455 1694 1573 1731 negas
1588 1683 1604 1718 Ρ

276 1743 356 1779 AM.
389 1755 491 1792 nego
517 1742 622 1781 enim
650 1757 754 1790 uero,
778 1751 815 1782 et
843 1758 906 1782 me
932 1744 1120 1783 aduenire
1141 1759 1247 1784 nunc
1273 1745 1442 1796 primum
1469 1745 1531 1784 aio
1551 1747 1601 1784 ad

1366 1818 1404 1849 te
1424 1813 1598 1849 domum.

196 1886 256 1917 130
276 1872 348 1909 AL.
380 1885 554 1922 opsecro,
578 1872 749 1912 etiamne
769 1875 845 1912 hoc
866 1875 1038 1924 negabis,
1063 1882 1100 1914 te
1120 1889 1277 1914 auream
1298 1883 1471 1926 pateram
1493 1875 1587 1914 mihi
1622 1880 1691 1922 760

275 1936 432 1975 dedisse
453 1938 560 1976 dono
581 1939 711 1986 hodie,
735 1953 812 1989 qua
833 1947 871 1978 te
890 1940 944 1978 illi
965 1941 1158 1979 donatum
1179 1955 1265 1980 esse
1285 1942 1465 1981 dixeras?

276 2003 358 2040 AM.
391 2015 519 2051 neque
541 2004 683 2054 edepol
704 2004 797 2043 dedi
818 2018 947 2055 neque
968 2005 1046 2044 dixi
1062 2021 1071 2053 ;
1102 2020 1237 2045 uerum
1263 2007 1316 2045 ita
1335 2007 1530 2046 animatus
1550 2006 1604 2045 fui

276 2065 408 2116 itaque
428 2080 534 2105 nunc
555 2081 641 2106 sum
662 2076 705 2107 ut
725 2083 771 2107 ea
792 2077 829 2107 te
849 2077 982 2120 patera
1002 2072 1160 2110 donem.
1185 2073 1255 2111 sed
1277 2072 1363 2122 quis
1383 2072 1483 2111 istuc
1504 2072 1574 2111 tibi

276 2130 402 2170 dixit?
449 2133 520 2170 AL.
554 2146 626 2182 ego
647 2133 832 2183 equidem
849 2148 895 2172 ex
916 2142 954 2173 te
973 2135 1107 2174 audiui
1124 2143 1163 2174 et
1183 2150 1230 2175 ex
1250 2144 1316 2175 tua
1331 2137 1466 2187 accepi
1487 2151 1605 2176 manu

265 2249 274 2259 κ
323 2243 384 2273 755
409 2235 464 2274 qui
491 2245 582 2265 nunc
608 2235 671 2266 cod.
698 2236 751 2275 (qs.
776 2237 833 2276 qui
855 2247 944 2268 nunc
961 2243 1024 2278 pro
1049 2239 1130 2277 quid
1155 2250 1244 2271 nunc
1268 2239 1364 2280 Epid.
1389 2250 1464 2280 517,
1483 2239 1602 2271 Pseud.

281 2285 363 2316 1553
387 2288 426 2307 ex
438 2278 613 2317 quinnunc
632 2282 667 2308 ut
683 2279 765 2319 vid.)
866 2283 930 2320 756
952 2281 1082 2313 veffillic
1184 2285 1241 2322 761
1270 2285 1406 2315 dedisse
1421 2288 1606 2325 suspectum

280 2322 342 2360 764
367 2321 522 2361 equidem
540 2332 604 2360 ego
620 2321 793 2354 Fleckeisen
