1742 2718
651 80 1007 120 MENAECHMI
1443 79 1489 115 V.
1512 77 1573 115 vii

166 198 273 249 apud
294 198 360 236 ted
379 195 568 234 habitabo
589 200 627 232 et
648 193 810 243 quando
831 191 915 237 ibis,
939 204 1018 229 una
1038 196 1169 228 tecum
1191 188 1258 227 ibo
1279 190 1455 227 domum.
1513 205 1553 236 45

61 275 145 312 1035
168 265 284 301 ΜΕΝ.
323 260 494 299 minime.
556 260 663 296 MES.
695 270 801 295 nunc
829 255 895 294 ibo
923 255 962 293 in
991 255 1205 300 tabernam,
1231 267 1345 291 uassa
1376 260 1494 302 atque

1197 326 1402 369 argentum
1424 318 1495 356 tibi

166 394 339 431 referam.
399 397 502 429 recte
523 396 580 427 est
601 387 851 438 opsignatum
872 386 911 423 in
933 385 1070 424 uidulo
1092 384 1360 434 marsuppium

167 471 257 496 cum
274 455 419 495 uiatico
438 471 445 493 :
476 454 515 493 id
534 453 603 492 tibi
622 453 697 490 iam
716 454 793 490 huc
809 453 994 490 adferam.
1049 451 1164 488 ΜΕΝ.
1196 450 1306 487 adfer
1326 457 1492 487 strenue.

169 524 273 560 MEs.
306 522 457 559 saluom
496 518 568 557 tibi
606 518 659 556 ita
697 524 739 555 ut
779 516 874 554 mihi
908 514 1052 554 dedisti
1086 514 1265 553 reddibo'.
1334 513 1398 552 hic
1433 527 1496 551 me

1312 592 1496 617 mane.—

168 655 282 691 MEN.
317 651 438 690 nimia
476 649 574 688 mira
612 647 708 686 mihi
743 646 904 698 quidem
940 645 1060 684 hodie
1100 652 1232 683 exorta
1266 651 1358 682 sunt
1389 643 1496 681 miris
1517 658 1558 690 50

1342 708 1472 748 modis
1489 724 1496 747 z

60 797 149 830 1040
166 783 231 822 alii
253 796 315 821 me
336 789 480 833 negant
501 794 592 819 eum
613 793 699 819 esse
719 777 786 829 qui
808 791 895 817 sum
916 784 1035 827 atque
1056 776 1271 815 excludunt
1292 776 1393 813 foras
1412 789 1421 821 3

168 848 285 886 etiam
306 847 370 885 hic
387 859 542 885 seruom
559 859 600 883 se
618 857 750 882 meum
768 857 852 881 esse
865 842 995 881 aiebat
1009 854 1128 891 quem
1146 853 1219 890 ego
1236 839 1347 878 emisi
1365 852 1495 885 manu,

168 912 251 965 [uel
271 912 336 951 ille
356 911 423 962 qui
445 925 486 950 se
506 918 638 961 petere
659 916 863 960 argentum
885 909 1018 954 modo,
1037 906 1104 956 qui
1125 919 1281 944 seruom
1302 918 1343 943 se
1364 917 1497 942 meum

41 987 150 1025 1042a
167 992 253 1017 esse
273 977 413 1024 aiebat,
430 975 541 1028 <med
561 989 671 1013 erum
692 972 833 1025 suom),
852 986 971 1022 quem
988 985 1061 1022 ego
1082 972 1204 1008 modo
1225 969 1337 1008 emisi
1358 965 1496 1020 manu]

168 1039 200 1078 is
219 1039 273 1078 ait
293 1053 334 1077 56
355 1037 450 1076 mihi
470 1038 692 1076 adlaturum
713 1048 804 1073 cum
824 1041 985 1084 argento
1006 1031 1276 1082 marsuppium
1295 1047 1302 1070 :
1517 1041 1560 1074 55

168 1104 208 1144 id
229 1103 261 1143 si
280 1102 461 1149 attulerit,
484 1101 615 1140 dicam
635 1108 678 1139 ut
698 1113 721 1138 a
742 1113 805 1138 me
824 1099 940 1137 abeat
960 1098 1058 1136 liber
1078 1111 1158 1147 quo
1178 1098 1298 1144 uolet,

62 1179 148 1217 1045
168 1183 218 1208 ne
239 1176 335 1216 tum,
357 1168 520 1218 quando
540 1180 658 1204 sanus
678 1166 803 1204 factus
824 1163 884 1212 sit,
906 1178 929 1202 a
949 1177 1013 1202 me
1032 1169 1236 1213 argentum
1257 1168 1373 1212 petat.

167 1248 279 1274 socer
299 1240 338 1272 et
357 1231 534 1271 medicus
556 1245 619 1269 me
639 1229 810 1269 insanire
829 1228 997 1268 aiebant.
1057 1227 1154 1277 quid
1175 1226 1223 1265 sit
1244 1226 1341 1265 mira
1361 1233 1462 1265 sunt.

167 1301 265 1338 haec
285 1298 409 1336 nihilo
430 1311 515 1336 esse
536 1295 632 1334 mihi
652 1295 838 1334 uidentur
854 1294 973 1332 setius
995 1306 1114 1343 quam
1135 1292 1300 1330 somnia.

166 1378 274 1403 nunc
302 1363 370 1402 ibo
399 1361 501 1400 intro
530 1362 582 1400 ad
611 1362 713 1399 hanc
744 1359 999 1407 meretricem,
1023 1371 1266 1409 quamquam
1294 1364 1497 1397 suscenset
1517 1361 1560 1395 60

1386 1422 1495 1470 mihi,

168 1494 200 1534 si
219 1507 382 1546 possum
398 1506 556 1532 exorare
572 1499 614 1531 ut
630 1493 774 1542 pallam
790 1491 930 1529 reddat
946 1503 1066 1540 quam
1082 1490 1246 1528 referam
1262 1489 1497 1527 domum.—

386 1583 788 1619 MENAECHMvs
830 1579 883 1616 II
997 1579 1295 1615 MESSENIO
1516 1577 1593 1614 viii

58 1662 153 1699 1050
171 1654 286 1691 ΜΕΝ.
333 1653 431 1690 Men
469 1650 590 1689 hodie
628 1662 796 1700 usquam
835 1646 1071 1686 conuenisse
1109 1653 1159 1693 te,
1199 1646 1339 1694 audax,
1375 1647 1498 1685 audes

1353 1711 1496 1758 dicere,

205 1807 285 1845 post
313 1803 395 1842 1036
420 1803 453 1833 in
479 1802 514 1832 P
532 1801 651 1842 legitur
673 1811 705 1833 v.
736 1810 818 1839 1044
843 1811 902 1831 suo
929 1799 994 1830 loco
1021 1798 1168 1840 repetitus
1193 1797 1245 1838 (cf.
1270 1796 1316 1828 αεὶ
1338 1809 1366 1829 v.
1397 1800 1496 1839 1028)

172 1858 318 1888 :037—44
334 1858 363 1879 v.
383 1846 431 1877 ad
447 1846 541 1885 1028,
562 1847 644 1885 1036
735 1855 815 1884 1037
840 1844 949 1883 Quom
968 1842 1033 1874 cod.
1130 1852 1212 1881 1039
1236 1842 1329 1872 miris
1345 1851 1408 1872 mo.
1436 1843 1502 1882 (vel

170 1892 285 1923 multis
306 1891 386 1931 mo.)
405 1890 469 1921 cod.
603 1899 696 1928 1041,
719 1890 819 1927 1042ιι
842 1887 1004 1918 restituere
1020 1889 1156 1917 conatus
1171 1896 1248 1916 sum
1264 1897 1271 1915 :
1295 1886 1330 1915 in
1345 1885 1378 1914 A
1397 1889 1497 1926 appa-

170 1938 241 1965 rent
265 1935 357 1965 initia
381 1944 432 1964 vv.
461 1943 539 1972 1041
561 1932 602 1974 (2)
627 1936 655 1962 et
679 1942 771 1972 1043,
801 1932 932 1961 omissis
954 1941 1004 1961 vv.
1033 1940 1116 1969 1042
1140 1932 1169 1960 et
1194 1931 1312 1968 1042³:
1337 1929 1387 1959 vel
1410 1940 1499 1960 unus

169 1989 281 2010 versus
295 1978 328 2008 in
345 1977 377 2007 P
392 1989 399 2008 :

214 2022 315 2053 etiarn
339 2021 392 2052 hic
417 2031 552 2051 seruom
577 2030 652 2050 esse
677 2030 713 2050 se
739 2027 849 2049 meum
873 2018 984 2049 aiebat
1006 2027 1108 2057 quem
1129 2026 1193 2055 ego
1214 2016 1312 2047 emisi
1337 2027 1437 2047 manu

170 2065 220 2098 vel
233 2065 299 2096 duo
312 2076 320 2096 :

191 2109 246 2141 uel
262 2109 318 2139 ille
334 2108 390 2148 qui
407 2118 444 2140 se
460 2113 579 2148 petere
596 2107 696 2138 modo
713 2110 900 2145 argentum.
952 2105 1053 2135 modo
1069 2104 1126 2143 qui
1142 2114 1278 2135 seruom
1295 2114 1332 2135 se
1349 2114 1459 2135 meum

191 2163 267 2184 esse
284 2152 403 2183 aiebat.
449 2162 548 2191 quem
565 2161 628 2190 ego
645 2151 744 2181 modo
761 2149 858 2180 emisi
875 2159 974 2180 manu

173 2205 256 2234 1041
279 2195 329 2227 vel
347 2195 438 2226 aibat
560 2205 642 2233 1042
656 2194 736 2234 fort.
758 2193 809 2223 Illi
836 2192 1008 2232 (adverb),
1034 2191 1090 2222 del.
1117 2191 1172 2222 uel
1199 2191 1317 2233 (Class.
1342 2191 1420 2222 Rev.
1446 2202 1496 2231 10,

170 2239 250 2279 333)
400 2249 482 2278 1044
505 2239 555 2269 vel
568 2238 645 2268 med
792 2245 875 2275 1043
903 2246 946 2266 ne
964 2241 1034 2266 turn
1047 2234 1256 2266 Lambinus:
1282 2236 1408 2266 nedum
1431 2235 1495 2266 cod.

174 2284 257 2322 1046
276 2282 296 2313 i.
314 2281 449 2313 aiebant
477 2282 706 2313 Camerarius:
733 2280 752 2311 i.
772 2280 928 2310 dicebant
944 2278 1008 2310 cod.
1028 2279 1087 2320 (2d
1106 2283 1168 2318 pro
1187 2289 1227 2314 a:
1250 2278 1293 2309 vi.
1313 2289 1341 2317 1,
1359 2289 1392 2318 p.
1413 2279 1470 2319 84)
1490 2290 1498 2309 ι

170 2327 227 2357 vix
242 2327 377 2357 insanir’
397 2326 441 2356 di.
458 2325 509 2356 vel
527 2325 674 2356 insanire
698 2323 852 2354 dicebant
945 2333 1026 2361 1047
1053 2322 1180 2353 sectius
1199 2321 1266 2353 Vel.
1288 2321 1427 2363 Longus
1443 2327 1496 2363 ap.

174 2370 313 2401 Gellium
334 2371 384 2410 18,
400 2379 432 2409 9,
450 2379 482 2407 4,
499 2369 558 2399 ubi
569 2368 683 2399 minus
693 2371 757 2408 pro
773 2367 854 2398 mihi
871 2365 958 2398 codd.
980 2365 1073 2397 Gellii
