1814 2723
203 85 256 122 II.
278 94 323 120 ιν
695 82 741 119 Τ.
775 79 955 120 MACCI
989 79 1193 116 PLAVTI

211 237 256 275 iv
558 238 874 275 STROBlLvs
1039 235 1319 271 ANTHRAX

811 301 1074 339 CONGRIO

277 393 368 429 STR.
404 393 619 440 Postquam
641 387 852 439 opsonauit
873 400 960 426 erus
981 393 1019 425 et
1040 385 1229 425 conduxit
1249 399 1400 437 coquos
1628 391 1697 426 280

276 455 536 505 tibicinasque
556 456 675 493 hasce
694 454 801 503 apud
822 453 961 499 forum,
984 451 1104 490 edixit
1125 451 1221 489 mihi

275 528 317 559 ut
338 520 583 571 dispertirem
605 517 817 569 opsonium
838 516 902 554 hic
923 515 1112 554 bifariam.

275 588 353 624 AN.
386 584 615 635 mequidern
635 585 777 630 hercle,
800 582 930 621 dicam
950 579 1199 633 <pro>palam‚
1223 595 1303 620 non
1325 580 1504 629 diuides;

238 669 254 700 5
276 652 307 690 si
328 665 408 702 quo
429 659 470 689 tu
491 657 618 690 totum
640 663 703 687 me
724 648 777 686 ire
798 647 868 694 uis,
891 660 1051 697 operam
1073 646 1188 685 dabo.

278 719 349 757 Co.
384 717 530 755 bellum
552 723 589 754 et
610 714 800 765 pudicum
820 726 915 751 uero
936 711 1197 763 prostibulum
1218 711 1336 762 popli.
1629 714 1695 759 285

277 789 366 833 post
387 781 417 819 si
439 780 527 831 quis
548 781 676 826 uellet,
701 786 738 817 te
759 780 837 816 hau
857 791 939 816 non
960 778 1081 815 uelles
1102 776 1238 815 diuidi.

278 849 370 886 STR.
402 854 521 896 atque
542 858 614 895 ego
635 844 746 890 istuc,
770 844 959 890 Anthrax,
981 841 1221 880 aliouorsum
1242 841 1428 889 dixeram,

278 925 360 951 non
382 911 482 950 istuc
503 911 612 961 quod
634 917 675 948 tu
695 907 909 947 insimulas.
970 908 1040 946 sed
1061 920 1148 945 erus
1169 906 1326 956 nuptias

220 994 259 1016 10
278 991 389 1017 meus
411 976 529 1015 hodie
550 975 676 1014 faciet.
735 976 813 1012 AN.
846 972 1002 1024 quoiius
1023 972 1132 1011 ducit
1153 971 1303 1010 filiam?

279 1046 371 1083 STR.
405 1041 523 1081 uicini
544 1041 660 1079 huius
683 1038 886 1078 Euclionis
905 1036 1034 1090 <hinc>
1053 1051 1074 1076 e
1094 1050 1298 1088 proxumo.
1631 1047 1700 1083 290

279 1108 314 1147 ei
334 1109 436 1147 adeo
457 1106 599 1157 opsoni
619 1105 711 1143 hinc
732 1104 843 1142 iussit
864 1102 1074 1142 dimidium
1095 1102 1190 1149 dari,

279 1187 451 1224 coquom
472 1174 637 1210 alterum
658 1170 877 1220 itidemque
897 1170 1058 1207 alteram
1079 1167 1294 1206 tibicinam.

279 1241 357 1278 AN.
390 1251 535 1288 nempe
554 1239 633 1276 huc
654 1235 864 1275 dimidium
885 1233 994 1282 dicis,
1017 1233 1227 1273 dimidium
1249 1235 1437 1272 domum?

222 1319 258 1350 15
281 1307 374 1343 STR.
415 1305 546 1352 nemp’
590 1301 690 1340 sicut
732 1300 841 1339 dicis.
929 1301 1006 1337 AN.
1052 1298 1179 1350 quid?
1230 1298 1294 1337 hic
1337 1312 1417 1337 non
1459 1305 1612 1349 poterat

1469 1365 1519 1402 de
1540 1377 1612 1403 suo

280 1448 399 1473 senex
420 1432 604 1484 opsonari
624 1431 716 1470 filiai
737 1429 913 1480 nuptiis?
1632 1438 1697 1476 295

281 1503 374 1538 STR.
419 1499 521 1537 uah!
597 1499 675 1535 AN.
725 1495 822 1546 quid
860 1494 1059 1546 negotist?
1129 1496 1222 1533 STR.
1263 1494 1360 1545 quid
1398 1494 1530 1545 negoti
1565 1494 1616 1533 sit

1479 1561 1614 1611 rogas?

281 1643 426 1681 pumex
446 1642 526 1667 non
547 1640 673 1678 aeque
694 1633 752 1666 est
772 1627 890 1665 ardus
909 1632 1029 1676 atque
1048 1609 1113 1663 liic
1133 1632 1192 1664 est
1212 1638 1341 1664 senex.

282 1697 386 1734 ANT.
422 1694 487 1732 ain
518 1694 708 1732 tandem?
765 1693 837 1732 Co.
871 1691 924 1730 ita
952 1704 1038 1730 esse
1068 1698 1111 1729 ut
1139 1690 1261 1730 dicisl
1319 1692 1411 1730 STR.
1444 1697 1527 1730 tute
1553 1704 1614 1729 ex-

1446 1755 1590 1795 istuma
1607 1771 1613 1794 :

848 1823 864 1841 ’¹‘
895 1820 1140 1874 (existumat)

225 1907 265 1929 20
281 1904 394 1946 suam
415 1904 496 1929 rem
518 1889 678 1940 periisse
699 1902 820 1939 seque
841 1887 1081 1927 eradicarier.

256 1954 380 2010 ((Ῑιῖἶῆ
394 1955 536 1994 xdiuom
558 1962 676 2005 atque
697 1953 905 1993 hominurn
926 1955 1069 1992 clamat
1090 1952 1280 1992 continuo
1300 1953 1432 1998 fidem,
1633 1963 1702 1997 300

328 2059 390 2089 282
415 2058 592 2098 opsonium
626 2061 735 2088 tuetur
759 2056 917 2087 Kakridis
946 2055 1066 2097 (W'ien.
1095 2055 1193 2087 stud.
1226 2066 1279 2095 23,
1316 2056 1414 2095 174N:
1441 2055 1523 2094 fort.
1553 2055 1615 2087 hos

285 2103 395 2134 omnis
425 2103 495 2141 (vii.
524 2111 553 2140 5,
583 2112 613 2141 p.
643 2102 701 2140 99)
844 2102 908 2138 283
932 2101 1107 2140 propalam
1131 2099 1259 2130 Bothe:
1297 2098 1400 2141 (tibi)
1430 2110 1461 2139 p.
1497 2099 1620 2140 Ussing

286 2148 348 2177 286
374 2146 435 2176 Pol
453 2147 480 2176 si
498 2145 582 2175 Brix
629 2145 781 2175 neuelles
800 2144 922 2175 Goeller
993 2145 1056 2174 288
1071 2142 1150 2182 fort.
1174 2144 1239 2174 isto
1257 2143 1345 2183 (-oc)
1363 2154 1429 2182 quo
1449 2150 1529 2182 (quo
1546 2143 1616 2174 iam

285 2190 401 2229 Bothe>
492 2199 556 2226 290
588 2188 666 2218 hinc
691 2188 768 2219 add.
794 2187 932 2226 Pylades
1064 2197 1124 2226 291
1153 2187 1207 2217 hic
1232 2187 1298 2218 cod.
1328 2186 1422 2217 Gellii
1441 2196 1472 2224 3,
1502 2196 1548 2225 14,
1578 2195 1615 2226 15

271 2234 384 2264 *iussit
402 2232 572 2262 dimidium
587 2231 674 2262 codd.
698 2230 790 2262 Gellii
805 2232 953 2270 (favente
966 2230 1219 2269 allt'lteratz'one):
1245 2230 1419 2260 dimidium
1436 2230 1532 2260 iussit
1549 2229 1613 2260 cod.

286 2286 350 2316 293
374 2277 438 2306 huc
458 2274 608 2306 Guiems:
635 2275 713 2305 huic
731 2274 794 2306 cod.
901 2275 1035 2308 domum
1053 2273 1226 2304 Acidalins
1242 2285 1248 2304 :
1274 2273 1363 2304 domi
1380 2273 1444 2304 cod.
1552 2282 1616 2312 295

287 2321 376 2351 filiae
404 2319 438 2349 in
461 2318 586 2358 nuptiis
614 2317 678 2349 cod.
708 2318 744 2357 (i.
766 2318 823 2357 7):
847 2328 925 2348 corr.
956 2317 1104 2358 Scaliger
1240 2318 1320 2357 298τί
1343 2317 1501 2348 lacunam
1525 2317 1611 2357 sign.

287 2363 394 2394 Havet
480 2362 660 2392 existumat
677 2361 792 2392 addidi
805 2361 866 2402 (iii.
881 2363 933 2402 11)
950 2371 956 2390 :
982 2371 1055 2400 299,
1076 2371 1139 2399 300
1156 2360 1266 2391 ordine
1282 2361 1407 2392 inverso
1422 2360 1617 2392 Gulielmius
