1742 2718
706 81 1028 121 BACCHIDES
1491 78 1522 115 Ι.
1541 76 1571 114 ii

205 200 272 252 qui
293 206 422 238 tantus
443 205 536 236 natu
557 197 721 235 deorum
743 193 870 232 nescis
891 192 1062 232 nomina.

122 274 182 311 125
206 267 275 304 Lv.
308 277 388 302 non
409 262 472 301 hic
493 263 621 312 placet
642 260 694 298 mi
716 266 888 297 ornatus.
946 260 1003 296 ΡΙ.
1037 269 1156 295 nemo
1177 268 1267 306 ergo
1289 254 1357 292 tibi

204 332 301 368 haec
322 327 548 379 apparauit:
578 325 673 363 mihi
696 332 872 375 paratum
894 330 951 362 est
973 321 1065 372 quoi
1088 323 1225 371 placet.

206 397 275 433 Lv.
307 394 424 433 etiam
447 406 509 431 me
529 393 720 430 aduorsus
741 389 917 428 exordire
938 386 1135 437 argutias?

204 459 270 510 qui
292 459 325 498 si
343 460 482 498 decem
504 457 650 495 habeas
671 455 836 504 linguas,
859 461 1011 491 mutum
1032 465 1117 490 esse
1137 451 1315 490 addecet.
1554 467 1592 489 20

205 527 262 563 P1.
295 537 375 562 non
396 521 524 561 omnis
545 529 661 567 aetas,
686 520 806 569 Lyde,
829 519 924 556 ludo
946 515 1143 555 conuenit.

121 604 185 639 130
204 588 325 639 magis
346 601 469 626 unum
490 586 529 624 in
552 592 763 624 mentemst
784 583 879 621 mihi
902 595 1017 628 nunc,
1042 580 1133 619 satis
1155 587 1197 618 ut
1217 580 1428 619 commode

204 668 273 704 pro
294 652 482 703 dignitate
503 650 643 701 opsoni
665 651 762 688 haec
782 654 970 687 concuret
990 659 1151 696 coquos.

205 721 275 757 Lv.
307 718 383 756 iarn
405 716 609 768 perdidisti
629 715 667 753 te
687 722 806 764 atque
827 712 890 751 me'
910 720 1028 762 atque
1049 724 1209 761 operam
1231 723 1370 755 meam,

205 783 272 834 qui
293 783 363 822 tibi
384 781 624 832 nequiquam
647 793 763 829 saepe
784 776 999 816 monstraui
1022 776 1134 814 bene.
1557 790 1595 821 ²5

206 850 264 886 ΡΙ.
297 847 444 886 ibidem
466 846 538 896 e'go
559 859 688 884 meam
709 857 869 894 operam
891 841 1055 892 perdidi,
1079 839 1146 879 ubi
1168 847 1209 878 tu
1230 846 1336 877 tuam
1354 855 1361 877 ;

123 923 184 960 135
206 920 273 951 tua
293 912 499 961 disciplina
520 924 592 949 nec
613 909 710 948 mihi
731 909 891 958 prodest
912 919 986 944 nec
1007 904 1089 943 tibi.

208 979 276 1016 Lv.
309 991 332 1016 o
353 975 606 1027 praeligatum
629 976 790 1024 pectus!
830 974 888 1010 P1.
921 970 1082 1009 odiosus
1103 968 1199 1007 mihi
1220 982 1271 1007 es.

206 1051 291 1082 tace
311 1051 429 1093 atque
449 1054 623 1092 sequere,
648 1041 767 1090 Lyde,
792 1052 866 1077 me.
927 1040 996 1076 Lv.
1029 1036 1121 1075 illuc
1142 1035 1192 1073 sis
1214 1034 1316 1081 uide,

206 1122 286 1147 non
307 1109 578 1159 paedagogum
599 1105 677 1144 iam
698 1118 773 1152 me,
797 1105 866 1142 sed
888 1103 1043 1152 Lydum
1064 1107 1190 1140 uocat.
1557 1117 1597 1147 30

207 1177 265 1212 ΡΙ.
297 1187 378 1212 non
397 1186 466 1223 par
486 1171 642 1210 uidetur
662 1183 792 1220 neque
812 1168 861 1207 sit
881 1174 1204 1212 consentaneum,

124 1253 188 1287 140
207 1253 327 1290 quom
349 1244 366 1277 l
378 1239 476 1276 haec
496 1237 629 1275 intus†
660 1235 765 1274 intus
786 1234 834 1273 sit
855 1241 893 1272 et
913 1247 1004 1272 cum
1025 1231 1152 1270 amica
1171 1230 1338 1269 accubet

206 1316 407 1354 quomque
427 1304 625 1341 osculetur
645 1308 683 1339 et
703 1299 897 1339 conuiuae
918 1297 981 1336 alii
1002 1297 1211 1343 accubent,

206 1368 476 1419 praesentibus
498 1366 572 1405 illis
592 1367 844 1416 paedagogus
866 1361 979 1416 [una]
1001 1369 1043 1400 ut
1064 1361 1146 1400 siet.

208 1435 277 1472 LY.
308 1447 358 1472 an
378 1434 455 1471 hoc
475 1433 526 1471 ad
547 1445 611 1470 eas
632 1445 691 1469 res
712 1435 997 1480 opsonatumst‚
1021 1427 1216 1477 opsecro?
1558 1433 1600 1467 35

208 1500 266 1536 ΡΙ.
298 1505 426 1549 sperat
447 1497 607 1548 quidem
627 1495 772 1534 animu'
790 1510 797 1533 ε
827 1495 907 1545 quo
927 1492 1083 1532 eueniat
1104 1491 1164 1530 dis
1185 1491 1225 1529 in
1249 1496 1416 1529 manust.

124 1574 186 1611 145
209 1564 278 1601 LY.
311 1571 352 1602 tu
373 1563 541 1601 amicam
562 1561 757 1600 habebis?
814 1562 872 1598 ΡΙ.
905 1572 1027 1609 quom
1049 1556 1214 1604 uidebis,
1239 1563 1322 1594 tum
1344 1554 1453 1593 scies.

209 1630 278 1666 Lv.
337 1628 460 1666 immo
507 1640 637 1677 neque
684 1624 849 1664 habebis
900 1636 1031 1674 neque
1078 1621 1215 1660 sinam.
1287 1619 1420 1658 ituru's
1469 1619 1536 1657 do-

1398 1697 1506 1722 murn
1520 1685 1536 1720 ?

208 1760 267 1796 P1.
300 1758 447 1806 omitte,
471 1759 591 1808 Lyde,
613 1771 660 1796 ac
681 1769 778 1796 caue
798 1757 914 1794 malo.
972 1756 1043 1792 Lv.
1076 1751 1201 1803 quid?
1229 1753 1240 1770 ‘
1254 1763 1351 1790 caue
1371 1749 1526 1787 malo'?

209 1825 268 1861 ΡΙ.
299 1823 376 1862 iam
398 1822 562 1862 excessit
583 1821 636 1860 mi
656 1829 762 1860 aetas
784 1834 831 1859 ex
851 1817 1072 1870 magisterio
1093 1824 1172 1855 tuo.
1556 1834 1597 1866 40

209 1889 279 1926 Lv.
312 1902 336 1926 ο
356 1889 593 1935 barathrum,
616 1886 685 1926 ubi
705 1899 812 1924 nunc
832 1898 873 1923 es
889 1886 906 1921 ?
934 1890 976 1921 ut
997 1895 1069 1932 ego
1091 1888 1129 1919 te
1149 1892 1334 1931 usurpem
1355 1877 1495 1917 lubens
1512 1880 1519 1915 1

125 1964 191 2002 150
208 1953 328 1992 uideo
348 1952 471 1991 nimio
491 1952 569 1990 iam
590 1953 715 1990 multo
735 1951 823 2000 plus
844 1962 963 1999 quam
984 1948 1211 1993 uolueram3

208 2017 350 2057 uixisse
370 2017 493 2056 nimio
514 2017 650 2056 satiust
670 2016 749 2054 iam
769 2027 888 2065 quam
910 2012 1054 2051 uiuere.

208 2083 421 2133 magistron
442 2095 682 2133 quemquam
703 2080 941 2130 discipulum
962 2075 1204 2115 minitarier?

257 2188 317 2217 126
340 2187 404 2217 hoc
433 2185 561 2216 Merula
669 2195 730 2224 130
754 2186 901 2214 mentest
925 2180 991 2211 cod.
1020 2179 1121 2215 (unde
1151 2183 1265 2209 mente
1297 2181 1348 2208 est
1374 2176 1469 2214 pcn3
1496 2176 1533 2215 cf

207 2231 329 2269 Journ.
352 2230 433 2260 Phil.
453 2231 503 2265 26,
523 2228 603 2268 291)
716 2238 776 2265 140
801 2227 892 2256 invus
908 2223 1006 2254 semel
1021 2223 1054 2252 Β
1156 2232 1229 2252 curn
1248 2222 1317 2251 παῖς
1335 2221 1426 2251 intus
1443 2219 1484 2250 sit
1502 2223 1536 2249 et

211 2284 285 2304 cum
300 2283 374 2304 cum
389 2284 419 2305 a.
432 2284 460 2304 a.
477 2272 586 2303 Havet
599 2283 607 2303 τ
621 2272 700 2311 fort.
715 2280 817 2310 quom
831 2268 1052 2308 Hyacinthus
1068 2266 1158 2296 intus
1175 2266 1219 2296 sit
1311 2274 1371 2302 142
1396 2273 1462 2294 una
1478 2262 1534 2293 del.

211 2317 363 2348 Schmidt
463 2326 523 2356 144
549 2320 671 2347 euenat
684 2314 786 2344 Bothe
885 2320 947 2351 145
971 2316 1050 2341 tunc
1064 2309 1097 2339 B
1198 2309 1260 2347 146
1283 2306 1400 2338 ituru's
1412 2306 1536 2337 Bothe:

211 2361 319 2392 iturus
333 2370 408 2391 sum
424 2359 489 2391 cod.
508 2371 514 2388 :
539 2360 549 2389 i
565 2369 679 2390 rusum
695 2356 823 2389 Ritschl
981 2363 1042 2392 150
1064 2352 1133 2384 secl.
1153 2351 1286 2392 Ritsclzl,
1304 2350 1362 2382 sed
1374 2351 1409 2390 cs.
1429 2348 1541 2379 Weber

213 2404 346 2446 (Pht'lol.
365 2412 416 2443 57,
433 2403 512 2444 231)
