1742 2718
688 93 1036 133 AMPHITRVO
1489 90 1518 127 1.
1540 90 1585 125 iil

196 216 305 248 tanto
325 208 481 247 breuior
500 206 585 246 dies
605 212 648 244 ut
668 207 734 244 fiat
754 205 905 251 faciam,
929 211 971 242 ut
990 216 1117 253 aeque
1137 202 1309 253 disparet

111 291 178 328 550
196 281 234 313 et
254 273 338 313 dies
358 272 379 312 e
399 280 516 312 nocte
536 272 709 311 accedat.
770 270 837 308 ibo
857 276 895 308 et
918 267 1160 308 Mercurium
1182 280 1465 317 supsequar.—

684 470 920 518 ACTVS
974 470 1023 516 II

547 589 891 626 AMPH1TRvo
1003 587 1168 624 Sosnx
1546 586 1630 624 II,i

193 673 276 711 AM.
310 673 394 721 Age
414 669 426 708 i
446 677 489 709 tu
510 670 740 709 secundum.
801 670 865 707 So.
898 669 1061 718 Sequor,
1084 678 1305 717 supsequor
1324 673 1375 704 te.

193 739 276 775 AM.
309 735 642 774 scelestissumum
662 742 701 772 te
721 733 894 772 arbitror.
955 734 1020 771 So.
1052 745 1144 770 nam
1166 732 1451 781 quamobrem?

193 803 275 840 AM.
307 800 399 851 quia
418 799 459 839 id
480 800 589 850 quod
610 812 739 849 neque
760 805 818 837 est
838 811 968 848 neque
988 796 1060 836 fuit
1080 809 1211 846 neque
1231 797 1405 834 futurum
1426 804 1484 834 est

193 864 289 903 mihi
308 864 521 915 praedicas.
581 865 646 902 So.
678 876 824 909 eccere,
847 862 925 901 iam
945 861 1085 900 tuatim

107 939 170 975 555
192 929 300 978 facis,
320 937 363 968 ut
383 929 465 968 tuis'
480 931 586 968 nulla
605 930 712 979 apud
732 936 770 967 te
791 929 889 967 fides
911 927 970 966 sit.
1543 944 1560 974 5

192 997 275 1034 AM.
306 994 401 1046 quid
415 996 502 1033 est?
523 1008 603 1045 quo
620 995 771 1033 modo?
800 993 877 1032 iarn
895 992 1057 1044 quidem
1073 993 1205 1031 hercle
1221 1005 1295 1043 ego
1314 991 1387 1031 tibi
1406 991 1521 1032 istam

191 1061 407 1107 scelestam,
430 1061 567 1107 scelus,
590 1059 763 1110 linguam
785 1058 998 1109 apscidam.
1059 1060 1123 1097 So.
1156 1066 1245 1096 tuos
1266 1071 1368 1107 sum,

189 1125 354 1177 proinde
375 1133 417 1163 ut
437 1126 733 1163 commodumst
754 1131 792 1162 et
811 1124 921 1162 lubet
941 1123 1118 1174 quidque
1137 1122 1282 1171 facias;

191 1199 323 1230 tamen
344 1190 439 1241 quin
460 1192 598 1240 loquar
618 1190 716 1227 haec
736 1188 793 1227 uti
814 1190 916 1227 facta
936 1196 1027 1227 sunt
1047 1187 1122 1235 hic,
1584 1229 1592 1236 „

106 1260 173 1305 560
191 1269 408 1306 numquam
430 1256 510 1293 ullo
531 1256 653 1293 modo
674 1268 737 1292 me
758 1262 870 1304 potes
891 1254 1095 1292 deterrere.
1544 1269 1581 1290 10

191 1322 274 1358 AM.
306 1319 605 1367 scelesfissume,
628 1320 750 1358 audes
771 1318 867 1357 mihi
888 1318 1113 1368 praedicare
1133 1318 1188 1367 id,

191 1385 300 1424 domi
320 1393 358 1424 te
379 1398 464 1424 esse
485 1398 593 1423 nunc
613 1384 681 1435 qui
701 1384 766 1423 hic
786 1385 911 1423 ades?
967 1385 1032 1422 So.
1064 1397 1157 1422 uera
1177 1384 1279 1423 dico.

190 1454 272 1490 AM.
306 1451 453 1490 malum
474 1451 582 1501 quod
603 1450 675 1488 tibi
695 1449 736 1489 di
756 1450 918 1497 dabunt,
941 1456 1061 1499 atque
1081 1462 1154 1499 ego
1174 1448 1294 1487 hodie

192 1516 308 1555 dabo.
367 1517 431 1555 So.
464 1515 564 1554 istuc
585 1514 693 1554 tibist
713 1515 753 1553 in
774 1528 905 1561 manu,
928 1528 1020 1552 nam
1041 1522 1129 1552 tuos
1150 1527 1248 1552 sum.
1310 1519 1317 1522 ”

108 1583 171 1629 565
193 1583 275 1620 ΑΜ.
307 1589 377 1620 tun
398 1595 471 1629 me,
495 1582 672 1629 uerbero,
694 1581 817 1619 audes
838 1593 948 1618 erum
969 1578 1190 1617 ludificari?
1544 1591 1581 1623 15

193 1655 288 1686 tune
308 1647 348 1686 id
369 1647 499 1686 dicere
519 1648 653 1694 audes,
677 1647 786 1697 quod
807 1658 926 1683 nemo
946 1657 1137 1695 umquam
1156 1644 1279 1682 homo
1298 1645 1467 1683 antehac

193 1713 292 1752 uidit
313 1727 386 1752 nec
406 1721 536 1764 potest
556 1713 648 1760 fieri,
672 1721 850 1763 tempore
870 1725 952 1750 uno

193 1779 315 1818 homo
335 1778 441 1818 idern
462 1779 619 1818 duobus
639 1778 736 1817 locis
757 1785 799 1816 ut
819 1777 936 1816 simul
956 1776 1034 1815 sit?

194 1846 259 1883 So.
290 1845 467 1895 profecto
487 1852 530 1883 ut
550 1846 691 1895 loquor
710 1857 770 1882 res
790 1842 844 1881 ita
863 1850 931 1881 est.
992 1843 1073 1879 AM.
1107 1840 1285 1892 Iuppiter
1303 1848 1343 1880 te

108 1922 177 1961 570
194 1911 342 1961 perdat.
401 1911 466 1949 So.
499 1909 595 1960 quid
617 1909 708 1948 mali
729 1922 828 1956 sum,
851 1922 926 1955 ere,
949 1915 1016 1946 tua
1036 1920 1082 1946 ex
1102 1921 1142 1945 re
1162 1906 1427 1957 promeritus?
1543 1921 1584 1944 20

194 1977 277 2014 AM.
309 1989 484 2026 rogasne,
508 1975 684 2026 inprobe,
709 1974 826 2013 etiam
848 1973 916 2024 qui
936 1974 1052 2012 ludos
1072 1971 1167 2010 facis
1188 1973 1281 2010 me?

247 2042 312 2079 So.
344 2040 483 2079 merito
505 2039 716 2079 maledicas
738 2039 846 2088 mihi,
869 2038 901 2077 si
921 2038 962 2077 id
982 2038 1036 2076 ita
1056 2039 1203 2076 factum
1224 2044 1292 2076 est.

194 2119 331 2144 uerum
367 2107 445 2144 hau
480 2105 659 2153 mentior,
683 2118 822 2155 resque
844 2103 900 2143 uti
920 2105 1022 2142 facta
1043 2102 1144 2142 dico.

239 2218 303 2249 549
315 2208 399 2251 fort.
424 2208 593 2249 disparem
617 2208 752 2248 (sourn.
777 2207 863 2239 Phil.
888 2208 941 2247 26,
967 2206 1059 2247 292),
1082 2205 1139 2237 sed
1158 2206 1197 2246 cf.
1216 2205 1282 2236 Leo
1306 2205 1437 2245 (Herm.
1471 2205 1520 2243 18,

196 2255 273 2292 572)
405 2261 469 2291 550
491 2262 616 2292 sequar
631 2250 707 2290 Leo,
727 2251 878 2291 rhythmo
894 2251 1064 2281 consulens
1195 2259 1258 2289 554
1281 2253 1430 2280 tuautem
1456 2248 1520 2278 cod.

198 2296 235 2335 (i.
252 2297 284 2336 7)
302 2307 309 2327 ε
333 2299 498 2327 testantur
511 2296 628 2326 tuatim
645 2295 788 2326 Sisenna
805 2300 857 2336 ap,
880 2294 1070 2325 charisium
1087 2303 1162 2332 221,
1179 2292 1309 2323 Nonius
1329 2302 1398 2332 179,
1416 2291 1518 2322 Gloss.

197 2338 308 2371 Plaut.
423 2348 486 2379 555
509 2339 592 2370 facis
616 2343 652 2370 tu
676 2337 818 2378 Brunck,
838 2338 987 2369 cuisacis
1012 2337 1151 2378 displicet
1204 2335 1254 2368 vel
1269 2337 1318 2367 uti
1376 2336 1461 2366 fides
1479 2335 1523 2364 sit

200 2383 354 2414 Guietus:
385 2383 430 2413 sit
447 2383 533 2414 fides
549 2382 614 2414 cod.
