1794 2728
165 85 255 128 11.1
652 80 699 118 Τ.
733 76 913 117 MACCI
946 72 1150 113 PLAVTI

244 195 325 232 AM.
357 191 478 230 nimia
497 201 692 228 memoras
713 187 818 225 mira.
865 185 934 222 sed
955 180 1116 220 uidistin
1137 191 1298 218 uxorem
1319 177 1478 216 meam?

244 259 308 297 SO.
341 256 436 307 quin
474 255 576 293 intro
614 253 668 290 ire
706 251 746 289 in
780 249 887 288 aedis
922 258 1141 295 numquam
1175 243 1325 282 licitum
1364 249 1433 280 est.
1492 242 1566 278 AL.

1175 307 1262 358 quis
1283 315 1320 345 te
1340 304 1570 357 prohibuit?

188 397 224 431 75
246 388 311 426 So.
343 384 453 425 Sosia
473 385 537 422 ille
558 395 675 433 quern
697 381 773 419 iam
795 379 947 417 dudum
968 375 1072 422 dico,
1093 374 1124 412 is
1145 373 1213 424 qui
1233 386 1296 411 me
1317 370 1508 410 contudit.

245 454 327 489 AM.
360 451 446 500 quis
473 449 558 487 istic
586 447 695 486 Sosia
722 447 808 484 est?
865 445 930 481 So.
962 454 1048 491 ego,
1073 439 1246 489 inquam.
1305 436 1487 488 quotiens
1517 435 1571 474 di-

1200 504 1372 541 cendum
1393 509 1451 540 est
1471 500 1572 539 tibi?

244 583 325 619 AM.
350 581 419 619 sed
436 578 530 629 quid
545 578 629 615 ais?
660 589 753 614 num
769 570 1044 612 obdormiuisti
1061 570 1243 608 dudum?
1286 569 1350 605 So.
1374 578 1569 615 nusquam
1588 568 1659 602 620

1382 629 1568 681 gentium.

246 713 328 749 AM.
352 711 406 748 ibi
426 711 524 748 forte
544 708 661 746 istum
675 707 707 744 si
728 705 893 743 uidisses
914 703 1114 752 quendam
1136 700 1176 738 in
1197 697 1345 737 somnis
1366 696 1529 735 Sosiam.

248 778 312 815 So,
344 789 424 814 non
446 776 553 813 soleo
575 786 647 822 ego
669 770 933 809 somniculose
955 766 1008 805 eri
1031 764 1194 816 imperia
1213 762 1405 814 persequi.

187 846 228 877 80
248 841 412 891 uigilans
433 839 524 886 uidi,
549 838 713 888 uigilans
735 848 841 873 nunc
862 832 940 885 (ut)
960 832 1089 878 uideo,
1114 829 1279 880 uigilans
1300 828 1464 873 fabulor,

248 906 473 957 uigilantem
495 905 558 942 ille
579 917 642 941 me
662 903 739 940 iarn
761 902 913 939 dudum
934 897 1100 948 uigilans
1120 894 1261 946 pugnis
1282 892 1472 932 contudit.

248 974 330 1010 AM.
362 970 449 1020 quis
487 970 638 1007 homo?
695 968 758 1005 So.
792 964 913 1011 Sosia,
954 963 1127 1013 inquam,
1169 973 1241 1010 ego
1280 959 1354 997 ille.
1413 969 1572 1007 quaeso,
1592 958 1659 1001 625

1202 1037 1335 1063 nonne
1355 1021 1576 1071 intellegis?

251 1103 332 1139 AM.
365 1100 442 1150 qui,
466 1100 626 1145 malum,
647 1097 870 1145 intellegere
890 1093 1100 1144 quisquam
1124 1090 1227 1141 potis
1255 1090 1342 1128 est?
1372 1087 1425 1126 ita
1454 1099 1576 1137 nugas

1450 1151 1576 1190 blatis.

251 1232 316 1269 So.
353 1241 488 1268 uerum
527 1234 702 1266 actutum
742 1237 892 1271 nosces,
933 1236 1056 1273 quom
1094 1221 1204 1260 illum
1242 1232 1382 1258 nosces
1422 1230 1577 1257 seruom

1413 1282 1576 1322 Sosiam.

194 1370 234 1410 85
254 1362 335 1397 AM.
368 1371 530 1408 sequere
550 1359 624 1395 hae
644 1356 758 1406 igitur
780 1369 852 1402 me,
876 1368 967 1393 nam
993 1354 1046 1391 mi
1067 1353 1167 1391 istuc
1196 1351 1365 1402 primum
1387 1347 1580 1398 exquisito

1390 1422 1447 1453 est
1468 1425 1578 1463 opus.

255 1491 324 1528 sed
345 1489 436 1527 uide
456 1502 502 1526 ex
523 1487 613 1525 naui
634 1488 851 1524 ecferantur
872 1498 972 1535 quae
994 1483 1185 1534 imperaui
1206 1483 1284 1521 iam
1305 1479 1448 1519 omnia.

256 1556 319 1593 So.
370 1561 407 1593 et
442 1566 592 1591 memor
630 1565 717 1589 sum
755 1558 793 1589 et
832 1550 1008 1600 diligens,
1051 1558 1093 1588 ut
1132 1561 1234 1599 quae
1271 1547 1439 1597 imperes
1477 1556 1582 1582 com·
1598 1542 1670 1587 630

1396 1615 1583 1660 pareant3

257 1698 338 1723 non
359 1697 431 1733 ego
452 1697 541 1722 cum
563 1682 656 1720 uino
677 1682 808 1721 simitu
831 1683 936 1722 ebibi
958 1681 1165 1732 imperium
1187 1687 1308 1718 tuom.

259 1752 339 1788 AM.
373 1749 521 1787 utinam
543 1748 582 1786 di
603 1748 723 1786 faxint
744 1748 887 1787 infecta
909 1748 1014 1786 dicta
1034 1760 1074 1784 re
1094 1745 1279 1784 eueniant
1299 1751 1376 1781 tua.

212 1865 242 1901 ii
425 1865 738 1901 ALCVMENA
849 1865 1196 1900 AMPH1TRvo
1307 1859 1470 1896 SOSIA

262 1947 334 1983 AL.
367 1944 474 1983 Satin
502 1958 622 1994 parua
649 1958 707 1983 res
729 1951 787 1983 est
814 1945 1062 1993 uoluptatum
1090 1941 1129 1979 in
1157 1940 1237 1979 uita
1263 1947 1382 1990 atque
1402 1937 1441 1976 in
1461 1943 1588 1975 aetate

1433 2001 1590 2052 agunda

264 2087 476 2125 praequam
508 2076 615 2124 quod
643 2075 852 2112 molestum
883 2074 970 2111 est?
999 2072 1052 2110 ita
1077 2071 1210 2121 quoiq'
1231 2075 1502 2119 comparatum
1532 2072 1590 2104 est

1152 2136 1190 2173 in
1210 2142 1338 2174 aetate
1358 2132 1565 2172 hominum
1581 2145 1591 2178 ;

260 2248 268 2257 Χ
310 2246 373 2275 622
398 2244 444 2274 eri
463 2241 572 2285 (mei)
588 2241 801 2273 Lindemann
934 2242 998 2278 623
1022 2244 1058 2270 ut
1076 2238 1262 2270 dubitanter
1277 2236 1393 2269 addidi
1408 2236 1484 2277 (seq.
1503 2235 1551 2266 ui·
1556 2236 1593 2271 ).
1586 2245 1593 2252 ·

268 2294 302 2319 te
325 2287 401 2319 add.
429 2286 638 2318 Camerarius
753 2286 816 2323 627
842 2293 943 2323 quom
964 2284 1120 2323 Seyffert:
1145 2292 1245 2322 quam
1263 2281 1329 2312 cod.
1422 2281 1488 2319 629
1511 2280 1590 2318 imp.

270 2333 333 2363 iarn
353 2330 454 2362 Bothe
471 2342 477 2361 :
503 2330 565 2360 iarn
583 2330 661 2370 imp.
684 2328 770 2360 cod:
795 2328 852 2358 vix
868 2328 931 2358 iam
949 2327 1066 2366 indup.
1171 2327 1236 2365 632
1261 2330 1313 2355 ret
1332 2324 1359 2367 (ἲ
1367 2329 1427 2364 pro
1443 2323 1494 2363 re)
1512 2321 1577 2353 cod.
