1742 2718
700 94 1045 133 AMPHITRVO
1481 96 1530 131 II.
1555 95 1582 131 ii

206 208 287 245 AM.
320 205 558 256 Amphitruo
579 218 738 244 uxorem
761 206 901 243 salutat
922 206 1046 243 laetus
1068 211 1261 254 speratam
1283 218 1406 250 suam,

205 284 323 321 quam
345 270 522 309 omnium
544 269 693 308 Thebis
715 269 773 307 uir
793 282 912 306 unam
934 282 1018 306 esse
1039 277 1243 318 optumam
1266 269 1464 315 diiudicat,

206 348 405 385 quamque
426 335 527 372 adeo
548 333 654 372 ciues
676 333 859 371 Thebani
880 346 974 371 uero
996 333 1222 371 rumiferant
1243 334 1418 382 probam.

206 399 390 439 ualuistin
429 400 584 448 usque?
641 405 896 448 exspectatun
937 397 1140 436 aduenio?
1233 399 1299 435 So.
1340 399 1416 436 hau
1452 398 1532 436 uidi

1399 463 1531 512 magis.

118 534 189 569 680
207 537 475 580 exspectatum
492 542 582 566 eum
600 530 740 566 salutat
758 527 879 578 magis
896 529 972 566 hau
990 527 1202 577 quicquam
1220 541 1338 577 quam
1356 541 1505 565 canem.
1555 546 1596 577 50

205 597 287 633 AM.
320 602 358 633 et
397 607 516 644 quom
549 591 622 645 [te]
653 592 854 643 grauidam
885 600 923 631 et
953 606 1074 642 quom
1110 600 1147 631 te
1181 594 1344 642 pulchre
1377 595 1534 643 plenam

1185 657 1345 707 aspicio,
1368 659 1533 707 gaudeo.

206 727 278 763 AL.
311 737 475 774 opsecro
496 730 657 769 ecastor,
684 722 779 773 quid
802 730 842 760 tu
864 736 927 761 me
948 721 1154 761 deridiculi
1174 722 1296 772 gratia

207 790 262 829 sic
283 791 426 828 salutas
447 797 565 838 atque
586 789 771 838 appella5‚
796 787 907 837 quasi
929 789 1080 826 dudum
1102 802 1183 826 non
1204 787 1360 835 uideris,

208 854 318 905 quasi
339 853 407 904 qui
427 867 534 892 nunc
555 853 724 903 primum
747 852 910 902 recipias
928 861 965 890 te
982 854 1147 891 domum
1169 854 1247 891 huc
1268 867 1313 891 ex
1333 853 1524 897 hostibus,

120 927 186 970 685
206 928 325 969 atque
346 932 409 957 me
431 932 536 956 1111116
557 917 723 968 proinde
744 918 918 967 appellas
939 917 1050 967 quasi
1072 919 1197 956 multo
1218 926 1307 968 post
1327 918 1501 957 uideris?
1559 928 1597 960 55

207 986 291 1022 AM.
332 983 454 1022 immo
494 983 680 1033 equidem
722 989 759 1020 te
798 981 872 1020 nisi
918 996 1024 1020 1111116
1063 982 1183 1021 hodie
1222 997 1417 1033 nusquam
1457 983 1538 1021 uidi

1349 1048 1535 1098 gentium.

206 1118 280 1154 AL.
312 1129 385 1166 qur
414 1117 562 1166 negas?
617 1117 699 1153 AM.
733 1115 825 1166 quia
855 1128 947 1153 uera
976 1114 1097 1153 didici
1127 1114 1268 1153 dicere.
1327 1117 1401 1152 AL.
1433 1115 1539 1152 haud

1256 1193 1427 1229 aequom
1448 1179 1539 1217 facit

208 1247 275 1298 qui
296 1248 404 1298 quod
426 1246 564 1286 didicit
584 1246 625 1285 id
647 1245 827 1285 dediscit.
884 1260 934 1284 an
956 1244 1230 1296 periclitamini

209 1312 305 1364 quid
325 1312 446 1351 animi
463 1312 631 1350 habeam
646 1313 662 1349 ?
692 1313 762 1350 sed
778 1311 874 1361 quid
896 1312 973 1349 11116
990 1324 1060 1349 1105
1082 1309 1326 1349 161101111111111
1342 1317 1421 1348 tam
1438 1309 1539 1349 cito?

120 1383 191 1427 690
208 1392 259 1417 an
280 1386 318 1417 te
337 1377 557 1428 auspicium
580 1385 867 1415 commoratum
890 1384 948 1415 est
968 1390 1018 1414 an
1040 1384 1252 1426 tempestas
1274 1375 1450 1414 continet
1559 1379 1601 1410 60

209 1443 276 1493 qui
297 1456 377 1481 non
397 1442 529 1481 abiisti
548 1443 600 1480 ad
621 1441 805 1492 legiones,
829 1441 882 1479 ita
903 1441 958 1479 uti
980 1442 1133 1479 dudum
1154 1441 1335 1479 dixeras?

207 1510 290 1546 AM.
322 1509 506 1546 dudum?
535 1521 654 1557 quam
671 1508 823 1546 dudum
840 1506 940 1545 istuc
956 1508 1102 1544 factum
1120 1508 1207 1544 est?
1264 1507 1337 1543 AL.
1360 1512 1537 1556 temptas.

1119 1571 1196 1609 iarn
1218 1572 1382 1617 dudum,
1405 1571 1538 1609 modo.

207 1639 290 1676 AM.
323 1639 391 1688 qui
414 1637 514 1676 istuc
535 1637 637 1688 potis
665 1644 723 1675 est
751 1636 846 1685 fieri,
868 1650 1027 1687 quaeSO,
1051 1644 1093 1674 ut
1117 1636 1239 1675 dicis:
1269 1635 1346 1674 iam
1374 1636 1538 1681 dudum,

1390 1701 1510 1739 modo
1525 1702 1541 1738 Ρ

209 1770 281 1806 AL.
314 1767 410 1818 quid
423 1767 529 1807 enim
546 1781 682 1807 censes
697 1770 714 1806 ?
738 1767 776 1806 16
792 1775 835 1806 111
851 1769 1037 1807 deludam
1055 1774 1190 1806 contra
1206 1767 1377 1804 lusorem
1394 1779 1538 1811 meum,

122 1838 188 1884 695
210 1833 277 1883 qui
298 1847 404 1871 nunc
424 1833 594 1883 primurn
616 1840 653 1871 16
673 1832 883 1872 aduenisse
905 1832 1023 1879 dieas,
1044 1833 1165 1870 modo
1187 1831 1254 1881 qui
1275 1830 1367 1869 hinc
1386 1830 1539 1869 abieris.
1561 1838 1601 1879 65

210 1900 293 1936 AM.
316 1899 413 1936 haec
427 1897 587 1948 quidem
603 1898 860 1937 deliramenta
874 1897 1056 1947 loquitur.
1101 1898 1166 1935 So.
1190 1895 1400 1946 paullisper
1413 1909 1539 1943 mane,

209 1964 305 2001 dum
344 1962 581 2001 edormiscat
623 1976 747 2000 unum
787 1975 983 2001 somnum.
1057 1964 1141 1999 AM.
1185 1974 1339 2011 quaene
1378 1961 1542 2011 uigilans

1343 2025 1513 2065 somniat
1526 2027 1542 2063 ?

251 2132 316 2172 678
333 2133 609 2163 uerorumificant
623 2131 688 2163 cod.
704 2132 877 2170 (uerorum
894 2132 1074 2164 mirificant
1090 2132 1152 2172 3³)
1171 2143 1177 2162 :
1196 2135 1331 2162 testatur
1348 2131 1543 2162 rumiferant

208 2176 339 2206 Nonius
357 2178 416 2215 167
551 2177 616 2206 680
639 2176 816 2215 quicquam
834 2176 958 2207 Bothe:
984 2177 1161 2216 quisquam
1179 2175 1245 2206 cod.
1342 2176 1403 2206 681
1432 2179 1465 2204 te
1482 2173 1540 2204 del.

208 2219 345 2259 Pylades
432 2219 560 2259 ascipio
577 2219 642 2250 cod.
775 2220 840 2258 684
864 2219 1028 2259 quasique
1047 2219 1262 2250 Camerarius
1386 2219 1450 2256 685
1475 2217 1543 2247 secl.

209 2262 362 2293 Muretus
448 2264 514 2302 689
527 2263 607 2302 fort.
623 2261 729 2306 (uos)
741 2263 807 2293 huc
821 2273 882 2294 uos
895 2263 1106 2294 reuortimini
1120 2263 1171 2301 (cs.
1189 2273 1218 2294 v.
1241 2263 1332 2301 238),
1351 2272 1433 2292 nam
1452 2271 1545 2291 Γενν-

209 2305 349 2346 dnsplicet
476 2308 541 2346 690
564 2306 709 2337 continit
735 2305 845 2336 Luclts
942 2308 1006 2345 692
1031 2307 1050 2336 i.
1069 2305 1195 2337 dudum
1207 2305 1362 2337 Brunck:
1388 2306 1407 2336 i.
1422 2305 1546 2336 dudum

208 2350 339 2389 pridem
352 2349 417 2380 cod.
438 2350 497 2390 (iv,
515 2361 548 2390 p.
566 2350 624 2391 61)
