1814 2723
161 40 229 77 IV.
253 40 298 76 vi
673 39 719 76 T.
753 37 933 77 MACCI
965 37 1169 76 PLAVTI

198 229 235 262 ¹5

197 623 235 644 20

198 944 233 975 25

177 1238 237 1274 vii

201 1917 238 1938 10

256 163 330 200 ego
350 164 437 189 sum
459 164 576 197 sacer,
600 152 798 189 scelestus.
859 156 994 199 specta
1012 162 1094 187 rem
1115 149 1262 195 modo;

256 229 329 266 ego
350 217 515 255 uerbum
536 216 677 254 faciam
697 214 896 267 (nullum).
956 216 1022 254 NI.
1054 214 1183 262 etiam,
1207 214 1402 260 carnufex,
1602 217 1667 262 785

256 280 465 319 minitare?
523 282 598 320 CH.
631 294 771 319 nosces
793 288 834 318 tu
855 280 965 318 illum
986 287 1162 318 actutum
1184 278 1300 329 quali'
1321 278 1379 316 sit.

256 359 362 384 nunc
382 347 487 384 hasc'
508 346 670 384 tabellas
691 347 788 383 ferre
809 358 872 383 me
892 344 1003 382 iussit
1024 344 1105 383 tibi.

255 413 403 459 orabat,
426 414 533 462 quod
555 412 640 449 istic
661 419 762 450 esset
783 411 970 461 scriptum
992 419 1034 449 ut
1055 412 1172 449 fieret.

257 479 322 514 N1.
355 478 465 515 cedo.
526 478 603 515 CH.
636 490 756 515 nosce
786 476 950 526 signum.
1029 478 1094 514 N1.
1128 476 1231 514 noui.
1276 476 1343 514 ubi
1378 475 1460 525 ipse
1494 477 1584 513 est?

1325 542 1402 579 CH.
1435 539 1580 579 nescio.

257 606 310 644 nil
332 607 408 644 iam
430 620 492 645 me
513 614 666 656 oportet
688 606 795 645 scire.
855 606 1000 645 oblitus
1021 619 1107 644 sum
1129 605 1272 644 omnia.
1602 613 1671 648 790

257 672 338 710 scio
360 686 422 711 me
444 686 528 710 esse
549 685 715 710 seruom.
775 672 910 710 nescio
931 671 1048 710 etiam
1070 672 1110 709 id
1131 672 1239 720 quod
1260 670 1352 709 scio.

256 750 362 775 nunc
382 738 433 775 ab
454 745 663 775 transenna
683 737 746 775 hic
767 738 904 775 turdus
924 735 1161 774 lumbricum
1182 735 1278 785 petit
1293 751 1303 783 3

256 802 445 852 pendebit
466 802 585 840 hodie
606 803 779 852 pulchre,
802 802 856 840 ita
876 801 1027 840 intendi
1048 808 1173 839 tenus.

257 868 294 904 N
300 879 324 904 1.
356 868 570 905 manedum
590 880 822 917 parumperg
852 867 930 904 iam
950 880 1047 904 exeo
1067 867 1117 904 ad
1138 873 1187 913 te,
1211 866 1463 915 Chrysalo-—

258 933 334 971 CH.
367 940 408 970 ut
429 933 550 970 uerba
570 932 667 970 mihi
686 933 765 979 dat,
788 940 830 970 ut
849 933 984 970 nescio
1004 945 1123 981 quam
1144 944 1225 969 rem
1245 939 1351 980 gerat
1371 935 1377 969 1
1603 936 1668 972 795

257 1010 390 1035 seruos
410 997 571 1036 arcessit
591 997 696 1035 intus
717 997 785 1047 qui
804 1011 868 1036 me
889 996 1074 1035 uinciant.

256 1063 358 1101 bene
379 1063 490 1101 nauis
510 1063 645 1113 agitur,
668 1064 830 1113 pulchre
850 1064 947 1100 haec
968 1063 1166 1100 confertur
1185 1061 1286 1099 ratis.

257 1129 327 1166 sed
348 1128 614 1175 conticiscam,
637 1141 729 1166 nam
750 1127 870 1166 audio
889 1127 1028 1177 aperiri
1048 1128 1159 1165 fores.

341 1240 665 1277 NICOBVLVS
777 1240 1110 1277 CHRYSALVS
1222 1238 1513 1276 LORARJVS

258 1322 323 1359 N1.
357 1320 592 1370 Constringe
613 1328 654 1358 tu
674 1320 763 1367 illic,
787 1323 961 1367 Artamo,
983 1327 1160 1357 actutum
1181 1332 1331 1357 manus.

258 1386 335 1425 CH.
369 1385 464 1435 quid
484 1385 588 1423 feci?
645 1386 711 1423 NI.
743 1384 916 1434 impinge
936 1397 1125 1434 pugnum,
1148 1383 1179 1421 si
1200 1383 1425 1421 muttiuerit.
1604 1387 1672 1421 800

258 1450 354 1500 quid
370 1452 444 1488 hae
465 1452 678 1500 loquontur
697 1449 876 1487 litterae?
933 1450 1011 1488 CH.
1042 1448 1139 1498 quid
1160 1461 1223 1486 me
1243 1450 1384 1498 rogas?

259 1523 301 1553 ut
321 1515 372 1553 ab
392 1515 458 1553 illo
478 1515 625 1564 accepi,
648 1515 699 1552 ad
720 1522 758 1553 te
778 1514 1003 1564 opsignatas
1024 1513 1146 1552 attuli.

261 1581 326 1618 Νι.
359 1581 435 1618 eho
456 1587 507 1626 tu,
533 1579 827 1629 †loquitatusne
847 1592 888 1617 es
908 1586 1028 1628 gnato
1049 1582 1170 1620 meo†

260 1646 361 1682 male
382 1658 450 1694 per
469 1658 704 1691 sermonem,
726 1644 818 1693 quia
839 1644 891 1681 mi
912 1643 953 1682 id
972 1657 1111 1682 aurum
1131 1642 1313 1690 reddidit,

259 1717 296 1747 et
317 1718 355 1748 te
376 1709 505 1747 dixisti
526 1709 566 1747 id
585 1722 724 1746 aurum
743 1709 965 1747 ablaturum
987 1717 1118 1748 tamen
1605 1713 1670 1756 805

259 1788 328 1825 per
348 1774 675 1824 sycophantiam?
731 1775 808 1814 CH.
842 1788 967 1825 egone
988 1775 1087 1814 istuc
1108 1774 1217 1813 dixi?
1273 1775 1339 1812 N1.
1371 1772 1435 1811 ita.

260 1839 337 1877 CH.
369 1837 455 1888 quis
477 1839 634 1876 homost
655 1838 723 1888 qui
743 1838 848 1877 dicat
869 1853 932 1877 me
948 1839 1090 1877 dixisse
1110 1838 1242 1876 istuc?
1298 1838 1364 1875 N1.
1396 1844 1493 1881 tace,

258 1904 388 1940 nullus
409 1904 529 1941 homo
550 1903 645 1941 dicit
662 1919 668 1941 :
700 1905 774 1942 hae
794 1905 962 1942 tabellae
982 1912 1020 1942 te
1039 1911 1215 1954 arguont‚

257 1981 354 2017 quas
375 1975 416 2005 tu
436 1968 609 2006 attulisti.
668 1983 730 2007 em
753 1970 827 2007 hae
847 1977 885 2007 te
905 1968 1044 2007 uinciri
1063 1968 1211 2006 iubent.

258 2034 335 2071 CH.
367 2034 452 2079 aha,
477 2035 826 2083 Bellorophantam
850 2035 930 2072 tuo'
951 2047 1014 2071 me
1034 2033 1125 2071 fecit
1145 2032 1247 2070 filius
1265 2048 1271 2070 :
1605 2036 1673 2070 810

301 2137 363 2175 785
388 2136 514 2167 nullum
526 2137 603 2168 add.
617 2137 835 2168 Brachmann
925 2138 987 2176 789
1010 2136 1060 2167 vel
1067 2136 1175 2175 ipsust
1265 2144 1328 2173 792
1352 2134 1405 2164 hic
1416 2144 1480 2164 om.
1495 2133 1582 2165 codd.

256 2178 359 2209 Nonii
371 2181 393 2210 6
525 2191 588 2219 794
613 2191 699 2211 exeo
716 2181 758 2212 ad
775 2186 808 2211 te
829 2179 985 2210 Guietus:
1008 2180 1050 2210 ad
1067 2184 1101 2209 te
1125 2189 1212 2209 exeo
1230 2177 1294 2209 cod.
1398 2187 1460 2217 795
1485 2182 1520 2208 ut
1535 2177 1584 2218 n.]

256 2223 346 2255 bene
362 2223 433 2254 scio
449 2223 629 2254 Abraham
767 2234 829 2263 797
854 2224 1000 2262 agitatur
1016 2221 1080 2253 cod.
1100 2222 1145 2264 (v.
1163 2223 1210 2259 8),
1230 2221 1287 2252 sed
1300 2221 1397 2252 nauis
1416 2221 1585 2261 monosyll.

256 2267 312 2297 vix
326 2266 505 2306 serendum
639 2268 703 2306 803
728 2272 762 2297 tu
780 2266 932 2309 (scelus)
949 2266 1075 2308 Rigschl
1167 2265 1248 2304 fort.
1269 2265 1466 2304 loquitatu'n
1485 2269 1586 2304 gnato

260 2309 519 2352 (Mnesilocho)
536 2320 612 2340 meo
760 2312 826 2341 806
849 2310 899 2341 vel
912 2311 980 2341 dixi
1113 2311 1178 2340 810
1200 2309 1288 2339 bello
1307 2309 1505 2348 rophantem
1525 2307 1584 2348 (B:

259 2354 461 2393 rophontem
479 2353 570 2393 PCD)
587 2354 651 2384 iam
672 2356 742 2394 (pro
758 2359 840 2385 —tem
857 2364 935 2385 corr.
957 2358 1037 2384 —tam
1053 2354 1078 2393 2)
1096 2352 1160 2383 cod.
