1742 2718
682 52 1004 91 PRAEFATIO

179 167 378 207 Palatinae
406 165 646 204 recensionis
674 163 833 202 solitum
861 175 946 200 esse
972 163 1116 200 formas
1136 166 1316 208 amatust,
1340 164 1512 198 amatast

177 234 230 272 ita
250 240 401 271 mutare
421 238 464 268 ut
479 243 592 268 verus
613 229 711 267 ordo
728 239 1013 277 saepenumero
1034 226 1082 264 sit
1102 226 1279 264 turbatus
1302 226 1352 276 (v.
1363 239 1396 274 g.
1416 226 1505 265 Cas.

178 301 256 335 620
271 302 443 335 nostrast
462 291 604 346 domo]
626 300 759 332 nostra
779 293 902 330 domo
918 298 977 329 est
993 293 1035 328 P
1043 305 1053 339 ;
1081 290 1171 331 Cas.
1191 293 1266 339 878
1288 290 1508 340 puditumst

178 360 385 414 umquam]
412 360 596 411 puditum
620 371 811 407 umquam
838 364 896 395 est
922 356 1005 406 P);
1033 357 1141 394 unde
1167 355 1332 406 liquebit
1360 357 1508 393 nullam

178 429 298 466 fidem
321 427 522 465 Palatinae
545 422 766 462 recensioni
789 429 928 460 contra
951 420 1226 459 auctoritatem
1253 419 1507 459 Ambrosiani

178 494 352 533 dandam
373 492 414 530 in
436 490 531 530 Cist.
559 503 632 527 120
652 496 691 527 et
716 487 920 525 similibus.
981 487 1123 535 Neque
1144 486 1169 523 ii
1190 487 1355 524 lectores
1381 484 1447 534 qui
1469 485 1509 522 in

178 573 237 597 vv.
268 560 354 608 556,
388 559 460 606 567
490 552 715 592 Trinummi
744 553 902 590 fabulae
931 551 1100 589 scribam
1132 550 1354 588 Palatinum
1384 549 1444 587 bis
1469 548 1509 587 in

178 624 348 662 eundem
376 633 545 660 errorem
571 619 727 668 lapsum
752 617 1100 667 deprehenderunt
1126 615 1278 666 (dixisti
1297 627 1368 664 pro
1388 614 1508 664 dixti)

178 687 419 727 dubitabunt
449 698 540 724 eum
570 683 748 723 eiusdem
779 681 916 720 erroris
943 680 983 719 in
1007 695 1041 718 v.
1072 683 1145 718 602
1178 681 1444 719 condemnare
1471 686 1511 717 et

178 766 333 791 versum
354 751 410 790 sic
430 752 619 799 refingere
636 764 642 786 :

179 818 385 868 quomodo
404 823 447 855 tu
469 815 579 861 istuc,
604 812 781 859 Stasime‚
805 810 901 850 dixti
924 811 1078 861 (dixisti
1096 810 1157 861 P),
1178 810 1355 848 nostrum
1377 808 1510 847 erilem

232 883 358 922 filium
371 885 388 921 ?

180 950 259 988 Sed
280 950 331 987 de
351 949 424 986 hac
445 945 596 984 ratione
619 941 861 983 emendandi
882 940 975 980 alibi
998 940 1174 992 (‘J0urn.
1198 939 1309 977 Phil.'
1334 940 1392 985 26,
1419 938 1510 987 290)

180 1014 260 1053 dixi
275 1015 297 1051 ¹.
359 1012 439 1051 Hic
474 1011 566 1048 satis
596 1016 654 1047 est
688 1006 862 1057 profiteri
896 1019 961 1044 me
992 1004 1322 1055 Palaeographiae
1351 1002 1512 1041 arbitrio

181 1091 466 1129 saepenumero
493 1075 695 1124 reliquisse
724 1072 925 1123 optionem
956 1071 1055 1110 inter
1080 1083 1262 1120 magnam
1290 1070 1396 1107 illam
1422 1081 1514 1106 con-

181 1145 416 1184 iecturarum
446 1141 601 1179 turbam
631 1152 750 1189 quam
783 1139 823 1175 in
855 1136 1030 1176 editione
1063 1134 1342 1175 Teubneriana
1377 1133 1514 1173 maiori

182 1209 362 1261 reperies,
386 1208 438 1246 ita
458 1214 500 1245 ut
522 1207 556 1244 ei
576 1203 737 1244 lectioni
759 1203 859 1242 inter
883 1216 994 1252 pares
1019 1204 1192 1253 palmam
1212 1201 1391 1240 dederim
1411 1213 1514 1251 quae

182 1275 367 1316 facillime
387 1288 433 1312 ex
449 1271 600 1310 usitatis
622 1269 837 1308 scribarum
854 1275 1076 1307 nostrorum
1095 1266 1288 1305 erroribus
1308 1280 1396 1305 eam
1413 1278 1514 1316 quae

182 1344 223 1382 in
243 1340 450 1381 codicibus
470 1344 630 1388 apparet
651 1336 818 1373 formam
838 1332 1018 1383 accipere
1038 1331 1208 1383 potuerit
1219 1332 1243 1371 ².

183 1445 422 1487 positionibus,
447 1443 481 1472 in
508 1441 576 1471 111ο
595 1451 639 1470 ex
662 1437 911 1476 omissionibus,
936 1437 971 1467 in
997 1437 1061 1467 1V⁰
1078 1447 1122 1467 ex
1145 1436 1397 1475 additamentis,
1419 1435 1453 1465 in
1470 1434 1516 1464 V⁰

184 1510 226 1530 ex
249 1496 399 1529 confusis
421 1495 510 1524 inter
534 1502 570 1522 se
591 1491 758 1522 similibus
774 1488 956 1526 vocabulis,
976 1488 1010 1518 in
1028 1488 1094 1518 VI⁰
1112 1499 1156 1518 ex
1176 1488 1292 1518 formis
1315 1487 1514 1525 litterarum,
1572 1490 1574 1492 ’

184 1552 217 1582 in
250 1549 333 1580 V110
366 1558 409 1578 ex
441 1546 572 1576 formis.
592 1542 883 1573 abbreviationum
916 1541 970 1571 vel
1007 1541 1279 1580 compendiorum
1315 1540 1515 1579 scripturae.

185 1602 286 1642 Quod
313 1600 450 1641 quidem
481 1606 598 1627 eorum
627 1605 728 1625 causa
753 1594 828 1623 dico
853 1593 909 1632 qui
939 1603 1009 1623 rem
1038 1592 1353 1632 palaeographicam
1382 1591 1517 1630 longius

186 1653 343 1695 persequi
361 1650 488 1682 nolunt.
539 1648 624 1678 Nam
642 1647 677 1676 in
695 1646 917 1676 adnotatione
936 1645 1122 1676 identidem
1138 1644 1237 1674 citavi
1255 1644 1340 1674 hanc
1357 1643 1411 1673 vel
1429 1643 1517 1673 illam

186 1705 386 1747 particulam
404 1702 504 1732 huius
517 1700 570 1730 vel
589 1699 680 1729 illius
698 1697 842 1736 capitis;
860 1697 951 1727 velut
965 1697 1008 1727 ad
1021 1696 1098 1727 Aul.
1113 1697 1179 1735 659
1192 1695 1296 1736 intro]
1316 1695 1413 1725 ‘hinc
1430 1695 1517 1725 intro

186 1758 253 1789 cod.
280 1758 336 1795 giv,
361 1755 414 1795 3)⁷
437 1752 567 1784 numeri
594 1752 682 1781 intra
706 1750 849 1780 uncinos
876 1748 994 1778 inclusi
1020 1753 1174 1787 spectant
1198 1748 1240 1778 ad
1265 1747 1384 1787 capitis
1409 1747 1518 1786 quarti

187 1810 320 1841 tertiam
348 1805 558 1848 particulam,
589 1803 644 1833 ubi
676 1807 832 1832 narratur
858 1800 984 1831 scribas
1013 1800 1132 1831 solitos
1158 1810 1236 1830 esse
1259 1799 1456 1830 vocabulum
1485 1799 1518 1829 in

188 1860 372 1899 exemplari
405 1865 634 1898 praepropere
672 1854 799 1893 legere,
833 1863 1010 1892 perperam
1043 1851 1249 1890 describere,
1279 1856 1348 1882 tum
1382 1850 1519 1889 cognito

188 1912 301 1944 statim
336 1920 453 1941 errore
485 1907 685 1938 vocabulum
726 1915 905 1945 perperam
940 1905 1153 1943 descriptum
1189 1903 1391 1942 relinquere,
1429 1908 1519 1933 recte

189 1963 394 2003 descriptum
420 1962 512 1992 iuxta
537 1970 670 2000 ponere.
721 1959 836 1998 Siquis
861 1958 963 1997 igitur
982 1961 1087 1987 totam
1107 1965 1178 1987 rem
1202 1955 1360 1995 explicari
1377 1954 1458 1994 vult,
1478 1956 1520 1984 ad

189 2016 336 2047 libellum
360 2024 397 2045 se
422 2017 621 2051 convertat3
645 2013 672 2043 si
700 2011 845 2042 noluerit
868 2012 929 2042 has
946 2009 1143 2051 quisquilias
1166 2007 1334 2049 persequi,
1353 2007 1436 2037 satis
1456 2006 1521 2037 erit

190 2077 396 2107 cognoscere
415 2076 565 2096 errorem
585 2077 628 2096 ex
646 2077 751 2106 prava
767 2065 922 2097 vocabuli
941 2064 1132 2095 adiectione
1150 2068 1270 2094 ortum,

234 2120 246 2139 1
272 2119 368 2161 [Post
385 2119 468 2149 haec
487 2120 613 2159 scripta
633 2130 721 2150 nunc
742 2119 829 2150 addo
849 2129 902 2149 me
920 2119 953 2148 in
972 2117 1084 2148 libello
1105 2118 1132 2156 (⁴
1145 2115 1291 2146 Ancient
1311 2113 1469 2145 Editions
1488 2112 1523 2143 of

192 2171 350 2222 Plautus’
378 2171 525 2212 Parker.,
553 2171 679 2210 Oxon.⁷
715 2171 813 2210 1903)
845 2181 922 2200 mox
950 2170 1124 2210 prodituro
1154 2168 1288 2208 plenius
1317 2171 1421 2197 totam
1450 2174 1521 2194 rem

191 2224 386 2254 tractavisse
412 2228 446 2254 et
473 2224 514 2254 de
540 2222 756 2262 plurimorum
783 2222 935 2252 locorum
960 2223 1120 2270 §quorum
1145 2220 1249 2250 index
1271 2218 1305 2248 in
1328 2217 1396 2248 fine
1418 2215 1521 2246 libelli

193 2277 259 2311 est)
277 2275 480 2306 lectionibus
498 2273 720 2314 disputasse]

236 2326 249 2347 ²
273 2327 377 2366 Siqua
396 2326 499 2365 igitur
516 2326 621 2356 libelli
639 2325 704 2355 mei
723 2324 755 2354 in
775 2324 994 2355 adnotatione
1012 2323 1128 2354 citatio
1145 2330 1396 2362 supervacanea
1413 2318 1522 2358 primo

844 2394 866 2417 X
