1814 2723
266 81 312 118 V.
334 81 381 117 iv
749 81 795 117 T.
828 79 1011 118 MACCI
1041 79 1245 117 PLAVTI

336 198 475 242 suapte
496 192 612 241 culpa
634 195 655 232 †
663 203 806 241 genere
826 189 1027 240 capiunt†‚
1050 202 1173 239 genus
1195 189 1354 239 ingenio
1374 190 1596 241 inprobant.
1683 201 1753 237 970

278 270 317 293 10
338 258 413 295 DE.
447 270 585 296 uerum
606 256 671 295 hic
692 255 797 295 dicit.
858 257 930 293 LY.
953 254 1025 293 tibi
1045 268 1136 305 ergo
1157 254 1262 294 dicit.
1321 257 1392 293 Ev.
1422 269 1470 294 eo
1490 255 1587 294 illud
1608 262 1666 293 est

1372 334 1509 358 uerum
1530 319 1663 370 magis.

334 401 426 425 nam
448 395 486 425 te
507 387 604 425 istac
624 394 751 425 aetate
772 387 880 424 haud
899 398 1071 434 aequom
1091 385 1172 423 filio
1192 387 1317 423 fuerat
1337 392 1406 422 tuo

332 452 578 490 adulescenti
599 450 747 489 amanti
768 450 937 488 amicam
958 449 1105 499 eripere
1126 457 1300 499 emptam
1320 457 1482 499 argento
1503 463 1584 488 suo.

335 519 411 555 DE.
445 517 542 567 quid
563 524 604 555 tu
625 517 712 555 ais?
745 515 908 555 Charini
928 514 1092 553 amicast
1112 515 1207 553 illa?
1278 516 1349 553 EV.
1383 522 1425 552 ut
1445 514 1665 553 dissimulat

1515 582 1640 618 malus
1657 583 1664 619 !

336 650 411 686 DE.
445 648 508 686 ille
530 647 693 697 quidem
714 646 821 684 illam
842 659 927 684 sese
946 645 1130 683 ancillam
1152 645 1264 683 matri
1286 645 1427 683 emisse
1448 645 1605 683 dixerat.
1684 656 1750 694 975

274 728 311 759 15
334 715 406 751 EV.
429 720 637 762 propterea
657 711 772 761 igitur
791 718 834 748 tu
855 711 1072 756 mercatu’s,
1088 723 1215 748 nouos
1236 718 1398 756 amator,
1415 711 1520 747 uetu'
1541 713 1666 759 puer?

334 779 403 815 LY.
437 785 600 827 optume
620 778 762 823 hercle,
786 789 914 825 perge,
938 775 1011 825 e'go
1030 776 1218 813 adsistam
1239 774 1331 812 hinc
1352 774 1616 813 alterinsecus.

333 842 477 893 quibus
498 850 556 882 est
577 842 692 881 dictis
713 841 855 891 dignus
872 853 998 889 usque
1018 853 1227 878 oneremus
1243 839 1372 878 ambo.
1436 840 1511 877 DE.
1544 842 1665 879 nullu'

1564 918 1662 944 sum.

333 974 404 1010 Lv.
437 972 518 1010 filio
539 985 611 1011 suo
632 971 698 1022 qui
720 970 923 1009 innocenti
943 969 1036 1008 fecit
1056 977 1205 1008 tantam
1226 969 1417 1007 iniuriam.

334 1038 406 1075 Ev.
439 1051 558 1087 quem
580 1037 743 1087 quidem
759 1037 891 1075 hercle
911 1048 999 1085 ego,
1011 1034 1052 1072 in
1068 1034 1247 1073 exsilium
1263 1047 1384 1084 quom
1402 1035 1482 1082 iret,
1499 1035 1663 1074 redduxi
1682 1042 1754 1087 980

1474 1101 1639 1138 domum
1654 1115 1664 1148 ,-

275 1185 316 1206 20
334 1181 426 1206 nam
453 1167 535 1206 ibat
564 1169 795 1207 exsulatum.
868 1168 945 1205 DE.
975 1179 1027 1205 an
1060 1165 1186 1204 abiit?
1248 1166 1320 1204 LY.
1350 1165 1469 1204 etiam
1490 1166 1662 1216 loquere,

1529 1231 1664 1269 larua?

332 1306 548 1349 temperare
570 1298 665 1337 istac
685 1306 814 1337 aetate
834 1297 917 1336 istis
938 1298 1053 1336 decet
1072 1297 1140 1335 ted
1160 1296 1318 1335 artibus.

332 1365 407 1402 DE.
440 1365 574 1411 fateor,
597 1363 746 1413 deliqui
767 1363 954 1413 profecto.
1016 1363 1087 1399 Ev.
1121 1360 1238 1399 e'tiam
1259 1363 1431 1410 loquere,
1453 1362 1590 1400 larua?

330 1442 499 1467 uacuom
520 1442 605 1467 esse
626 1428 723 1466 istac
743 1429 811 1466 ted
830 1435 958 1465 aetate
978 1427 1038 1464 his
1059 1426 1227 1465 decebat
1247 1425 1383 1464 noxiis.
1679 1431 1765 1475 983a

329 1494 467 1533 itidem
488 1502 530 1533 ut
551 1502 707 1544 tempus
727 1492 833 1540 anni,
855 1500 984 1530 aetate
1003 1491 1079 1530 alia
1099 1491 1207 1530 aliud
1227 1492 1374 1530 factum
1395 1492 1583 1530 conuenit
1597 1507 1618 1546 ,-¹

272 1575 309 1606 25
330 1573 422 1597 nam
444 1559 475 1597 si
496 1559 595 1597 istuc
607 1558 676 1611 *ius
699 1566 767 1605 est,
791 1565 950 1596 senecta
970 1564 1098 1595 aetate
1120 1555 1280 1595 scortari
1300 1570 1424 1603 senes,
1679 1563 1746 1608 985

330 1624 398 1663 ubi
418 1624 531 1662 locist
551 1637 611 1662 res
633 1637 788 1661 summa
808 1631 941 1661 nostra
961 1617 1149 1673 puplica?
1207 1623 1282 1660 DE.
1316 1621 1362 1669 ei,
1384 1622 1480 1672 perii
1500 1621 1617 1660 miser
1636 1625 1642 1660 1

330 1691 400 1727 Lv.
434 1690 707 1727 adulescentes
728 1687 782 1727 rei
802 1689 981 1738 agendae
1007 1686 1069 1725 isti
1091 1686 1205 1737 magi'
1226 1688 1353 1725 solent
1374 1700 1534 1736 operam
1555 1688 1656 1726 dare.

330 1756 406 1792 DE.
452 1753 530 1792 iam
570 1767 735 1804 opsecro
774 1754 892 1792 hercl'
933 1752 1049 1791 uobis
1084 1752 1228 1790 habete
1267 1765 1359 1790 cum
1396 1751 1536 1802 porcis,
1569 1766 1660 1791 curn

1511 1817 1657 1856 fiscina.

371 1933 437 1962 970
450 1923 533 1961 fort.
552 1923 742 1962 degeneres
766 1923 826 1963 (ita
853 1922 995 1962 Colvz'us)
1018 1923 1102 1953 fiunt
1130 1923 1178 1963 (pi
1196 1927 1258 1963 pro
1277 1922 1314 1961 fi)
1405 1932 1430 1952 s.
1449 1932 1476 1953 c.
1501 1922 1659 1953 damnum

327 1967 465 2005 capiunt
488 1976 597 2005 genus
622 1966 761 2006 ingenio
784 1966 905 2009 (cum)
930 1967 950 1998 i.
978 1966 1104 1997 Ritsclzl
1200 1966 1375 2006 ingenium
1398 1965 1463 1997 cod.
1595 1976 1661 2006 972

327 2015 472 2041 aetatem
499 2009 565 2039 cod.
655 2010 766 2041 suerat
792 2010 859 2041 filio
883 2010 947 2041 cod.
969 2022 975 2041 :
1009 2011 1082 2041 trai.
1111 2010 1222 2048 Bothe,
1246 2011 1344 2040 metri
1364 2020 1463 2040 causa
1594 2020 1659 2049 973

327 2059 475 2093 emptam
502 2058 643 2092 argento
670 2054 801 2093 eripere
827 2053 891 2085 cod.
915 2066 922 2085 :
958 2054 1030 2085 traz'.
1065 2053 1167 2084 Weise
1307 2063 1370 2093 977
1396 2052 1474 2095 (tu)
1501 2063 1566 2092 ego
1593 2052 1660 2083 Leo

326 2098 403 2128 altr·
427 2097 503 2128 Ital.
635 2099 701 2136 980
727 2098 795 2128 ibat
823 2100 863 2137 (Ζ)
890 2098 952 2128 Leo
985 2098 1035 2137 (cf.
1069 2096 1159 2128 Truc.
1191 2098 1268 2136 381,
1295 2096 1385 2138 Conj.
1405 2102 1466 2137 pro
1484 2095 1558 2128 Iud.
1583 2101 1661 2137 post

327 2151 423 2179 cum3
449 2141 469 2172 i.
490 2141 525 2180 9)
659 2143 721 2180 981
749 2141 809 2172 ibit
829 2142 1003 2172 exulatum
1021 2140 1095 2170 PCD
1113 2153 1119 2172 :
1143 2141 1256 2171 exibat
1276 2141 1413 2171 exilium
1430 2141 1462 2171 Β
1591 2141 1658 2179 982

326 2185 377 2215 vel
386 2189 419 2214 te
434 2185 493 2220 (ita
504 2183 586 2225 cod.)
646 2186 710 2224 983
736 2185 815 2226 Ev.]
835 2185 885 2216 vel
900 2185 958 2216 Lv.
1024 2186 1104 2224 983⁸·
1127 2195 1148 2215 a
1164 2184 1287 2215 Plauto
1304 2185 1467 2215 abiudicat
1480 2184 1658 2215 Abraham

263 2248 271 2258 x
326 2227 410 2259 stud.
431 2227 541 2259 Plaut.
558 2238 590 2268 p.
613 2228 672 2266 184
783 2229 847 2267 984
872 2233 1017 2259 aetatem
1034 2229 1109 2260 Ital.
1214 2228 1313 2260 aliam
1330 2228 1395 2260 cod.
1507 2239 1551 2259 an
1568 2228 1657 2259 alid?

328 2272 494 2302 condecet
510 2270 710 2302 Lachmann
800 2273 863 2312 985
890 2272 964 2302 iuus
980 2272 1045 2303 cod.
1135 2273 1199 2311 987
1222 2273 1273 2303 vel
1287 2282 1385 2312 mage
1473 2282 1577 2312 opera
1587 2270 1654 2303 cod.

327 2316 391 2354 988
415 2315 520 2346 hercl'
535 2318 719 2356 suspectum
810 2316 933 2346 habete
950 2305 1048 2346 uobis
1062 2315 1095 2345 A
1100 2316 1234 2346 [idalius
