1742 2718
60 393 170 438 815·6

742 71 947 109 CASINA
1441 70 1508 106 IV.
1532 70 1577 105 iv

284 181 576 221 CHALIst
690 182 1047 217 PARDALISCA
1158 179 1417 216 Otvmpm
1528 179 1573 216 iv

447 247 772 283 LvsinAMvs
885 245 1254 282 CLEVSTRATA

789 322 866 359 CH.
899 320 976 358 iarn
998 318 1149 357 oboluit
1171 317 1339 357 Casinus
1364 319 1509 367 procui.

301 390 364 425 ΡΑ.
397 386 550 425 Sensim
572 400 688 436 super
707 386 841 423 attolle
862 384 981 422 limen
1003 385 1134 434 pedes,
1158 396 1263 421 noua
1283 390 1406 433 nupta
1425 397 1433 429 3

403 465 537 502 sospes
558 452 629 490 iter
649 451 778 501 incipe
799 452 886 496 hoc,
910 449 964 487 uti
987 449 1070 487 uiro
1091 456 1160 487 tuo

454 530 608 566 semper
627 516 678 554 sis
700 523 905 565 superstes,

35 591 167 633 819-20
185 591 330 633 tuaque
346 590 388 620 ut
404 582 531 632 potior
546 581 735 632 pollentia
752 580 799 618 sit
816 579 1031 628 uincasque
1048 579 1174 616 uirum
1192 577 1408 628 uictrixque
1425 576 1512 623 sies,
1537 590 1553 621 5

51 654 163 688 821—2
185 657 251 688 tua
271 662 348 687 uox
363 654 519 699 superet
535 654 725 696 tuomque
742 644 967 695 imperium:
994 644 1051 681 uir
1068 651 1105 682 te
1122 643 1273 690 uestiat,
1294 641 1368 695 [tu]
1386 642 1513 680 uirum

1302 706 1510 758 despolies.

346 785 546 828 noctuque
567 784 604 821 et
624 776 692 815 diu
713 783 755 814 ut
777 775 860 814 uiro
881 775 1049 814 subdola
1070 773 1131 821 sis,

452 855 626 893 opsecro,
651 848 862 880 memento.

97 911 161 955 825
184 911 256 949 OL.
291 911 394 948 malo
415 908 600 946 maxumo
620 920 692 945 suo
712 907 842 944 hercle
863 905 967 953 ilico,
988 904 1055 943 ubi
1076 904 1272 942 tantillum
1293 903 1495 955 peccassit.

95 1303 164 1347 830

346 976 414 1012 Lv.
439 981 534 1012 tace.
585 973 658 1011 OL.
686 985 767 1010 non
784 978 906 1010 taceo.
958 972 1028 1008 Lv.
1051 983 1152 1019 quae
1173 971 1262 1008 res?
1305 970 1378 1008 OL.
1410 971 1513 1007 mala
1538 981 1575 1003 10

1037 1036 1163 1073 malae
1184 1036 1286 1072 male
1308 1041 1507 1072 monstrat.

239 1107 307 1143 Lv.
340 1104 458 1143 facies
479 1111 549 1141 tun
569 1104 672 1140 hanc
692 1115 773 1140 rem
795 1100 849 1139 mi
869 1114 916 1139 ex
936 1107 1069 1150 parata
1090 1099 1338 1149 inparatam?
1367 1098 1407 1137 id

237 1178 440 1221 quaerunt,
463 1169 504 1207 id
524 1169 674 1214 uolunt,
697 1168 796 1205 haec
816 1174 859 1204 ut
879 1166 1024 1205 infecta
1045 1164 1199 1203 faciant.

345 1237 416 1273 PA.
445 1247 516 1284 age
536 1231 733 1283 Olympio,
758 1232 919 1281 quando
940 1230 1010 1277 uis,
1034 1243 1125 1268 uxo-

398 1312 479 1337 rem
498 1297 634 1348 accipe
654 1298 756 1334 hanc
776 1296 827 1334 ab
848 1294 974 1334 nobis.

290 1366 362 1404 OL.
394 1365 486 1402 date
505 1376 607 1413 ergo,
631 1363 792 1400 daturae
813 1360 845 1399 si
865 1373 1055 1410 umquam
1076 1358 1167 1398 estis
1188 1358 1308 1397 hodie
1328 1371 1500 1397 uxorem.
1535 1370 1571 1404 ¹5

236 1431 305 1468 Lv.
328 1428 434 1467 abite
454 1428 565 1466 intro.
613 1429 681 1464 ΡΑ.
704 1426 858 1472 amabo,
879 1424 1050 1475 integrae
1065 1432 1185 1474 atque
1200 1423 1403 1475 imperitae
1419 1423 1511 1462 huic

342 1493 557 1544 impercito.
617 1493 690 1531 OL.
723 1492 897 1529 futurum
918 1498 987 1528 est.
1312 1524 1320 1528 ,

238 1563 306 1598 ΡΑ.
338 1560 476 1597 ualete.
535 1558 609 1597 OL.
641 1556 693 1594 ite
713 1556 802 1594 iarn.
862 1557 932 1593 Lv.
965 1554 1027 1593 ite.
1088 1555 1158 1593 CL.
1191 1553 1269 1591 iam
1290 1555 1484 1592 ualete.—

237 1627 307 1663 Lv.
330 1624 460 1662 iamne
472 1622 662 1674 apscessit
675 1623 799 1660 uxor?
829 1622 902 1660 OL.
927 1619 1083 1667 domist,
1100 1633 1150 1658 ne
1166 1618 1271 1658 time.
1304 1620 1374 1657 Lv.
1393 1622 1510 1657 euax!

342 1703 448 1728 nunc
467 1690 534 1739 pol
554 1689 715 1727 demum
737 1700 810 1737 ego
830 1699 918 1724 sum
938 1685 1046 1724 liber.
1533 1698 1574 1721 20

235 1769 368 1794 meum
388 1756 600 1801 corculum,
623 1754 849 1799 melculum,
877 1752 1091 1790 uerculum.
1152 1752 1226 1790 OL.
1257 1751 1356 1789 heus
1376 1757 1428 1797 tu,

342 1822 457 1867 malo,
479 1819 511 1857 si
531 1818 646 1869 sapis,
669 1817 828 1856 cauebis
844 1832 854 1865 3

236 1892 360 1924 meast
379 1886 488 1923 haec.
546 1885 616 1922 LY.
649 1882 741 1929 scio,
765 1883 835 1921 sed
855 1895 966 1920 meus
987 1883 1152 1919 fructust
1172 1880 1285 1931 prior.

226 1992 289 2029 815
313 1989 521 2029 superatolle
537 1988 586 2028 A,
603 1987 689 2018 unde
704 1997 829 2027 supera
851 1986 958 2027 (quod
975 1986 1029 2016 vix
1047 1985 1244 2016 Plautinum
1263 1984 1323 2026 est)
1342 1985 1421 2016 tolle
1438 1985 1507 2017 edd.

184 2033 291 2076 [mea]
309 2043 396 2063 noua
409 2032 442 2063 A
459 2032 516 2070 (iv.
532 2033 567 2072 2)
656 2032 718 2070 817
744 2031 896 2070 incipere
908 2029 942 2060 P
1028 2030 1156 2068 818-27
1176 2029 1269 2059 initia
1286 2030 1439 2060 mutilata
1455 2033 1515 2059 aut

183 2081 299 2107 temere
309 2076 452 2117 suppleta
462 2075 554 2116 P(cf.
571 2074 651 2106 adv.
664 2075 743 2114 801)
834 2076 899 2113 819
915 2072 1056 2113 tuaque]
1069 2077 1170 2112 atque
1182 2072 1216 2102 P
1296 2073 1356 2102 821
1375 2077 1432 2103 tua
1443 2083 1511 2103 uox

183 2131 250 2151 om.
266 2120 298 2150 P
360 2123 396 2149 tu
409 2119 514 2157 delevi,
530 2119 627 2149 metri
635 2128 733 2149 causa
814 2118 878 2156 823
895 2122 1065 2155 noctuque
1077 2127 1143 2148 om.
1157 2115 1192 2146 P
1256 2117 1325 2147 sies
1337 2116 1372 2146 P
1447 2117 1510 2155 825

184 2164 272 2194 malo
288 2174 353 2194 om.
373 2162 406 2193 P
480 2164 644 2193 tantulum
657 2163 689 2192 P
789 2162 853 2191 826
877 2165 951 2191 tace
963 2170 1029 2190 om.
1045 2158 1078 2189 P
1150 2159 1236 2190 mala
1253 2161 1340 2191 male
1357 2160 1443 2190 male
1459 2159 1509 2190 P:

184 2208 272 2238 male
288 2206 393 2237 malae
411 2206 492 2247 (om.
507 2207 609 2246 mala)
621 2206 654 2235 A
737 2203 969 2235 monstrantA
1061 2204 1124 2242 827
1143 2203 1244 2234 facies
1263 2209 1297 2234 tu
1315 2204 1348 2233 A
1370 2215 1376 2234 :
1400 2214 1464 2234 om.
1480 2202 1514 2233 P

183 2251 263 2281 mihi
275 2260 344 2281 rem
369 2250 472 2281 Bothe
616 2250 681 2279 828
705 2248 738 2279 id
766 2248 823 2278 alt.
848 2258 914 2278 om.
940 2246 974 2276 P
1103 2248 1180 2287 829,
1196 2248 1260 2286 832
1286 2246 1367 2287 PA.]
1384 2247 1433 2277 vel
1448 2247 1506 2277 CL.

183 2296 245 2333 831
265 2304 403 2324 uxorem
416 2293 529 2335 [mihi]
544 2293 577 2323 A
594 2293 650 2330 (iv.
665 2292 698 2331 2)
759 2301 899 2322 uxorem
911 2289 968 2320 del.
986 2289 1088 2320 Bothe
1175 2289 1238 2329 834
1255 2290 1375 2320 Valete
1387 2290 1432 2320 ite
1445 2291 1509 2320 iam

183 2337 294 2368 ualete
319 2337 387 2367 sine
406 2341 489 2377 pers.
515 2336 567 2367 P:
591 2337 657 2367 iarn
678 2335 734 2365 alt.
760 2333 942 2374 Lysidamo
960 2332 1019 2364 dat
1041 2332 1159 2363 Dousa
1271 2333 1351 2374 Ch]
1375 2333 1424 2364 vel
1446 2333 1506 2363 PA.

184 2383 248 2421 838
269 2382 383 2422 sapies
405 2380 439 2411 A
584 2380 649 2418 839
672 2378 766 2418 prior
783 2382 836 2408 est
852 2377 963 2416 Bothe,
990 2376 1044 2407 cui
1064 2381 1158 2416 prior
1173 2376 1315 2417 displicet
