<?xml version="1.0" encoding="UTF-8"?>
<!DOCTYPE html PUBLIC "-//W3C//DTD XHTML 1.0 Transitional//EN"
    "http://www.w3.org/TR/xhtml1/DTD/xhtml1-transitional.dtd">
<html xmlns="http://www.w3.org/1999/xhtml" xml:lang="en" lang="en">
 <head>
  <title>
</title>
<meta http-equiv="Content-Type" content="text/html;charset=utf-8" />
  <meta name='ocr-system' content='tesseract 3.04.00' />
  <meta name='ocr-capabilities' content='ocr_page ocr_carea ocr_par ocr_line ocrx_word'/>
</head>
<body>
  <div class='ocr_page' id='page_1' title='image "./tmacciplauticomo01plauuoft_0240.png"; bbox 0 0 1814 2723; ppageno 0'>
   <div class='ocr_carea' id='block_1_1' title="bbox 165 55 1182 99">
    <p class='ocr_par' dir='ltr' id='par_1_1' title="bbox 165 55 1182 99">
     <span class='ocr_line' id='line_1_1' title="bbox 165 55 1182 99; baseline -0.006 0"><span class='ocrx_word' id='word_1_1' title='bbox 165 60 310 99; x_wconf 73' lang='lat' dir='ltr'>111.1v</span> <span class='ocrx_word' id='word_1_2' title='bbox 687 59 732 97; x_wconf 96' lang='lat' dir='ltr'><strong>T.</strong></span> <span class='ocrx_word' id='word_1_3' title='bbox 767 55 947 96; x_wconf 92' lang='lat' dir='ltr'>MACCI</span> <span class='ocrx_word' id='word_1_4' title='bbox 979 55 1182 94; x_wconf 90' lang='lat' dir='ltr'><strong>PLAVTI</strong></span> 
     </span>
    </p>
   </div>
   <div class='ocr_carea' id='block_1_2' title="bbox 207 167 1700 2102">
    <p class='ocr_par' dir='ltr' id='par_1_2' title="bbox 207 167 1700 2102">
     <span class='ocr_line' id='line_1_2' title="bbox 207 167 1484 219; baseline -0.005 -11"><span class='ocrx_word' id='word_1_5' title='bbox 207 186 248 216; x_wconf 82' lang='lat'><strong>30</strong></span> <span class='ocrx_word' id='word_1_6' title='bbox 268 176 307 208; x_wconf 89' lang='lat' dir='ltr'><strong>et</strong></span> <span class='ocrx_word' id='word_1_7' title='bbox 328 168 488 219; x_wconf 87' lang='lat' dir='ltr'><strong>quidem</strong></span> <span class='ocrx_word' id='word_1_8' title='bbox 511 170 726 206; x_wconf 73' lang='lat' dir='ltr'><strong>Alcumeus</strong></span> <span class='ocrx_word' id='word_1_9' title='bbox 746 174 865 216; x_wconf 85' lang='lat' dir='ltr'><strong>atque</strong></span> <span class='ocrx_word' id='word_1_10' title='bbox 886 167 1046 205; x_wconf 83' lang='lat' dir='ltr'><strong>Orestes</strong></span> <span class='ocrx_word' id='word_1_11' title='bbox 1067 173 1105 204; x_wconf 88' lang='lat' dir='ltr'><strong>et</strong></span> <span class='ocrx_word' id='word_1_12' title='bbox 1127 167 1325 215; x_wconf 86' lang='lat' dir='ltr'><strong>Lycurgus</strong></span> <span class='ocrx_word' id='word_1_13' title='bbox 1347 170 1484 214; x_wconf 86' lang='lat' dir='ltr'><strong>postea</strong></span> 
     </span>
     <span class='ocr_line' id='line_1_3' title="bbox 270 227 1597 284; baseline -0.006 -11"><span class='ocrx_word' id='word_1_14' title='bbox 270 248 350 274; x_wconf 86' lang='lat' dir='ltr'><strong>una</strong></span> <span class='ocrx_word' id='word_1_15' title='bbox 365 248 483 284; x_wconf 89' lang='lat' dir='ltr'><strong>opera</strong></span> <span class='ocrx_word' id='word_1_16' title='bbox 499 233 595 271; x_wconf 89' lang='lat' dir='ltr'><strong>mihi</strong></span> <span class='ocrx_word' id='word_1_17' title='bbox 611 240 701 271; x_wconf 83' lang='lat' dir='ltr'><strong>sunt</strong></span> <span class='ocrx_word' id='word_1_18' title='bbox 718 233 871 270; x_wconf 90' lang='lat' dir='ltr'><strong>sodales</strong></span> <span class='ocrx_word' id='word_1_19' title='bbox 889 244 967 281; x_wconf 89' lang='lat' dir='ltr'><strong>qua</strong></span> <span class='ocrx_word' id='word_1_20' title='bbox 982 230 1067 269; x_wconf 90' lang='lat' dir='ltr'><strong>iste.</strong></span> <span class='ocrx_word' id='word_1_21' title='bbox 1115 232 1192 268; x_wconf 84' lang='lat' dir='ltr'><strong>AR.</strong></span> <span class='ocrx_word' id='word_1_22' title='bbox 1225 237 1264 268; x_wconf 82' lang='lat' dir='ltr'><strong>at</strong></span> <span class='ocrx_word' id='word_1_23' title='bbox 1280 228 1409 275; x_wconf 85' lang='lat' dir='ltr'><strong>etiam,</strong></span> <span class='ocrx_word' id='word_1_24' title='bbox 1432 227 1597 275; x_wconf 84' lang='lat' dir='ltr'><strong>furcifer,</strong></span> 
     </span>
     <span class='ocr_line' id='line_1_4' title="bbox 270 293 1601 348; baseline -0.007 -10"><span class='ocrx_word' id='word_1_25' title='bbox 270 300 373 338; x_wconf 89' lang='lat' dir='ltr'><strong>male</strong></span> <span class='ocrx_word' id='word_1_26' title='bbox 394 298 502 348; x_wconf 87' lang='lat' dir='ltr'><strong>loqui</strong></span> <span class='ocrx_word' id='word_1_27' title='bbox 523 297 576 336; x_wconf 90' lang='lat' dir='ltr'><strong>mi</strong></span> <span class='ocrx_word' id='word_1_28' title='bbox 603 298 756 335; x_wconf 88' lang='lat' dir='ltr'><strong>audes?</strong></span> <span class='ocrx_word' id='word_1_29' title='bbox 785 309 866 334; x_wconf 93' lang='lat' dir='ltr'><strong>non</strong></span> <span class='ocrx_word' id='word_1_30' title='bbox 893 309 966 345; x_wconf 86' lang='lat' dir='ltr'><strong>ego</strong></span> <span class='ocrx_word' id='word_1_31' title='bbox 992 303 1030 334; x_wconf 88' lang='lat' dir='ltr'><strong>te</strong></span> <span class='ocrx_word' id='word_1_32' title='bbox 1051 294 1175 333; x_wconf 88' lang='lat' dir='ltr'><strong>noui?</strong></span> <span class='ocrx_word' id='word_1_33' title='bbox 1232 296 1313 332; x_wconf 82' lang='lat' dir='ltr'><strong>HE.</strong></span> <span class='ocrx_word' id='word_1_34' title='bbox 1346 294 1413 343; x_wconf 92' lang='lat' dir='ltr'><strong>pol</strong></span> <span class='ocrx_word' id='word_1_35' title='bbox 1439 293 1601 343; x_wconf 86' lang='lat' dir='ltr'><strong>planum</strong></span> 
     </span>
     <span class='ocr_line' id='line_1_5' title="bbox 1286 357 1599 407; baseline -0.006 -11"><span class='ocrx_word' id='word_1_36' title='bbox 1286 358 1327 396; x_wconf 91' lang='lat' dir='ltr'><strong>id</strong></span> <span class='ocrx_word' id='word_1_37' title='bbox 1348 357 1509 407; x_wconf 86' lang='lat' dir='ltr'><strong>quidem</strong></span> <span class='ocrx_word' id='word_1_38' title='bbox 1531 363 1599 404; x_wconf 89' lang='lat' dir='ltr'><strong>est,</strong></span> 
     </span>
     <span class='ocr_line' id='line_1_6' title="bbox 271 423 1688 477; baseline -0.006 -9"><span class='ocrx_word' id='word_1_39' title='bbox 271 443 352 468; x_wconf 91' lang='lat' dir='ltr'><strong>non</strong></span> <span class='ocrx_word' id='word_1_40' title='bbox 373 429 542 475; x_wconf 89' lang='lat' dir='ltr'><strong>nouisse,</strong></span> <span class='ocrx_word' id='word_1_41' title='bbox 566 427 633 477; x_wconf 89' lang='lat' dir='ltr'><strong>qui</strong></span> <span class='ocrx_word' id='word_1_42' title='bbox 654 427 771 465; x_wconf 90' lang='lat' dir='ltr'><strong>istum</strong></span> <span class='ocrx_word' id='word_1_43' title='bbox 792 427 965 476; x_wconf 82' lang='lat' dir='ltr'><strong>appelles</strong></span> <span class='ocrx_word' id='word_1_44' title='bbox 985 426 1215 476; x_wconf 81' lang='lat' dir='ltr'><strong>Tyndarum</strong></span> <span class='ocrx_word' id='word_1_45' title='bbox 1236 437 1307 474; x_wconf 89' lang='lat' dir='ltr'><strong>pro</strong></span> <span class='ocrx_word' id='word_1_46' title='bbox 1329 423 1561 461; x_wconf 76' lang='lat' dir='ltr'><strong>Philocrate.</strong></span> <span class='ocrx_word' id='word_1_47' title='bbox 1624 423 1688 468; x_wconf 83' lang='grc'><strong>565</strong></span> 
     </span>
     <span class='ocr_line' id='line_1_7' title="bbox 272 487 1574 544; baseline -0.006 -12"><span class='ocrx_word' id='word_1_48' title='bbox 272 508 391 544; x_wconf 89' lang='lat' dir='ltr'><strong>quem</strong></span> <span class='ocrx_word' id='word_1_49' title='bbox 413 494 534 539; x_wconf 88' lang='lat' dir='ltr'><strong>uides,</strong></span> <span class='ocrx_word' id='word_1_50' title='bbox 558 506 648 530; x_wconf 93' lang='lat' dir='ltr'><strong>eum</strong></span> <span class='ocrx_word' id='word_1_51' title='bbox 670 492 848 541; x_wconf 79' lang='lat' dir='ltr'><strong>ignoras:</strong></span> <span class='ocrx_word' id='word_1_52' title='bbox 879 491 987 529; x_wconf 91' lang='lat' dir='ltr'><strong>illum</strong></span> <span class='ocrx_word' id='word_1_53' title='bbox 1008 490 1190 528; x_wconf 85' lang='lat' dir='ltr'><strong>nominas</strong></span> <span class='ocrx_word' id='word_1_54' title='bbox 1211 502 1330 539; x_wconf 85' lang='lat' dir='ltr'><strong>quem</strong></span> <span class='ocrx_word' id='word_1_55' title='bbox 1351 502 1431 526; x_wconf 90' lang='lat' dir='ltr'><strong>non</strong></span> <span class='ocrx_word' id='word_1_56' title='bbox 1453 487 1574 525; x_wconf 91' lang='lat' dir='ltr'><strong>uides.</strong></span> 
     </span>
     <span class='ocr_line' id='line_1_8' title="bbox 213 551 1605 605; baseline -0.006 -8"><span class='ocrx_word' id='word_1_57' title='bbox 213 568 250 598; x_wconf 83' lang='lat'><strong>35</strong></span> <span class='ocrx_word' id='word_1_58' title='bbox 273 562 348 597; x_wconf 80' lang='lat' dir='ltr'><strong>AR.</strong></span> <span class='ocrx_word' id='word_1_59' title='bbox 382 559 503 596; x_wconf 91' lang='lat' dir='ltr'><strong>immo</strong></span> <span class='ocrx_word' id='word_1_60' title='bbox 532 558 603 595; x_wconf 88' lang='lat' dir='ltr'><strong>iste</strong></span> <span class='ocrx_word' id='word_1_61' title='bbox 631 570 721 594; x_wconf 90' lang='lat' dir='ltr'><strong>eum</strong></span> <span class='ocrx_word' id='word_1_62' title='bbox 749 569 834 594; x_wconf 86' lang='lat' dir='ltr'><strong>sese</strong></span> <span class='ocrx_word' id='word_1_63' title='bbox 860 555 913 593; x_wconf 88' lang='lat' dir='ltr'><strong>ait</strong></span> <span class='ocrx_word' id='word_1_64' title='bbox 937 555 1002 605; x_wconf 87' lang='lat' dir='ltr'><strong>qui</strong></span> <span class='ocrx_word' id='word_1_65' title='bbox 1031 569 1112 593; x_wconf 89' lang='lat' dir='ltr'><strong>non</strong></span> <span class='ocrx_word' id='word_1_66' title='bbox 1142 562 1200 593; x_wconf 84' lang='lat' dir='ltr'><strong>est</strong></span> <span class='ocrx_word' id='word_1_67' title='bbox 1230 566 1315 592; x_wconf 88' lang='lat' dir='ltr'><strong>esse</strong></span> <span class='ocrx_word' id='word_1_68' title='bbox 1345 560 1383 590; x_wconf 90' lang='lat' dir='ltr'><strong>et</strong></span> <span class='ocrx_word' id='word_1_69' title='bbox 1414 551 1481 601; x_wconf 89' lang='lat' dir='ltr'><strong>qui</strong></span> <span class='ocrx_word' id='word_1_70' title='bbox 1511 564 1605 589; x_wconf 90' lang='lat' dir='ltr'><strong>uero</strong></span> 
     </span>
     <span class='ocr_line' id='line_1_9' title="bbox 1398 623 1603 664; baseline -0.01 -9"><span class='ocrx_word' id='word_1_71' title='bbox 1398 624 1456 655; x_wconf 89' lang='lat' dir='ltr'><strong>est</strong></span> <span class='ocrx_word' id='word_1_72' title='bbox 1476 623 1603 664; x_wconf 90' lang='lat' dir='ltr'><strong>negat.</strong></span> 
     </span>
     <span class='ocr_line' id='line_1_10' title="bbox 272 680 1572 737; baseline -0.007 -10"><span class='ocrx_word' id='word_1_73' title='bbox 272 691 344 727; x_wconf 89' lang='grc' dir='ltr'><strong>ΤΥ.</strong></span> <span class='ocrx_word' id='word_1_74' title='bbox 377 691 418 726; x_wconf 79' lang='lat' dir='ltr'><strong>tu</strong></span> <span class='ocrx_word' id='word_1_75' title='bbox 440 688 545 727; x_wconf 90' lang='lat' dir='ltr'><strong>enim</strong></span> <span class='ocrx_word' id='word_1_76' title='bbox 567 688 763 737; x_wconf 86' lang='lat' dir='ltr'><strong>repe&#39;rtu&#39;s,</strong></span> <span class='ocrx_word' id='word_1_77' title='bbox 787 686 1049 724; x_wconf 79' lang='lat' dir='ltr'><strong>Philocratem</strong></span> <span class='ocrx_word' id='word_1_78' title='bbox 1071 684 1138 734; x_wconf 86' lang='lat' dir='ltr'><strong>qui</strong></span> <span class='ocrx_word' id='word_1_79' title='bbox 1159 696 1318 734; x_wconf 89' lang='lat' dir='ltr'><strong>superes</strong></span> <span class='ocrx_word' id='word_1_80' title='bbox 1339 680 1572 720; x_wconf 88' lang='lat' dir='ltr'><strong>ueriuerbio.</strong></span> 
     </span>
     <span class='ocr_line' id='line_1_11' title="bbox 273 746 1521 803; baseline -0.006 -11"><span class='ocrx_word' id='word_1_81' title='bbox 273 756 350 792; x_wconf 82' lang='lat' dir='ltr'><strong>AR.</strong></span> <span class='ocrx_word' id='word_1_82' title='bbox 383 755 448 803; x_wconf 93' lang='lat' dir='ltr'><strong>pol</strong></span> <span class='ocrx_word' id='word_1_83' title='bbox 470 766 542 802; x_wconf 87' lang='lat' dir='ltr'><strong>ego</strong></span> <span class='ocrx_word' id='word_1_84' title='bbox 564 760 605 790; x_wconf 88' lang='lat' dir='ltr'><strong>ut</strong></span> <span class='ocrx_word' id='word_1_85' title='bbox 626 765 708 790; x_wconf 87' lang='lat' dir='ltr'><strong>rem</strong></span> <span class='ocrx_word' id='word_1_86' title='bbox 729 751 859 798; x_wconf 87' lang='lat' dir='ltr'><strong>uideo,</strong></span> <span class='ocrx_word' id='word_1_87' title='bbox 883 759 924 789; x_wconf 88' lang='lat' dir='ltr'><strong>tu</strong></span> <span class='ocrx_word' id='word_1_88' title='bbox 946 750 1155 798; x_wconf 84' lang='lat' dir='ltr'><strong>inuentu&#39;s,</strong></span> <span class='ocrx_word' id='word_1_89' title='bbox 1176 762 1268 787; x_wconf 89' lang='lat' dir='ltr'><strong>uera</strong></span> <span class='ocrx_word' id='word_1_90' title='bbox 1288 746 1521 786; x_wconf 87' lang='lat' dir='ltr'><strong>uanitudine</strong></span> 
     </span>
     <span class='ocr_line' id='line_1_12' title="bbox 273 812 1695 869; baseline -0.007 -12"><span class='ocrx_word' id='word_1_91' title='bbox 273 819 340 869; x_wconf 90' lang='lat' dir='ltr'><strong>qui</strong></span> <span class='ocrx_word' id='word_1_92' title='bbox 370 818 595 857; x_wconf 86' lang='lat' dir='ltr'><strong>conuincas.</strong></span> <span class='ocrx_word' id='word_1_93' title='bbox 655 818 725 855; x_wconf 87' lang='lat' dir='ltr'><strong>secl</strong></span> <span class='ocrx_word' id='word_1_94' title='bbox 750 829 897 867; x_wconf 83' lang='lat' dir='ltr'><strong>quaeso</strong></span> <span class='ocrx_word' id='word_1_95' title='bbox 927 817 1069 862; x_wconf 88' lang='lat' dir='ltr'><strong>hercle,</strong></span> <span class='ocrx_word' id='word_1_96' title='bbox 1097 816 1266 865; x_wconf 86' lang='lat' dir='ltr'><strong>agedum</strong></span> <span class='ocrx_word' id='word_1_97' title='bbox 1294 813 1426 863; x_wconf 89' lang='lat' dir='ltr'><strong>aspice</strong></span> <span class='ocrx_word' id='word_1_98' title='bbox 1452 812 1503 849; x_wconf 90' lang='lat' dir='ltr'><strong>ad</strong></span> <span class='ocrx_word' id='word_1_99' title='bbox 1530 824 1603 849; x_wconf 90' lang='lat' dir='ltr'><strong>me.</strong></span> <span class='ocrx_word' id='word_1_100' title='bbox 1627 821 1695 859; x_wconf 86' lang='lat'><strong>570</strong></span> 
     </span>
     <span class='ocr_line' id='line_1_13' title="bbox 1053 877 1607 918; baseline -0.009 0"><span class='ocrx_word' id='word_1_101' title='bbox 1053 882 1125 918; x_wconf 94' lang='grc' dir='ltr'><strong>ΤΥ.</strong></span> <span class='ocrx_word' id='word_1_102' title='bbox 1159 893 1232 918; x_wconf 88' lang='lat' dir='ltr'><strong>em.</strong></span> <span class='ocrx_word' id='word_1_103' title='bbox 1266 880 1342 916; x_wconf 83' lang='lat' dir='ltr'><strong>AR.</strong></span> <span class='ocrx_word' id='word_1_104' title='bbox 1376 877 1439 916; x_wconf 89' lang='lat' dir='ltr'><strong>dic</strong></span> <span class='ocrx_word' id='word_1_105' title='bbox 1461 877 1607 914; x_wconf 90' lang='lat' dir='ltr'><strong>modo:</strong></span> 
     </span>
     <span class='ocr_line' id='line_1_14' title="bbox 273 943 1605 1003; baseline -0.008 -15"><span class='ocrx_word' id='word_1_106' title='bbox 273 949 380 1003; x_wconf 79' lang='lat' dir='ltr'><strong>(tun)</strong></span> <span class='ocrx_word' id='word_1_107' title='bbox 409 962 528 998; x_wconf 83' lang='lat' dir='ltr'><strong>negas</strong></span> <span class='ocrx_word' id='word_1_108' title='bbox 555 955 593 985; x_wconf 86' lang='lat' dir='ltr'><strong>te</strong></span> <span class='ocrx_word' id='word_1_109' title='bbox 623 949 853 998; x_wconf 87' lang='lat' dir='ltr'><strong>Tyndarum</strong></span> <span class='ocrx_word' id='word_1_110' title='bbox 884 949 998 985; x_wconf 91' lang='lat' dir='ltr'><strong>esse?</strong></span> <span class='ocrx_word' id='word_1_111' title='bbox 1054 948 1127 984; x_wconf 90' lang='grc' dir='ltr'><strong>ΤΥ.</strong></span> <span class='ocrx_word' id='word_1_112' title='bbox 1160 944 1275 995; x_wconf 76' lang='lat' dir='ltr'><strong>nego,</strong></span> <span class='ocrx_word' id='word_1_113' title='bbox 1294 944 1468 993; x_wconf 86' lang='lat' dir='ltr'><strong>inquam.</strong></span> <span class='ocrx_word' id='word_1_114' title='bbox 1527 943 1605 979; x_wconf 84' lang='lat' dir='ltr'><strong>AR.</strong></span> 
     </span>
     <span class='ocr_line' id='line_1_15' title="bbox 1193 1007 1606 1048; baseline -0.01 -1"><span class='ocrx_word' id='word_1_115' title='bbox 1193 1012 1263 1048; x_wconf 76' lang='lat' dir='ltr'><strong>tun</strong></span> <span class='ocrx_word' id='word_1_116' title='bbox 1284 1016 1322 1046; x_wconf 92' lang='lat' dir='ltr'><strong>te</strong></span> <span class='ocrx_word' id='word_1_117' title='bbox 1344 1007 1606 1045; x_wconf 87' lang='lat' dir='ltr'><strong>Philocratem</strong></span> 
     </span>
     <span class='ocr_line' id='line_1_16' title="bbox 216 1072 1604 1128; baseline -0.008 -9"><span class='ocrx_word' id='word_1_118' title='bbox 216 1093 258 1123; x_wconf 92' lang='lat'><strong>40</strong></span> <span class='ocrx_word' id='word_1_119' title='bbox 277 1093 361 1118; x_wconf 86' lang='lat' dir='ltr'><strong>esse</strong></span> <span class='ocrx_word' id='word_1_120' title='bbox 381 1079 467 1118; x_wconf 88' lang='lat' dir='ltr'><strong>ais?</strong></span> <span class='ocrx_word' id='word_1_121' title='bbox 523 1080 596 1116; x_wconf 92' lang='grc' dir='ltr'><strong>ΤΥ.</strong></span> <span class='ocrx_word' id='word_1_122' title='bbox 629 1078 713 1128; x_wconf 83' lang='lat' dir='ltr'><strong>e&#39;go,</strong></span> <span class='ocrx_word' id='word_1_123' title='bbox 736 1077 908 1127; x_wconf 87' lang='lat' dir='ltr'><strong>inquam.</strong></span> <span class='ocrx_word' id='word_1_124' title='bbox 969 1078 1046 1114; x_wconf 84' lang='lat' dir='ltr'><strong>AR.</strong></span> <span class='ocrx_word' id='word_1_125' title='bbox 1079 1077 1174 1114; x_wconf 77' lang='lat' dir='ltr'><strong>tune</strong></span> <span class='ocrx_word' id='word_1_126' title='bbox 1194 1074 1286 1112; x_wconf 86' lang='lat' dir='ltr'><strong>huic</strong></span> <span class='ocrx_word' id='word_1_127' title='bbox 1310 1072 1466 1111; x_wconf 88' lang='lat' dir='ltr'><strong>credis?</strong></span> <span class='ocrx_word' id='word_1_128' title='bbox 1524 1072 1604 1109; x_wconf 86' lang='lat' dir='ltr'><strong>HE.</strong></span> 
     </span>
     <span class='ocr_line' id='line_1_17' title="bbox 853 1135 1605 1193; baseline -0.009 -13"><span class='ocrx_word' id='word_1_129' title='bbox 853 1143 940 1193; x_wconf 87' lang='lat' dir='ltr'><strong>plus</strong></span> <span class='ocrx_word' id='word_1_130' title='bbox 961 1140 1122 1191; x_wconf 85' lang='lat' dir='ltr'><strong>quidem</strong></span> <span class='ocrx_word' id='word_1_131' title='bbox 1144 1140 1263 1190; x_wconf 76' lang='lat' dir='ltr'><strong>quam</strong></span> <span class='ocrx_word' id='word_1_132' title='bbox 1284 1138 1355 1177; x_wconf 87' lang='lat' dir='ltr'><strong>tibi</strong></span> <span class='ocrx_word' id='word_1_133' title='bbox 1375 1135 1605 1176; x_wconf 88' lang='lat' dir='ltr'><strong>aut—mihi.</strong></span> 
     </span>
     <span class='ocr_line' id='line_1_18' title="bbox 275 1201 1608 1259; baseline -0.008 -10"><span class='ocrx_word' id='word_1_134' title='bbox 275 1224 367 1249; x_wconf 89' lang='lat' dir='ltr'><strong>nam</strong></span> <span class='ocrx_word' id='word_1_135' title='bbox 397 1210 461 1248; x_wconf 93' lang='lat' dir='ltr'><strong>ille</strong></span> <span class='ocrx_word' id='word_1_136' title='bbox 482 1209 655 1259; x_wconf 88' lang='lat' dir='ltr'><strong>quidem,</strong></span> <span class='ocrx_word' id='word_1_137' title='bbox 679 1222 797 1258; x_wconf 87' lang='lat' dir='ltr'><strong>quem</strong></span> <span class='ocrx_word' id='word_1_138' title='bbox 827 1215 869 1245; x_wconf 93' lang='lat' dir='ltr'><strong>tu</strong></span> <span class='ocrx_word' id='word_1_139' title='bbox 894 1208 1000 1245; x_wconf 88' lang='lat' dir='ltr'><strong>hunc</strong></span> <span class='ocrx_word' id='word_1_140' title='bbox 1031 1218 1225 1244; x_wconf 82' lang='lat' dir='ltr'><strong>memoras</strong></span> <span class='ocrx_word' id='word_1_141' title='bbox 1250 1218 1346 1251; x_wconf 87' lang='lat' dir='ltr'><strong>esse,</strong></span> <span class='ocrx_word' id='word_1_142' title='bbox 1368 1202 1489 1241; x_wconf 89' lang='lat' dir='ltr'><strong>hodie</strong></span> <span class='ocrx_word' id='word_1_143' title='bbox 1515 1201 1608 1239; x_wconf 89' lang='lat' dir='ltr'><strong>hinc</strong></span> 
     </span>
     <span class='ocr_line' id='line_1_19' title="bbox 1332 1266 1608 1306; baseline -0.007 0"><span class='ocrx_word' id='word_1_144' title='bbox 1332 1267 1429 1306; x_wconf 88' lang='lat' dir='ltr'><strong>abiit</strong></span> <span class='ocrx_word' id='word_1_145' title='bbox 1449 1266 1608 1306; x_wconf 87' lang='lat' dir='ltr'><strong>Alidem</strong></span> 
     </span>
     <span class='ocr_line' id='line_1_20' title="bbox 276 1333 1608 1391; baseline -0.008 -11"><span class='ocrx_word' id='word_1_146' title='bbox 276 1343 327 1380; x_wconf 88' lang='lat' dir='ltr'><strong>ad</strong></span> <span class='ocrx_word' id='word_1_147' title='bbox 348 1348 497 1391; x_wconf 86' lang='lat' dir='ltr'><strong>patrem</strong></span> <span class='ocrx_word' id='word_1_148' title='bbox 519 1339 659 1378; x_wconf 87' lang='lat' dir='ltr'><strong>huiius.</strong></span> <span class='ocrx_word' id='word_1_149' title='bbox 719 1340 796 1376; x_wconf 83' lang='lat' dir='ltr'><strong>AR.</strong></span> <span class='ocrx_word' id='word_1_150' title='bbox 829 1350 948 1388; x_wconf 85' lang='lat' dir='ltr'><strong>quem</strong></span> <span class='ocrx_word' id='word_1_151' title='bbox 969 1344 1131 1387; x_wconf 87' lang='lat' dir='ltr'><strong>patrem,</strong></span> <span class='ocrx_word' id='word_1_152' title='bbox 1148 1335 1215 1386; x_wconf 88' lang='lat' dir='ltr'><strong>qui</strong></span> <span class='ocrx_word' id='word_1_153' title='bbox 1236 1347 1369 1373; x_wconf 89' lang='lat' dir='ltr'><strong>seruos</strong></span> <span class='ocrx_word' id='word_1_154' title='bbox 1391 1334 1478 1372; x_wconf 87' lang='lat' dir='ltr'><strong>est?</strong></span> <span class='ocrx_word' id='word_1_155' title='bbox 1533 1333 1608 1369; x_wconf 87' lang='grc' dir='ltr'><strong>ΤΥ.</strong></span> 
     </span>
     <span class='ocr_line' id='line_1_21' title="bbox 1326 1397 1610 1448; baseline -0.011 -11"><span class='ocrx_word' id='word_1_156' title='bbox 1326 1407 1364 1437; x_wconf 88' lang='lat' dir='ltr'><strong>et</strong></span> <span class='ocrx_word' id='word_1_157' title='bbox 1385 1406 1427 1437; x_wconf 88' lang='lat' dir='ltr'><strong>tu</strong></span> <span class='ocrx_word' id='word_1_158' title='bbox 1447 1397 1610 1448; x_wconf 88' lang='lat' dir='ltr'><strong>quidem</strong></span> 
     </span>
     <span class='ocr_line' id='line_1_22' title="bbox 279 1467 1695 1518; baseline -0.006 -8"><span class='ocrx_word' id='word_1_159' title='bbox 279 1485 412 1510; x_wconf 88' lang='lat' dir='ltr'><strong>seruos</strong></span> <span class='ocrx_word' id='word_1_160' title='bbox 433 1479 470 1509; x_wconf 91' lang='lat' dir='ltr'><strong>et</strong></span> <span class='ocrx_word' id='word_1_161' title='bbox 491 1471 589 1508; x_wconf 88' lang='lat' dir='ltr'><strong>liber</strong></span> <span class='ocrx_word' id='word_1_162' title='bbox 608 1469 724 1517; x_wconf 89' lang='lat' dir='ltr'><strong>fuisti,</strong></span> <span class='ocrx_word' id='word_1_163' title='bbox 748 1476 786 1507; x_wconf 88' lang='lat' dir='ltr'><strong>et</strong></span> <span class='ocrx_word' id='word_1_164' title='bbox 806 1481 880 1518; x_wconf 87' lang='lat' dir='ltr'><strong>ego</strong></span> <span class='ocrx_word' id='word_1_165' title='bbox 901 1481 964 1506; x_wconf 91' lang='lat' dir='ltr'><strong>me</strong></span> <span class='ocrx_word' id='word_1_166' title='bbox 985 1467 1145 1506; x_wconf 91' lang='lat' dir='ltr'><strong>confido</strong></span> <span class='ocrx_word' id='word_1_167' title='bbox 1166 1467 1258 1513; x_wconf 90' lang='lat' dir='ltr'><strong>fore,</strong></span> <span class='ocrx_word' id='word_1_168' title='bbox 1632 1470 1695 1507; x_wconf 88' lang='grc'><strong>575</strong></span> 
     </span>
     <span class='ocr_line' id='line_1_23' title="bbox 279 1525 1606 1575; baseline -0.008 0"><span class='ocrx_word' id='word_1_169' title='bbox 279 1537 311 1575; x_wconf 90' lang='lat' dir='ltr'><strong>si</strong></span> <span class='ocrx_word' id='word_1_170' title='bbox 331 1536 446 1575; x_wconf 86' lang='lat' dir='ltr'><strong>huius</strong></span> <span class='ocrx_word' id='word_1_171' title='bbox 466 1537 545 1574; x_wconf 91' lang='lat' dir='ltr'><strong>huc</strong></span> <span class='ocrx_word' id='word_1_172' title='bbox 565 1533 840 1573; x_wconf 86' lang='lat' dir='ltr'><strong>reconciliasso</strong></span> <span class='ocrx_word' id='word_1_173' title='bbox 861 1533 899 1571; x_wconf 90' lang='lat' dir='ltr'><strong>in</strong></span> <span class='ocrx_word' id='word_1_174' title='bbox 920 1532 1140 1571; x_wconf 83' lang='lat' dir='ltr'><strong>libertatem</strong></span> <span class='ocrx_word' id='word_1_175' title='bbox 1161 1531 1295 1569; x_wconf 88' lang='lat' dir='ltr'><strong>filium.</strong></span> <span class='ocrx_word' id='word_1_176' title='bbox 1603 1525 1606 1528; x_wconf 77' lang='grc'><strong>’</strong></span> 
     </span>
     <span class='ocr_line' id='line_1_24' title="bbox 219 1593 1613 1651; baseline -0.008 -11"><span class='ocrx_word' id='word_1_177' title='bbox 219 1614 259 1644; x_wconf 87' lang='lat'><strong>45</strong></span> <span class='ocrx_word' id='word_1_178' title='bbox 280 1604 358 1640; x_wconf 85' lang='lat' dir='ltr'><strong>AR.</strong></span> <span class='ocrx_word' id='word_1_179' title='bbox 390 1601 486 1651; x_wconf 85' lang='lat' dir='ltr'><strong>quid</strong></span> <span class='ocrx_word' id='word_1_180' title='bbox 506 1600 573 1647; x_wconf 86' lang='lat' dir='ltr'><strong>ais,</strong></span> <span class='ocrx_word' id='word_1_181' title='bbox 591 1599 776 1638; x_wconf 84' lang='lat' dir='ltr'><strong>furcifer?</strong></span> <span class='ocrx_word' id='word_1_182' title='bbox 804 1606 874 1636; x_wconf 82' lang='lat' dir='ltr'><strong>tun</strong></span> <span class='ocrx_word' id='word_1_183' title='bbox 891 1596 1003 1649; x_wconf 80' lang='lat' dir='ltr'><strong>te&lt;te&gt;</strong></span> <span class='ocrx_word' id='word_1_184' title='bbox 1017 1604 1180 1648; x_wconf 84' lang='lat' dir='ltr'><strong>gnatum</strong></span> <span class='ocrx_word' id='word_1_185' title='bbox 1201 1607 1395 1634; x_wconf 88' lang='lat' dir='ltr'><strong>memoras</strong></span> <span class='ocrx_word' id='word_1_186' title='bbox 1415 1593 1613 1631; x_wconf 90' lang='lat' dir='ltr'><strong>liberum?</strong></span> 
     </span>
     <span class='ocr_line' id='line_1_25' title="bbox 279 1656 1608 1715; baseline -0.008 -11"><span class='ocrx_word' id='word_1_187' title='bbox 279 1668 351 1704; x_wconf 91' lang='grc' dir='ltr'><strong>ΤΥ.</strong></span> <span class='ocrx_word' id='word_1_188' title='bbox 384 1668 466 1704; x_wconf 82' lang='lat' dir='ltr'><strong>n0n</strong></span> <span class='ocrx_word' id='word_1_189' title='bbox 495 1664 681 1715; x_wconf 86' lang='lat' dir='ltr'><strong>equidem</strong></span> <span class='ocrx_word' id='word_1_190' title='bbox 711 1677 774 1702; x_wconf 92' lang='lat' dir='ltr'><strong>me</strong></span> <span class='ocrx_word' id='word_1_191' title='bbox 805 1663 1004 1710; x_wconf 87' lang='lat' dir='ltr'><strong>Liberum,</strong></span> <span class='ocrx_word' id='word_1_192' title='bbox 1027 1664 1097 1701; x_wconf 88' lang='lat' dir='ltr'><strong>sed</strong></span> <span class='ocrx_word' id='word_1_193' title='bbox 1128 1661 1391 1699; x_wconf 86' lang='lat' dir='ltr'><strong>Philocratem</strong></span> <span class='ocrx_word' id='word_1_194' title='bbox 1421 1671 1506 1696; x_wconf 90' lang='lat' dir='ltr'><strong>esse</strong></span> <span class='ocrx_word' id='word_1_195' title='bbox 1534 1656 1608 1695; x_wconf 85' lang='lat' dir='ltr'><strong>aio.</strong></span> 
     </span>
     <span class='ocr_line' id='line_1_26' title="bbox 1299 1723 1613 1773; baseline -0.013 -10"><span class='ocrx_word' id='word_1_196' title='bbox 1299 1727 1375 1763; x_wconf 84' lang='lat' dir='ltr'><strong>AR.</strong></span> <span class='ocrx_word' id='word_1_197' title='bbox 1408 1723 1505 1773; x_wconf 90' lang='lat' dir='ltr'><strong>quid</strong></span> <span class='ocrx_word' id='word_1_198' title='bbox 1525 1723 1613 1761; x_wconf 88' lang='lat' dir='ltr'><strong>est?</strong></span> 
     </span>
     <span class='ocr_line' id='line_1_27' title="bbox 280 1790 1299 1845; baseline -0.006 -11"><span class='ocrx_word' id='word_1_199' title='bbox 280 1803 322 1834; x_wconf 89' lang='lat' dir='ltr'><strong>ut</strong></span> <span class='ocrx_word' id='word_1_200' title='bbox 343 1797 541 1842; x_wconf 86' lang='lat' dir='ltr'><strong>scelestus,</strong></span> <span class='ocrx_word' id='word_1_201' title='bbox 566 1794 710 1844; x_wconf 83' lang='lat' dir='ltr'><strong>Hegio,</strong></span> <span class='ocrx_word' id='word_1_202' title='bbox 733 1807 839 1833; x_wconf 91' lang='lat' dir='ltr'><strong>nunc</strong></span> <span class='ocrx_word' id='word_1_203' title='bbox 861 1794 932 1832; x_wconf 89' lang='lat' dir='ltr'><strong>iste</strong></span> <span class='ocrx_word' id='word_1_204' title='bbox 952 1792 1026 1845; x_wconf 77' lang='lat' dir='ltr'><strong>(te)</strong></span> <span class='ocrx_word' id='word_1_205' title='bbox 1045 1793 1160 1831; x_wconf 90' lang='lat' dir='ltr'><strong>ludos</strong></span> <span class='ocrx_word' id='word_1_206' title='bbox 1181 1790 1273 1829; x_wconf 84' lang='lat' dir='ltr'><strong>facit</strong></span> <span class='ocrx_word' id='word_1_207' title='bbox 1293 1793 1299 1828; x_wconf 78' lang='grc' dir='ltr'>ἕ</span> 
     </span>
     <span class='ocr_line' id='line_1_28' title="bbox 281 1852 1700 1910; baseline -0.007 -11"><span class='ocrx_word' id='word_1_208' title='bbox 281 1861 372 1899; x_wconf 71' lang='lat' dir='ltr'><strong>nam</strong></span> <span class='ocrx_word' id='word_1_209' title='bbox 385 1861 416 1898; x_wconf 95' lang='lat' dir='ltr'><strong>is</strong></span> <span class='ocrx_word' id='word_1_210' title='bbox 430 1868 488 1899; x_wconf 87' lang='lat' dir='ltr'><strong>est</strong></span> <span class='ocrx_word' id='word_1_211' title='bbox 508 1873 642 1898; x_wconf 88' lang='lat' dir='ltr'><strong>seruos</strong></span> <span class='ocrx_word' id='word_1_212' title='bbox 655 1859 749 1910; x_wconf 90' lang='lat' dir='ltr'><strong>ipse,</strong></span> <span class='ocrx_word' id='word_1_213' title='bbox 765 1873 895 1910; x_wconf 88' lang='lat' dir='ltr'><strong>neque</strong></span> <span class='ocrx_word' id='word_1_214' title='bbox 911 1866 1062 1909; x_wconf 88' lang='lat' dir='ltr'><strong>praeter</strong></span> <span class='ocrx_word' id='word_1_215' title='bbox 1075 1872 1117 1896; x_wconf 89' lang='lat' dir='ltr'><strong>se</strong></span> <span class='ocrx_word' id='word_1_216' title='bbox 1129 1870 1319 1907; x_wconf 85' lang='lat' dir='ltr'><strong>umquam</strong></span> <span class='ocrx_word' id='word_1_217' title='bbox 1332 1855 1367 1893; x_wconf 92' lang='lat' dir='ltr'><strong>ei</strong></span> <span class='ocrx_word' id='word_1_218' title='bbox 1381 1867 1514 1892; x_wconf 87' lang='lat' dir='ltr'><strong>seruos</strong></span> <span class='ocrx_word' id='word_1_219' title='bbox 1528 1852 1609 1891; x_wconf 83' lang='lat' dir='ltr'><strong>fuit.</strong></span> <span class='ocrx_word' id='word_1_220' title='bbox 1634 1855 1700 1900; x_wconf 85' lang='lat'><strong>580</strong></span> 
     </span>
     <span class='ocr_line' id='line_1_29' title="bbox 280 1918 1571 1975; baseline -0.007 -11"><span class='ocrx_word' id='word_1_221' title='bbox 280 1927 354 1963; x_wconf 87' lang='grc' dir='ltr'><strong>ΤΥ.</strong></span> <span class='ocrx_word' id='word_1_222' title='bbox 377 1925 469 1975; x_wconf 88' lang='lat' dir='ltr'><strong>quia</strong></span> <span class='ocrx_word' id='word_1_223' title='bbox 488 1932 570 1963; x_wconf 90' lang='lat' dir='ltr'><strong>tute</strong></span> <span class='ocrx_word' id='word_1_224' title='bbox 591 1925 675 1975; x_wconf 90' lang='lat' dir='ltr'><strong>ipse</strong></span> <span class='ocrx_word' id='word_1_225' title='bbox 695 1938 785 1975; x_wconf 86' lang='lat' dir='ltr'><strong>eges</strong></span> <span class='ocrx_word' id='word_1_226' title='bbox 805 1924 845 1962; x_wconf 92' lang='lat' dir='ltr'><strong>in</strong></span> <span class='ocrx_word' id='word_1_227' title='bbox 866 1923 990 1974; x_wconf 84' lang='lat' dir='ltr'><strong>patria</strong></span> <span class='ocrx_word' id='word_1_228' title='bbox 1009 1936 1083 1961; x_wconf 87' lang='lat' dir='ltr'><strong>nec</strong></span> <span class='ocrx_word' id='word_1_229' title='bbox 1103 1921 1175 1961; x_wconf 87' lang='lat' dir='ltr'><strong>tibi</strong></span> <span class='ocrx_word' id='word_1_230' title='bbox 1194 1921 1262 1971; x_wconf 88' lang='lat' dir='ltr'><strong>qui</strong></span> <span class='ocrx_word' id='word_1_231' title='bbox 1282 1920 1393 1958; x_wconf 86' lang='lat' dir='ltr'><strong>uiuas</strong></span> <span class='ocrx_word' id='word_1_232' title='bbox 1414 1918 1571 1965; x_wconf 82' lang='lat' dir='ltr'><strong>domist,</strong></span> 
     </span>
     <span class='ocr_line' id='line_1_30' title="bbox 223 1985 1353 2037; baseline -0.005 -8"><span class='ocrx_word' id='word_1_233' title='bbox 223 2004 263 2036; x_wconf 86' lang='lat'><strong>50</strong></span> <span class='ocrx_word' id='word_1_234' title='bbox 282 1990 411 2029; x_wconf 87' lang='lat' dir='ltr'><strong>omnis</strong></span> <span class='ocrx_word' id='word_1_235' title='bbox 432 1990 599 2029; x_wconf 89' lang='lat' dir='ltr'><strong>inueniri</strong></span> <span class='ocrx_word' id='word_1_236' title='bbox 621 1990 757 2028; x_wconf 86' lang='lat' dir='ltr'><strong>similis</strong></span> <span class='ocrx_word' id='word_1_237' title='bbox 777 1989 834 2027; x_wconf 86' lang='lat' dir='ltr'><strong>tui</strong></span> <span class='ocrx_word' id='word_1_238' title='bbox 854 1989 913 2027; x_wconf 88' lang='lat' dir='ltr'><strong>uis</strong></span> <span class='ocrx_word' id='word_1_239' title='bbox 928 2004 938 2037; x_wconf 88' lang='grc'><strong>,·</strong></span> <span class='ocrx_word' id='word_1_240' title='bbox 968 2002 1049 2027; x_wconf 87' lang='lat' dir='ltr'><strong>non</strong></span> <span class='ocrx_word' id='word_1_241' title='bbox 1069 1987 1211 2026; x_wconf 89' lang='lat' dir='ltr'><strong>mirum</strong></span> <span class='ocrx_word' id='word_1_242' title='bbox 1232 1985 1327 2024; x_wconf 81' lang='lat' dir='ltr'><strong>facis</strong></span> <span class='ocrx_word' id='word_1_243' title='bbox 1346 2001 1353 2023; x_wconf 79' lang='lat' dir='ltr'><em>z</em></span> 
     </span>
     <span class='ocr_line' id='line_1_31' title="bbox 281 2049 1570 2102; baseline -0.006 -8"><span class='ocrx_word' id='word_1_244' title='bbox 281 2062 340 2094; x_wconf 86' lang='lat' dir='ltr'><strong>est</strong></span> <span class='ocrx_word' id='word_1_245' title='bbox 361 2055 591 2093; x_wconf 88' lang='lat' dir='ltr'><strong>miserorum</strong></span> <span class='ocrx_word' id='word_1_246' title='bbox 614 2062 656 2093; x_wconf 90' lang='lat' dir='ltr'><strong>ut</strong></span> <span class='ocrx_word' id='word_1_247' title='bbox 679 2055 963 2093; x_wconf 88' lang='lat' dir='ltr'><strong>maleuolentes</strong></span> <span class='ocrx_word' id='word_1_248' title='bbox 984 2054 1060 2091; x_wconf 85' lang='lat' dir='ltr'><strong>sint</strong></span> <span class='ocrx_word' id='word_1_249' title='bbox 1081 2060 1199 2102; x_wconf 86' lang='lat' dir='ltr'><strong>atque</strong></span> <span class='ocrx_word' id='word_1_250' title='bbox 1220 2050 1423 2089; x_wconf 85' lang='lat' dir='ltr'><strong>inuideant</strong></span> <span class='ocrx_word' id='word_1_251' title='bbox 1446 2049 1570 2087; x_wconf 88' lang='lat' dir='ltr'><strong>bonis.</strong></span> 
     </span>
    </p>
   </div>
   <div class='ocr_carea' id='block_1_3' title="bbox 261 2151 1612 2290">
    <p class='ocr_par' dir='ltr' id='par_1_3' title="bbox 261 2151 1612 2290">
     <span class='ocr_line' id='line_1_32' title="bbox 326 2151 1611 2198; baseline -0.005 -10"><span class='ocrx_word' id='word_1_252' title='bbox 326 2160 389 2198; x_wconf 88' lang='lat'><strong>565</strong></span> <span class='ocrx_word' id='word_1_253' title='bbox 414 2159 564 2198; x_wconf 81' lang='lat' dir='ltr'><strong>appellas</strong></span> <span class='ocrx_word' id='word_1_254' title='bbox 592 2157 645 2188; x_wconf 77' lang='lat' dir='ltr'><strong>PE</strong></span> <span class='ocrx_word' id='word_1_255' title='bbox 795 2168 855 2196; x_wconf 85' lang='lat'><strong>571</strong></span> <span class='ocrx_word' id='word_1_256' title='bbox 884 2162 944 2187; x_wconf 90' lang='lat' dir='ltr'><strong>tun</strong></span> <span class='ocrx_word' id='word_1_257' title='bbox 969 2166 1075 2195; x_wconf 83' lang='lat' dir='ltr'><strong>negas</strong></span> <span class='ocrx_word' id='word_1_258' title='bbox 1099 2160 1132 2186; x_wconf 89' lang='lat' dir='ltr'><strong>te</strong></span> <span class='ocrx_word' id='word_1_259' title='bbox 1156 2153 1324 2184; x_wconf 73' lang='lat' dir='ltr'><strong>Bosscha:</strong></span> <span class='ocrx_word' id='word_1_260' title='bbox 1359 2158 1392 2182; x_wconf 88' lang='lat' dir='ltr'><strong>te</strong></span> <span class='ocrx_word' id='word_1_261' title='bbox 1417 2163 1523 2191; x_wconf 87' lang='lat' dir='ltr'><strong>negas</strong></span> <span class='ocrx_word' id='word_1_262' title='bbox 1545 2151 1611 2183; x_wconf 86' lang='lat' dir='ltr'><strong>cod.</strong></span> 
     </span>
     <span class='ocr_line' id='line_1_33' title="bbox 285 2196 1612 2242; baseline -0.006 -9"><span class='ocrx_word' id='word_1_263' title='bbox 285 2212 346 2242; x_wconf 84' lang='lat'><strong>573</strong></span> <span class='ocrx_word' id='word_1_264' title='bbox 371 2203 419 2233; x_wconf 85' lang='lat' dir='ltr'><strong>vel</strong></span> <span class='ocrx_word' id='word_1_265' title='bbox 434 2202 479 2232; x_wconf 88' lang='lat' dir='ltr'><strong>ill&#39;</strong></span> <span class='ocrx_word' id='word_1_266' title='bbox 585 2210 647 2240; x_wconf 85' lang='lat'><strong>575</strong></span> <span class='ocrx_word' id='word_1_267' title='bbox 673 2211 710 2231; x_wconf 86' lang='lat' dir='ltr'><strong>es</strong></span> <span class='ocrx_word' id='word_1_268' title='bbox 721 2201 740 2232; x_wconf 87' lang='lat' dir='ltr'><strong>l.</strong></span> <span class='ocrx_word' id='word_1_269' title='bbox 757 2200 930 2231; x_wconf 79' lang='lat' dir='ltr'><strong>Fleckeisen</strong></span> <span class='ocrx_word' id='word_1_270' title='bbox 1036 2200 1100 2238; x_wconf 90' lang='lat'><strong>576</strong></span> <span class='ocrx_word' id='word_1_271' title='bbox 1124 2199 1214 2228; x_wconf 86' lang='lat' dir='ltr'><strong>hunc</strong></span> <span class='ocrx_word' id='word_1_272' title='bbox 1226 2196 1290 2227; x_wconf 88' lang='lat' dir='ltr'><strong>cod.</strong></span> <span class='ocrx_word' id='word_1_273' title='bbox 1308 2197 1389 2237; x_wconf 80' lang='lat' dir='ltr'><strong>(huc</strong></span> <span class='ocrx_word' id='word_1_274' title='bbox 1399 2196 1440 2235; x_wconf 94' lang='lat' dir='ltr'><strong>J)</strong></span> <span class='ocrx_word' id='word_1_275' title='bbox 1551 2205 1612 2234; x_wconf 88' lang='lat'><strong>577</strong></span> 
     </span>
     <span class='ocr_line' id='line_1_34' title="bbox 261 2238 1611 2290; baseline -0.005 -14"><span class='ocrx_word' id='word_1_276' title='bbox 261 2247 270 2257; x_wconf 56' lang='lat'>⁸</span> <span class='ocrx_word' id='word_1_277' title='bbox 285 2251 353 2277; x_wconf 82' lang='lat' dir='ltr'><strong>tete</strong></span> <span class='ocrx_word' id='word_1_278' title='bbox 372 2245 533 2276; x_wconf 79' lang='lat' dir='ltr'><strong>Gruterus</strong></span> <span class='ocrx_word' id='word_1_279' title='bbox 548 2256 554 2274; x_wconf 90' lang='lat'>:</span> <span class='ocrx_word' id='word_1_280' title='bbox 580 2251 613 2274; x_wconf 88' lang='lat' dir='ltr'><strong>te</strong></span> <span class='ocrx_word' id='word_1_281' title='bbox 630 2244 695 2275; x_wconf 91' lang='lat' dir='ltr'><strong>cod.</strong></span> <span class='ocrx_word' id='word_1_282' title='bbox 831 2248 970 2283; x_wconf 87' lang='lat' dir='ltr'><strong>gnatum</strong></span> <span class='ocrx_word' id='word_1_283' title='bbox 988 2241 1110 2285; x_wconf 83' lang='lat' dir='ltr'><strong>(esse)</strong></span> <span class='ocrx_word' id='word_1_284' title='bbox 1126 2240 1265 2290; x_wconf 77' lang='lat' dir='ltr'><strong>Pylades</strong></span> <span class='ocrx_word' id='word_1_285' title='bbox 1397 2249 1462 2279; x_wconf 89' lang='lat'><strong>579</strong></span> <span class='ocrx_word' id='word_1_286' title='bbox 1484 2243 1518 2270; x_wconf 87' lang='lat' dir='ltr'><strong>te</strong></span> <span class='ocrx_word' id='word_1_287' title='bbox 1534 2238 1611 2269; x_wconf 85' lang='lat' dir='ltr'><strong>add.</strong></span> 
     </span>
    </p>
   </div>
   <div class='ocr_carea' id='block_1_4' title="bbox 284 2282 1614 2371">
    <p class='ocr_par' dir='ltr' id='par_1_4' title="bbox 284 2282 1614 2371">
     <span class='ocr_line' id='line_1_35' title="bbox 287 2282 1614 2327; baseline -0.005 -8"><span class='ocrx_word' id='word_1_288' title='bbox 287 2290 446 2320; x_wconf 81' lang='lat' dir='ltr'><strong>Gruterus</strong></span> <span class='ocrx_word' id='word_1_289' title='bbox 555 2288 619 2327; x_wconf 87' lang='lat'><strong>582</strong></span> <span class='ocrx_word' id='word_1_290' title='bbox 644 2288 790 2318; x_wconf 83' lang='lat' dir='ltr'><strong>inueniri</strong></span> <span class='ocrx_word' id='word_1_291' title='bbox 818 2287 1053 2318; x_wconf 77' lang='lat' dir='ltr'><strong>Camerarius:</strong></span> <span class='ocrx_word' id='word_1_292' title='bbox 1088 2286 1241 2316; x_wconf 73' lang='lat' dir='ltr'><strong>inuenire</strong></span> <span class='ocrx_word' id='word_1_293' title='bbox 1265 2283 1330 2314; x_wconf 89' lang='lat' dir='ltr'><strong>cod.</strong></span> <span class='ocrx_word' id='word_1_294' title='bbox 1411 2284 1458 2313; x_wconf 88' lang='lat' dir='ltr'><strong>tui</strong></span> <span class='ocrx_word' id='word_1_295' title='bbox 1482 2282 1614 2313; x_wconf 82' lang='lat' dir='ltr'><strong>Fleckei-</strong></span> 
     </span>
     <span class='ocr_line' id='line_1_36' title="bbox 284 2331 936 2371; baseline -0.005 -7"><span class='ocrx_word' id='word_1_296' title='bbox 284 2343 340 2364; x_wconf 80' lang='lat' dir='ltr'><strong>sen</strong></span> <span class='ocrx_word' id='word_1_297' title='bbox 358 2344 365 2363; x_wconf 75' lang='grc' dir='ltr'>ε</span> <span class='ocrx_word' id='word_1_298' title='bbox 389 2332 447 2363; x_wconf 88' lang='lat' dir='ltr'><strong>tibi</strong></span> <span class='ocrx_word' id='word_1_299' title='bbox 466 2331 546 2371; x_wconf 63' lang='lat' dir='ltr'><strong>cod„</strong></span> <span class='ocrx_word' id='word_1_300' title='bbox 567 2331 656 2371; x_wconf 85' lang='lat' dir='ltr'><em>quod</em></span> <span class='ocrx_word' id='word_1_301' title='bbox 667 2333 722 2362; x_wconf 82' lang='lat' dir='ltr'><strong>vix</strong></span> <span class='ocrx_word' id='word_1_302' title='bbox 736 2331 936 2362; x_wconf 84' lang='lat' dir='ltr'><strong>Plautinum</strong></span> 
     </span>
    </p>
   </div>
  </div>
 </body>
</html>
