1814 2723
67 210 116 230 XII
135 199 231 242 (xm)

68 336 130 357 xm
147 327 235 369 (xw)

66 400 127 420 xw
145 390 236 431 (xix)

67 460 113 481 xv
127 451 169 492 (ι)

68 721 126 742 Χνι
145 712 202 753 (11)

68 794 141 814 xvn
161 784 243 825 (ΧΗ)

69 854 155 875 xvm
176 845 253 886 (xx)

68 915 127 936 xix
148 906 238 947 (xm)

70 1111 116 1132 xx
133 1101 208 1144 (xv)

210 1396 272 1433 I.i

705 80 750 117 T.
785 77 966 116 MACCI
998 76 1201 114 PLAVTI

665 204 732 229 cor
752 202 895 235 meum,
920 201 1008 238 spes
1029 200 1127 235 mea,

289 258 366 294 mel
387 270 532 303 meum,
556 255 778 302 suauitudo,
802 254 925 301 cibus,
947 252 1146 303 gaudium.

289 321 372 360 sine
393 329 431 360 te
451 335 581 360 amem
1006 318 1010 322 “

290 386 476 437 Cupidon
498 394 629 424 tecum
651 384 775 423 saeuit
795 397 897 422 anne
918 384 1070 421 Amor?

290 454 360 490 BA.
393 451 548 489 Vlixem
569 449 703 488 audiui
725 449 843 487 fuisse
863 446 1279 493 aerumnosissumum,

289 517 381 567 quia
411 529 536 554 annos
558 514 696 565 uiginti
717 527 847 553 errans
868 527 890 551 a
910 512 1033 563 patria
1052 511 1149 550 afuit
1164 525 1174 559 3

289 594 425 620 uerum
447 582 510 619 hic
531 582 764 618 adulescens
785 580 910 616 multo
930 577 1086 615 Vlixem
1106 575 1229 614 anteit
1249 573 1380 627 (fide),

289 646 355 696 qui
382 646 387 697 1
413 645 502 684 ilico
523 653 623 684 errat
644 645 744 682 intra
764 657 897 682 muros
918 642 1076 681 ciuicos.

289 710 483 760 quidquid
505 718 562 749 est
583 723 730 748 nomen
751 709 825 748 sibi

290 776 386 827 (Pl.)
418 789 518 825 quae
540 776 717 813 sodalem
737 782 856 824 atque
878 787 941 812 me
962 771 1151 811 exercitos
1172 769 1292 808 habet

289 854 381 878 nam
402 841 521 878 credo
542 840 698 890 quoiuis
719 847 924 878 excantare
945 851 1012 876 cor
1031 844 1155 887 potes.

290 906 349 944 sin
370 905 611 944 lenocinium
633 906 732 943 forte
753 903 985 943 conlibitum
1007 909 1065 940 est
1086 901 1169 948 tibi,

290 971 427 1009 uideas
449 970 642 1009 mercedis
664 969 760 1020 quid
781 968 851 1007 tibi
872 976 929 1007 est
951 980 1121 1018 aequom
1142 965 1237 1013 dari,

291 1050 341 1075 ne
361 1036 458 1075 istac
477 1043 605 1075 aetate
626 1049 690 1074 me
711 1042 860 1074 sectere
879 1033 1020 1084 gratiis.

291 1102 446 1141 Arabus

436 1396 683 1432 BACCHIS
794 1393 979 1430 SOROR
1090 1390 1478 1427 PISToCLERVS

291 1495 363 1531 BA.
396 1491 506 1541 Quid
534 1490 566 1530 si
595 1491 672 1529 hoc
699 1488 802 1540 potis
826 1456 957 1528 est*ui
985 1455 1027 1526 {ku
1057 1494 1197 1534 taceas,
1228 1499 1300 1537 ego
1329 1485 1497 1535 loquar?
1553 1483 1618 1521 So.

608 1605 615 1610 q
1355 1549 1496 1600 lepide,
1518 1540 1619 1586 licetss

292 1625 362 1661 ΒΑ.
395 1622 463 1661 ubi
483 1635 546 1660 me
567 1620 688 1670 fugiet
709 1619 908 1665 memoria,
927 1618 980 1656 ibi
1001 1626 1043 1656 tu
1059 1615 1177 1656 facito
1198 1624 1240 1655 ut
1260 1614 1484 1661 subuenias,
1502 1625 1621 1652 soror.

291 1689 355 1726 So.
388 1688 455 1737 pol
476 1686 588 1736 magi'
611 1693 746 1724 metuo
766 1698 816 1723 ne
837 1683 1004 1723 defuerit
1026 1682 1121 1721 mihi
1141 1682 1182 1720 in
1202 1682 1406 1720 monendo
1427 1678 1561 1718 oratio.

292 1755 363 1790 BA.
395 1753 462 1803 pol
483 1765 642 1802 quoque
663 1758 798 1789 metuo
820 1748 1049 1788 lusciniolae
1069 1761 1120 1787 ne
1140 1746 1307 1786 defuerit
1328 1744 1470 1784 cantio.

334 1866 384 1887 xu
408 1856 540 1886 Nonius
560 1863 619 1894 173
638 1858 675 1893 (s,
695 1855 900 1893 suauitudo),
927 1855 1010 1885 inter
1022 1854 1071 1893 sr.
1100 1853 1139 1884 II
1156 1858 1186 1884 et
1199 1853 1297 1894 Epid.
1323 1853 1388 1891 609
1560 1859 1625 1880 xm

290 1900 445 1930 Donatus
471 1899 519 1930 ad
538 1899 627 1930 Eun.
658 1910 688 1938 4,
716 1910 735 1930 2
773 1909 810 1938 13
836 1898 976 1935 (amare)
1149 1907 1210 1928 xlv
1232 1896 1363 1928 Nonius
1386 1905 1448 1934 421
1474 1897 1503 1924 et
1524 1894 1621 1924 schol.

289 1944 374 1974 Aen.
399 1953 430 1983 4,
462 1953 522 1982 194
655 1943 770 1974 saeuis
801 1942 890 1975 codd.
915 1940 1041 1973 Nonii:
1079 1941 1166 1972 sicut
1188 1940 1276 1971 codd.
1303 1939 1400 1971 schol.
1437 1947 1489 1972 {ex
1513 1937 1623 1973 seuit;

291 1998 330 2018 cu
346 1992 405 2028 pro
423 1987 471 2028 ui)
552 1987 627 2026 fort
651 1992 683 2017 te
701 1987 854 2017 conseuit
1009 1995 1056 2016 xv
1082 1984 1252 2015 Charisius
1267 1993 1328 2014 201
1349 1982 1457 2024 (ilico)
1583 1990 1623 2010 22

290 2035 358 2062 anfi
376 2029 440 2061 cod.
464 2030 495 2067 (i.
509 2041 533 2061 e.
553 2033 665 2067 -nos?‚
683 2031 789 2069 misi)

291 2084 332 2113 23
358 2074 423 2104 fide
441 2073 516 2105 add.
540 2075 579 2114 (2)
602 2073 669 2104 Leo
781 2084 823 2112 24
849 2084 878 2113 q.
905 2072 1002 2114 (hic)
1026 2072 1154 2103 Ritschl
1261 2080 1321 2101 XVI
1345 2069 1440 2100 schol.
1460 2068 1545 2098 Aen.
1569 2078 1619 2108 10,

291 2128 355 2157 493
375 2118 568 2159 (quidquid)
722 2127 795 2148 xvn
823 2116 994 2147 Charisius
1018 2126 1082 2156 229
1107 2116 1249 2154 (atque),
1269 2113 1402 2144 Nonius
1423 2114 1445 2143 6
1465 2112 1504 2145 (s,
1525 2122 1622 2142 exer-

292 2162 392 2201 citus)
529 2171 617 2191 xvm
641 2161 773 2192 Nonius
797 2171 858 2191 102
878 2169 915 2191 (s.
933 2161 1130 2199 excantare)
1149 2162 1262 2198 potest
1275 2156 1362 2188 codd.
1381 2169 1387 2194 ;
1412 2156 1506 2187 schol.
1525 2155 1617 2195 Verg.

291 2204 373 2236 Bne.
393 2205 425 2241 8,
443 2214 480 2243 71
501 2215 576 2235 nam
601 2211 636 2235 tu
653 2206 789 2244 quidem
806 2204 915 2235 cuiuis
939 2208 1120 2234 excantare
1140 2212 1197 2233 cor
1221 2201 1319 2232 facile
1335 2207 1432 2240 potes
1562 2208 1622 2229 xxx

265 2248 274 2258 Χ
295 2248 466 2279 Charisius
491 2259 555 2278 200
581 2248 728 2288 (gratiis)
830 2249 983 2287 ‘sortasse
1010 2247 1096 2278 servi
1118 2247 1269 2276 iocantur
1285 2245 1335 2275 vel
1355 2242 1532 2285 prologus'
1556 2240 1623 2271 Leo

294 2303 340 2323 xx
366 2291 536 2323 Charisius
555 2302 615 2330 123
630 2291 792 2333 (Arabus)
946 2292 1056 2330 35⁴80
1068 2293 1197 2331 praesto
1213 2292 1260 2319 esl
1274 2288 1303 2318 T
1437 2297 1478 2326 35
1503 2290 1539 2316 tu
1556 2284 1620 2316 cod.

296 2336 439 2367 Charisii
455 2346 518 2373 204
534 2347 540 2365 :
565 2346 631 2367 om.
650 2335 717 2367 cod.
881 2345 921 2374 37
947 2335 1029 2365 mihi
1053 2334 1086 2364 in
1103 2333 1274 2365 monendo
1291 2343 1334 2363 ne
1352 2330 1498 2362 desuerit
1515 2328 1622 2360 oratio

293 2379 381 2410 cod.:
407 2378 480 2410 ἔναι’.
499 2377 566 2409 Leo
697 2379 739 2418 38
763 2379 818 2419 pol
835 2388 899 2418 ego
920 2380 966 2420 (p.
988 2388 1016 2410 e.
1037 2387 1171 2416 quoque
1187 2375 1280 2418 PCD)
1299 2386 1341 2406 m.
1359 2374 1441 2406 Reiz

1638 395 1684 420 20

1607 695 1682 749 '25

1643 1047 1686 1078 30

1640 1489 1682 1526 35
