1742 2718
704 64 965 103 EPIDICVS
1416 60 1492 96 ΙΙΙ.
1513 57 1559 95 iii

175 178 302 216 sumu’
323 173 586 227 praemercati.
647 175 715 210 PE.
747 171 843 221 quid
864 171 971 209 iam?
1027 172 1099 208 ΑΡ.
1132 168 1223 218 quia
1244 167 1339 206 dixit
1360 166 1455 205 mihi

175 242 252 280 iam
274 242 425 280 dudum
447 253 487 278 se
506 239 604 277 alius
625 245 734 275 tuom
756 236 901 275 uidisse
922 235 985 273 hic
1006 234 1128 273 filium
1147 248 1153 270 :

177 308 278 345 hanc
295 306 436 356 edepol
450 318 530 343 rem
544 303 766 354 apparabat.
806 304 872 339 PE.
892 302 1008 351 plane
1022 300 1151 338 hercle
1164 300 1240 336 hoc
1255 297 1415 348 quidem
1430 304 1497 335 est.

88 383 160 417 410
178 373 248 409 ΑΡ.
282 384 330 408 ne
352 373 392 408 tii
414 369 534 407 habes
555 380 709 406 seruom
730 366 958 417 graphicum
981 372 1018 403 et
1039 362 1236 414 quantiuis
1256 361 1366 412 preti,

177 449 257 474 non
279 442 406 473 carust
425 447 520 472 auro
541 440 686 471 contra.
746 439 788 469 ut
809 430 873 468 ille
894 429 1094 468 fidicinam
1522 441 1563 472 30

177 500 268 539 fecit
288 499 477 538 †nestire†
499 511 583 536 esse
604 503 777 546 emptam
799 495 869 533 tibi
887 498 893 532 1

178 567 231 604 ita
251 564 502 603 ridibundam
522 570 640 611 atque
662 560 824 598 hilaram
846 561 923 598 huc
944 557 1107 598 adduxit
1127 558 1254 596 smml.

180 633 247 669 PE.
280 630 420 668 mirum
441 630 517 666 hoc
538 626 604 676 qui
625 625 752 676 potuit
773 625 864 663 fieri.
924 627 996 662 ΑΡ.
1029 632 1067 662 te
1087 637 1157 674 pro
1178 623 1258 662 filio

91 710 156 746 415
178 698 370 734 facturum
391 693 486 732 dixit
506 706 586 730 rem
608 704 692 730 esse
714 690 889 728 diuinam
911 688 1031 736 domi,

179 760 271 811 quia
290 758 440 797 Thebis
460 759 589 796 saluos
610 755 776 794 redierit.
838 756 905 792 PE.
937 761 1041 792 recte
1062 753 1210 792 institit.
1524 766 1562 798 35

178 828 252 864 ΑΡ.
282 824 404 862 immo
425 823 530 873 ipsus
551 822 605 860 illi
626 821 722 860 dixit
744 821 982 858 conductam
1003 832 1087 857 esse
1108 832 1195 857 eam

179 903 280 941 quae
300 889 364 927 hic
383 887 670 927 administraret
690 887 741 923 ad
762 899 843 923 rem
865 884 1039 922 diuinam
1062 884 1144 923 tibi.

180 953 389 1008 [facturum
411 954 487 991 hoc
508 952 603 990 dixit
623 964 704 989 rem
726 963 811 988 6556
832 949 1009 988 diuinam
1029 949 1099 988 tibi
1120 947 1246 1002 domi]

91 1036 162 1070 420
181 1034 254 1071 ego
274 1019 352 1058 illic
373 1019 464 1057 med
483 1025 615 1056 autem
637 1016 692 1054 sic
713 1015 1001 1054 adsimulabam
1018 1030 1025 1053 :
1055 1015 1166 1065 quasi

181 1086 379 1131 stolidum,
403 1083 661 1123 combardum
683 1095 746 1119 me
767 1080 971 1119 faciebam.
1031 1083 1099 1118 PE.
1132 1081 1254 1119 immo
1275 1080 1328 1119 ita
1348 1080 1471 1119 decet.
1525 1091 1568 1124 40

180 1154 254 1190 ΑΡ.
285 1164 344 1189 res
365 1162 506 1199 magna
524 1147 640 1186 amici
660 1148 766 1198 apud
787 1148 914 1186 forum
934 1145 1069 1196 agitur,
1092 1145 1127 1184 ei
1147 1147 1240 1184 uolo

181 1217 236 1255 ire
256 1217 484 1255 aduocatus.
542 1215 610 1251 PE.
642 1219 682 1250 at
702 1225 862 1262 quaeso,
884 1211 953 1250 ubi
973 1211 1043 1249 erit
1064 1210 1200 1257 otium,

183 1289 378 1320 reuortere
397 1281 448 1318 ad
469 1292 532 1317 me
553 1278 760 1328 externplo.
821 1279 893 1314 ΑΡ.
927 1276 1117 1315 continuo
1136 1276 1201 1314 hic
1221 1290 1356 1315 ero.—

97 1359 162 1397 425
185 1349 253 1385 PE.
285 1345 382 1384 nihil
402 1343 553 1383 homini
572 1342 738 1381 amicost
758 1349 982 1392 opportuno
1001 1341 1165 1380 amicius
1182 1356 1189 1379 :

184 1411 268 1450 sine
288 1418 356 1449 tuo
375 1410 509 1448 labore
529 1409 637 1459 quod
657 1407 755 1446 uelis
775 1414 944 1446 actumst
964 1414 1107 1446 tamen.
1531 1419 1573 1452 45

184 1489 258 1526 ego
278 1475 310 1513 si
329 1476 571 1524 adlegassem
592 1473 764 1523 aliquem
785 1473 836 1511 ad
857 1473 933 1510 hoc
953 1472 1155 1522 negotium

185 1540 314 1579 minus
335 1538 537 1578 hominem
557 1539 720 1577 doctum
743 1537 943 1586 minu’que
962 1538 1013 1575 ad
1034 1538 1136 1575 hanc
1155 1550 1237 1576 rem
1259 1523 1456 1584 cal-lidum,

187 1619 231 1645 os
251 1604 439 1644 sublitum
459 1611 571 1650 esset,
594 1603 726 1652 itaque
746 1615 810 1641 me
829 1601 928 1641 albis
949 1601 1134 1641 dentibus

102 1684 171 1720 430
188 1672 290 1710 meu'
310 1669 504 1709 derideret
524 1668 625 1706 filius
646 1666 920 1706 meritissumo.

187 1744 306 1786 atque
325 1736 423 1774 haec
443 1733 641 1772 stultitiast
661 1746 724 1771 me
745 1731 799 1770 illi
820 1731 918 1771 uitio
938 1739 1090 1771 uortere
1534 1742 1578 1774 50

186 1807 342 1851 egomet
363 1799 471 1850 quod
491 1796 664 1836 factitaui
685 1796 724 1835 in
745 1796 1024 1843 adulescentia,

230 1906 294 1944 408
318 1903 438 1944 aliquis
456 1904 498 1945 (3)
516 1902 582 1934 Leo
655 1907 747 1933 tuum
765 1913 830 1933 om.
850 1902 883 1932 Β
985 1913 1049 1942 409
1060 1902 1195 1943 planum
1215 1902 1348 1942 Geppert
1453 1913 1514 1941 411

187 1959 304 1980 aurum
321 1947 367 1978 Β3
499 1958 562 1986 412
586 1946 636 1977 vel
651 1946 784 1976 nescire
872 1956 916 1977 116
932 1956 968 1976 56
988 1946 1133 1977 sentiret
1154 1945 1293 1976 Rcdslob
1311 1945 1413 1985 (Berl.
1429 1945 1515 1977 Phil.

192 1992 296 2023 Woch.
314 2002 367 2024 22,
383 1990 461 2030 552)
480 2002 486 2020 :
511 2001 588 2022 sese
604 1994 640 2020 ut
658 1989 805 2020 nesciret
821 1988 887 2019 Leo
986 2000 1050 2028 413
1073 1990 1198 2020 adduxi
1218 1989 1352 2030 Geppert
1452 2000 1516 2028 414

188 2036 244 2076 qui
263 2046 301 2066 ex
322 2035 411 2074 quod
436 2034 500 2065 cod.
527 2034 587 2072 (ila
604 2033 642 2071 E,
662 2033 751 2072 quod
768 2032 809 2067 Β,
826 2033 882 2071 qui
896 2032 938 2072 J)
1093 2034 1157 2072 416
1182 2037 1309 2064 rectam
1331 2033 1517 2064 Lambinus

188 2090 253 2118 419
277 2078 328 2118 (cJI
345 2078 423 2117 415)
440 2077 498 2109 del.
517 2077 691 2108 Acidalius
708 2077 754 2116 (ii.
774 2076 808 2116 6)
912 2077 964 2108 vel
975 2078 1042 2108 ess’
1144 2077 1194 2106 vel
1207 2077 1319 2107 dinam
1453 2087 1517 2115 420

189 2123 239 2153 vel
252 2122 298 2152 illi
395 2121 445 2152 vel
458 2132 512 2152 me
531 2121 591 2161 (ita
607 2119 692 2159 cod.)
834 2129 895 2158 421
924 2121 969 2151 ita
988 2119 1127 2159 Pylades
1142 2132 1149 2150 :
1171 2125 1224 2150 sta
1240 2120 1306 2151 cod.
1453 2130 1516 2158 422

189 2166 279 2205 apud
297 2165 403 2195 forum
422 2165 477 2195 vix
481 2163 663 2204 ferendum
753 2172 827 2192 eum
845 2162 916 2194 cod.
934 2168 969 2194 ut
984 2163 1046 2195 vid.
1067 2164 1115 2203 (61
1127 2163 1169 2202 J)
1289 2174 1352 2203 423
1377 2163 1426 2193 ire
1445 2173 1515 2195 var.

189 2209 257 2241 x'ect.
276 2209 309 2238 in
321 2208 369 2246 J:
395 2219 452 2238 ere
470 2211 508 2238 ut
521 2207 584 2239 vid.
605 2206 669 2238 cod.
687 2207 765 2246 (pro
782 2205 851 2236 eire
864 2207 892 2246 ἓ)
987 2217 1050 2247 425
1075 2207 1216 2238 amicius
1231 2206 1326 2238 Ital.:
1352 2206 1516 2238 amicitius

205 2252 259 2284 od.
391 2261 453 2291 427
478 2252 683 2290 adligassem
700 2248 788 2280 cod.:
812 2250 861 2280 vel
874 2250 1123 2290 adlegauissem
1254 2252 1318 2289 428
1344 2251 1514 2281 hominem

195 2295 426 2327 Camerarius:
454 2295 625 2326 hominem
652 2292 784 2335 [quam]
812 2292 880 2323 cod.
907 2295 943 2336 (i.
972 2294 1027 2336 15)
1173 2304 1280 2333 431—4
1299 2298 1377 2335 post
1397 2304 1426 2325 v.
1452 2302 1516 2333 455

188 2340 299 2381 posuit
312 2339 345 2368 A
351 2337 485 2369 allatius
501 2340 625 2379 (contra
641 2337 690 2377 Α)
704 2347 711 2368 2
737 2335 794 2366 del.
815 2335 911 2368 Goetz
1042 2347 1102 2378 431
1126 2338 1174 2369 vel
1187 2339 1279 2378 atqui

238 2394 355 2415 PLAvr.
375 2393 384 2413 1
1385 2382 1427 2411 24
