1742 2718
710 99 979 137 ASINARIA
1433 107 1506 142 III.
1530 105 1541 140 i

183 210 419 260 compellare
438 217 505 247 aut
525 216 779 256 contrectare,
801 211 1040 261 conloquiue
1060 220 1127 250 aut
1147 213 1281 252 contui
1298 216 1313 251 ?
1532 231 1572 250 20

184 274 280 324 quid
301 274 440 313 dedit?
468 274 564 324 quid
585 274 696 312 iussit
715 276 766 313 ad
787 289 859 313 nos
880 276 1106 326 deportari?
1133 291 1184 315 an
1205 286 1245 316 tu
1267 278 1336 316 tibi

99 352 162 389 525
184 340 305 379 uerba
326 340 471 379 blanda
491 354 576 378 esse
595 353 733 378 aurum
756 354 848 388 rere,
871 340 978 380 dicta
997 343 1115 380 docta
1135 356 1205 393 pro
1226 343 1356 382 datis?

184 406 285 443 ultro
305 418 424 452 amas,
446 406 549 443 ultro
569 404 792 456 expetessis,
817 407 919 444 ultro
938 408 989 445 ad
1010 414 1048 445 te
1067 407 1214 446 accersi
1235 407 1357 446 iubes.

184 469 270 508 illos
290 470 357 520 qui
377 471 473 509 dant
493 484 561 509 eos
582 470 762 518 deride53
792 470 859 520 qui
881 472 1075 510 deludunt
1096 472 1260 522 deperis.

183 549 232 573 an
255 542 293 573 te
313 534 352 574 id
374 542 598 585 exspectare
617 542 783 585 oportet,
806 534 837 573 si
858 535 944 585 quis
966 536 1167 585 promittat
1187 537 1257 575 tibi
1534 552 1570 583 25

186 608 223 637 te
243 601 435 638 facturum
457 599 632 645 diuitem,
657 599 688 637 si
709 599 896 637 moriatur
916 608 1040 638 mater
1060 603 1158 639 sua?

99 676 166 712 530
185 672 336 703 ecastor
358 662 506 717 [nobis]
528 664 718 714 periclum
739 678 925 715 magnum
946 672 985 703 et
1005 665 1174 704 familiae
1195 667 1450 717 portenditur,

184 731 280 768 dum
301 729 384 768 eius
405 737 677 779 exspectamus
699 737 877 777 mortem,
901 744 951 768 ne
971 744 1044 769 nos
1064 731 1277 770 moriamur
1297 734 1410 771 fame.

183 808 289 833 nunc
309 796 410 833 adeo
431 794 506 833 nisi
527 794 580 832 mi
600 796 678 833 huc
698 795 847 845 argenti
866 795 992 834 adfert
1011 795 1150 846 uiginti
1171 796 1308 844 minas,

184 860 233 899 nel
254 860 318 899 ille
337 868 489 899 ecastor
509 860 601 899 hinc
622 861 800 899 trudetur
818 862 946 911 largus
966 862 1227 900 lacrumarum
1247 864 1360 901 foras.
1533 878 1576 907 30

184 925 249 964 hic
269 925 353 965 dies
374 933 569 964 summust
588 924 685 977 (quo
706 925 782 978 est')
801 927 907 976 apud
929 940 993 965 me
1013 926 1170 978 inopiae
1191 929 1400 968 excusatio.

100 998 116 1035 5
123 1000 140 1034 3
147 998 162 1035 5
186 992 260 1028 PH.
292 990 426 1041 patiar,
450 990 481 1029 si
502 990 592 1029 cibo
613 1004 743 1029 carere
764 1004 827 1029 me
847 990 971 1039 iubes,
995 1000 1118 1031 mater
1138 1007 1236 1031 mea.

185 1057 255 1095 CL.
287 1070 368 1094 non
389 1064 485 1095 uoto
505 1057 572 1095 ted
592 1070 724 1095 amare
743 1056 811 1107 qui
831 1057 1067 1107 dantquoia
1086 1066 1267 1097 amentur
1286 1059 1416 1110 gratia.

184 1123 259 1160 PH.
291 1121 387 1172 quid
421 1122 453 1161 si
484 1121 548 1161 hic
581 1122 736 1161 animus
770 1130 1015 1174 occupatust‚
1048 1131 1182 1172 mater,
1215 1124 1310 1175 quid
1345 1125 1514 1163 faciam?

1145 1203 1274 1228 mone.
1335 1192 1405 1230 CL.
1438 1205 1512 1237 em,

185 1266 318 1291 meum
338 1260 456 1303 caput
476 1255 732 1304 contemples‚
755 1253 787 1292 si
807 1253 969 1304 quidem
990 1268 1037 1293 ex
1057 1268 1097 1293 re
1118 1257 1316 1293 consultas
1337 1263 1413 1293 tua.
1535 1267 1576 1300 35

99 1294 167 1377 ἐξ,
186 1319 260 1355 ΡΗ.
293 1317 410 1356 etiam
431 1317 552 1368 opilio
573 1317 640 1368 qui
661 1317 795 1369 pascit,
819 1327 952 1366 mater,
975 1319 1121 1358 alienas
1146 1320 1244 1368 ouis,

184 1381 356 1433 aliquam
377 1383 497 1422 habet
516 1383 756 1434 peculiarem
776 1383 844 1434 qui
864 1397 975 1434 spem
997 1386 1143 1423 soletur
1163 1399 1285 1423 suam.

185 1447 269 1486 sine
290 1462 354 1486 me
372 1461 504 1486 amare
523 1462 648 1486 unum
668 1448 933 1499 Argyrippum
954 1449 1075 1487 animi
1096 1463 1243 1497 caussa,
1268 1463 1387 1500 quem
1409 1453 1511 1490 uolo.

185 1514 256 1552 CL.
287 1512 390 1551 intro
410 1512 486 1560 abi,
509 1527 601 1551 nam
622 1521 660 1552 te
680 1512 842 1563 quidem
860 1515 1002 1563 edepol
1024 1513 1119 1551 nihil
1141 1522 1200 1552 est
1220 1514 1487 1565 inpudentius.

186 1580 260 1616 PH.
291 1578 520 1618 audientem
540 1578 659 1626 dicto,
683 1586 817 1626 mater,
839 1578 1057 1629 produxisti
1078 1579 1210 1618 filiam.
1532 1595 1576 1627 40

534 1749 782 1786 LIBANVS
894 1749 1155 1786 LEONIDA
1530 1750 1562 1788 ii

100 1850 163 1888 545
185 1842 245 1878 L1.
287 1839 480 1879 Perfidiae
498 1841 635 1879 laudes
654 1840 875 1891 gratiasque
894 1841 1087 1879 habemus
1108 1841 1247 1880 merito
1267 1855 1442 1892 magnas,

185 1919 307 1955 quom
327 1905 469 1944 nostris
489 1905 767 1956 sycophantiis,
790 1905 891 1945 dolis
911 1905 1153 1956 astutiisque,

185 1973 430 2022 scapularum
452 1971 704 2020 confidentia,
726 1971 871 2010 uirtute
890 1973 1074 2010 ulnorum
1094 1972 1249 2020 freti,—

183 2035 251 2087 qui
270 2037 485 2076 aduorsum
505 2036 695 2084 stimulos,
718 2036 926 2076 lamminas
943 2050 1158 2087 crucesque
1178 2039 1486 2088 compedesque,

229 2150 292 2180 524
316 2142 392 2181 dep.
412 2141 472 2173 ius.
493 2142 535 2172 ad
558 2152 622 2173 nos
637 2141 703 2174 cod.
719 2153 727 2172 :
751 2142 864 2179 traieci,
885 2141 1036 2180 rhythmo
1049 2141 1217 2172 consulens
1305 2147 1340 2172 tu
1356 2142 1414 2172 del.
1434 2142 1515 2172 Reiz

187 2193 250 2224 527
263 2185 348 2225 fort.
369 2185 415 2216 illi
481 2186 615 2224 deperis
635 2185 870 2216 Camerarius:
894 2184 1031 2215 dederis
1049 2185 1114 2216 cod.
1135 2185 1182 2225 (D
1195 2190 1258 2225 pro
1275 2185 1317 2226 P)
1450 2195 1514 2224 529

188 2228 350 2259 moriatur
365 2228 521 2268 Pylades:
547 2229 688 2259 moritur
703 2228 768 2259 cod.
858 2238 918 2259 sua
934 2227 1010 2258 Ital.
1028 2240 1034 2258 ε
1061 2233 1116 2258 tua
1140 2228 1204 2258 cod.
1329 2239 1393 2267 530
1417 2228 1514 2258 nobis

187 2270 244 2302 del.
270 2271 373 2302 Bothe
460 2283 523 2312 534
547 2283 614 2311 quo
638 2277 691 2302 est
707 2271 782 2302 add.
802 2271 843 2312 (Ἴ)
860 2272 924 2302 Leo
1011 2273 1075 2310 536
1098 2273 1200 2311 quoia
1212 2272 1341 2312 Bergk:
1365 2282 1429 2311 qua
1446 2270 1510 2301 cod.

189 2315 224 2354 (i.
247 2315 281 2354 7)
403 2324 465 2354 547
491 2317 646 2346 ulnorum
665 2316 824 2354 (marum,
845 2316 1001 2353 -morum')
1018 2315 1105 2346 codd.
1122 2315 1227 2346 Nons'z'
1239 2318 1321 2347 262:
1349 2316 1513 2345 ulmorum

189 2357 254 2390 cod.
343 2358 426 2390 sreci
442 2359 507 2391 cod.
529 2361 621 2401 (corr.
633 2358 702 2400 PE)
792 2358 953 2390 uirtutem
970 2358 1134 2390 ulmorum
1151 2359 1237 2398 fregi
1254 2358 1319 2389 Leo
