1814 2723
225 62 294 99 IV.
318 61 364 98 iii
741 59 787 95 T.
821 56 1001 95 MACCI
1034 54 1236 92 PLAVTI

257 214 300 251 iii
576 209 837 245 ERorivM
951 201 1399 240 MENAECHMvsI

323 299 398 336 ER.
431 295 531 345 Quis
552 294 615 332 hic
636 307 699 331 me
720 291 899 342 quaerit?
956 292 1071 328 MEN.
1103 288 1177 327 sibi
1197 288 1380 327 inimicus
1400 286 1513 337 magi'
1533 299 1652 337 quarn
1672 290 1738 335 675

1415 352 1532 391 aetati
1551 359 1653 390 tuae.

327 429 403 466 ER.
434 426 489 464 mi
519 425 794 470 Menaechme,
821 436 894 472 qur
921 428 1013 460 ante
1041 420 1150 458 aedis
1179 421 1311 458 astas?
1349 431 1512 468 sequere
1541 417 1655 455 intro.

1383 484 1498 520 MEN.
1529 495 1656 519 mane.

330 556 413 595 scin
441 555 536 606 quid
564 560 621 592 est
649 554 757 603 quod
784 565 857 601 ego
883 552 934 589 ad
962 557 1000 588 te
1027 549 1175 588 uenio?
1232 550 1307 586 ER.
1340 547 1433 594 scio,
1455 554 1498 584 ut
1522 545 1592 584 tibi
1613 559 1659 584 ex

1373 626 1437 650 me
1457 611 1505 650 sit
1525 612 1658 661 uolup.

332 687 446 724 ΜΕΝ.
491 684 614 722 immo
652 682 794 732 edepol
834 682 977 731 pallam
1011 679 1129 725 illam,
1166 677 1310 716 amabo
1348 684 1398 723 te,
1434 689 1552 726 quam
1590 674 1661 712 tibi

1383 743 1535 780 dudum
1556 739 1659 786 dedi,

296 833 312 865 5
333 815 430 855 mihi
451 829 538 854 eam
558 815 693 854 redde.
750 826 847 851 uxor
873 810 1030 850 resciuit
1056 823 1138 849 rem
1159 821 1331 855 omnem,
1355 814 1398 845 ut
1423 808 1570 845 factum
1590 812 1659 852 est,

1513 870 1663 910 ordine.

334 959 407 996 ego
429 945 499 984 tibi
521 943 712 983 redimam
733 942 794 981 bis
815 949 923 980 tanta
942 940 1062 991 pluris
1083 941 1227 990 pallam
1249 952 1367 989 quam
1389 939 1512 977 uoles.
1684 941 1753 976 680

339 1014 416 1051 ER.
446 1010 517 1049 tibi
537 1009 631 1048 dedi
648 1008 833 1058 equidem
851 1007 968 1053 illam,
988 1007 1038 1045 ad
1058 1004 1316 1056 phrygionem
1333 1007 1375 1042 ut
1390 1005 1518 1050 ferres,
1534 1003 1667 1052 paullo

1548 1066 1665 1117 prius,

338 1150 375 1181 et
395 1142 492 1180 illud
513 1140 671 1191 spinter,
694 1145 737 1177 ut
756 1139 808 1177 ad
827 1138 1041 1176 auruficem
1062 1137 1189 1182 ferres,
1212 1142 1255 1173 ut
1274 1136 1383 1173 fieret
1403 1147 1563 1172 nouom.

340 1209 457 1246 ΜΕΝ.
497 1205 593 1244 mihi
627 1212 669 1243 tu
702 1211 745 1243 ut
783 1202 938 1242 dederis
971 1203 1115 1253 pallam
1150 1208 1188 1239 et
1226 1200 1402 1251 spinter?
1452 1212 1669 1249 numquam

1323 1267 1470 1303 facturn
1490 1262 1668 1314 reperies.

285 1353 325 1377 10
344 1351 436 1377 nam
466 1350 540 1388 ego
569 1335 731 1387 quidem
760 1341 971 1384 postquam
1000 1332 1107 1370 illam
1136 1332 1290 1370 dudum
1319 1329 1390 1368 tibi
1419 1328 1524 1376 dedi,
1555 1335 1673 1378 atque

1353 1393 1432 1433 abii
1451 1395 1502 1432 ad
1522 1395 1648 1432 forum
1665 1407 1673 1430 ε

345 1482 451 1507 nunc
471 1468 604 1515 redeo,
625 1478 731 1504 nune
752 1472 789 1503 te
813 1463 992 1515 postillac
1012 1462 1142 1501 uideo.
1203 1463 1279 1499 ER.
1309 1460 1428 1499 uideo
1448 1472 1567 1510 quam
1591 1473 1672 1498 rem
1692 1461 1758 1505 685

1580 1524 1675 1574 agis.

348 1599 439 1650 quia
459 1596 650 1643 commisi,
673 1603 717 1634 ut
736 1609 800 1634 me
820 1594 1015 1640 defrudes,
1037 1594 1088 1631 ad
1108 1605 1196 1631 eam
1216 1605 1298 1630 rem
1318 1591 1492 1629 adfectas
1512 1589 1628 1627 uiam.

350 1668 465 1704 ΜΕΝ.
498 1676 629 1713 neque
648 1662 791 1711 edepol
812 1668 850 1699 te
871 1657 1106 1698 defrudandi
1127 1670 1265 1696 caussa
1284 1669 1407 1707 posco
1428 1655 1541 1706 (quin
1560 1654 1631 1693 tibi

350 1730 441 1770 dico
461 1741 622 1768 uxorem
642 1724 995 1776 resciuisse)—ER.
1028 1736 1101 1761 nec
1121 1730 1160 1760 te
1180 1724 1282 1760 ultro
1302 1721 1410 1760 oraui
1430 1728 1474 1759 ut
1494 1721 1628 1759 dares:

294 1812 330 1843 15
351 1803 435 1835 tute
454 1796 556 1833 ultro
576 1794 627 1831 ad
648 1805 711 1830 me
732 1789 917 1834 detulisti,
940 1787 1085 1827 dedisti
1106 1801 1193 1826 eam
1214 1788 1322 1825 dono
1343 1785 1439 1824 mihi
1456 1800 1464 1833 3

351 1861 519 1900 eandem
540 1871 646 1896 nunc
666 1855 838 1907 reposcis
856 1871 862 1893 :
892 1853 1026 1904 patiar.
1085 1852 1156 1890 tibi
1176 1852 1289 1898 habe,
1313 1852 1430 1897 aufer,
1453 1858 1561 1889 utere
1697 1853 1767 1896 690

351 1927 416 1965 uel
436 1932 478 1963 tu
498 1925 561 1963 uel
582 1930 649 1961 tua
669 1935 778 1969 uxor,
798 1922 861 1959 uel
883 1918 1000 1957 etiam
1021 1917 1061 1956 in
1081 1918 1233 1956 loculos
1254 1915 1506 1966 compingite.

397 2033 461 2070 675
478 2029 528 2060 vel
543 2038 639 2067 mage
706 2025 842 2068 <quist>
852 2036 952 2065 quam
966 2024 1099 2062 Ritschl‚
1115 2025 1168 2054 cui
1181 2033 1280 2063 quam
1302 2022 1306 2060 1
1327 2027 1391 2052 aet.
1406 2020 1545 2061 dzlsplzket
1599 2020 1680 2059 fort.

357 2075 463 2114 magis
480 2074 528 2103 in.
627 2073 693 2110 676
717 2070 781 2101 mei
798 2070 878 2106 cod.‚
898 2073 935 2100 ut
949 2068 1014 2100 vid.
1113 2069 1175 2107 677
1201 2067 1355 2106 uoluptas
1372 2065 1436 2096 cod.
1457 2064 1491 2105 (i.
1512 2066 1546 2103 8,
1570 2074 1602 2104 p.
1623 2064 1680 2105 27)

356 2120 422 2149 680
445 2121 540 2148 tanto
556 2115 628 2145 PCD
646 2115 692 2145 B2
720 2113 792 2154 (sed
816 2115 851 2154 cf.
875 2113 984 2144 Havet
1009 2111 1107 2142 Arclz.
1137 2110 1210 2141 Lat.
1237 2109 1401 2150 Lexz'cogr.
1423 2118 1476 2147 11,
1498 2117 1583 2148 579;
1617 2106 1683 2138 Leo

358 2161 432 2194 ibid.
451 2171 498 2196 12,
515 2160 572 2200 99)
674 2160 734 2188 681
762 2158 821 2189 tibi
836 2157 992 2197 equidem
1010 2156 1087 2186 dedi
1103 2154 1237 2196 Seyffirt
1316 2154 1407 2192 prius
1423 2152 1498 2183 Ital.
1516 2163 1523 2182 :
1549 2152 1600 2182 uis
1616 2151 1682 2182 cod.

358 2207 421 2237 682
445 2204 494 2235 vel
508 2203 584 2234 illuc
682 2204 746 2242 683
771 2206 806 2232 ut
823 2207 857 2233 tu
874 2201 906 2231 Β
983 2199 1136 2239 reperies
1153 2197 1340 2228 Priscianus
1360 2207 1386 2234 1,
1411 2206 1467 2236 151
1482 2207 1489 2234 ;
1524 2195 1685 2226 releceris

359 2249 423 2281 cod.
441 2247 622 2289 (relegeris
639 2245 722 2281 PCD„
743 2246 871 2276 dixeris
887 2243 953 2283 32)
970 2245 1046 2284 (pro
1062 2243 1231 2273 reieceres
1243 2242 1268 2279 2)
1358 2242 1423 2279 685
1442 2240 1518 2270 dost
1534 2239 1609 2270 illac
1620 2238 1684 2269 cod.

362 2294 453 2333 (corr.
473 2290 539 2331 B2)
661 2291 725 2320 686
747 2300 833 2329 quae
849 2288 952 2319 Bothe
998 2294 1020 2304 ¹
1068 2287 1132 2326 689
1155 2284 1295 2316 tetulisti
1312 2283 1445 2323 Rz'tsclzl‚
1466 2293 1548 2313 nam
1565 2282 1686 2313 dedisti

360 2336 498 2376 displicet
519 2335 571 2377 (ef.
592 2336 656 2373 630
678 2333 782 2364 detuli
798 2332 848 2363 Β2
870 2337 931 2372 pro
953 2330 1065 2371 tetuli)
1160 2329 1241 2368 fort.
1267 2328 1414 2359 dedistin
1442 2326 1687 2368 (interrogalz'va

360 2380 490 2419 omnia)
580 2379 646 2417 690
668 2377 755 2407 habe
772 2376 830 2407 tibi
850 2375 982 2406 Gm'elus
1069 2375 1130 2413 691
1157 2371 1283 2402 loculos
1298 2371 1462 2402 Balbach:
1488 2370 1603 2401 oculos
1619 2368 1684 2400 cod.
