1814 2723
145 68 261 95 PROL.

224 179 263 212 25

224 512 266 542 30

222 1161 264 1192 40

224 1488 265 1521 45

225 1808 266 1840 50

250 2243 259 2253 κ

699 56 746 94 Τ.
778 54 958 94 MACCI
989 53 1193 92 PLAVTI

284 174 326 205 ut
346 169 388 206 fit
407 167 447 206 in
468 169 582 214 bello,
605 166 755 216 capitur
774 166 870 204 alter
889 165 1002 203 filius.

282 233 459 271 medicus
482 233 720 270 Menarchus
741 230 835 269 emit
854 230 1004 269 ibidem
1024 230 1065 268 in
1085 229 1211 269 Alide.

281 298 411 349 coepit
430 298 607 349 captiuos
628 295 882 335 commercari
902 296 967 334 hic
986 298 1118 343 Aleos,

282 364 312 403 si
333 378 451 415 quern
473 363 638 414 reperire
658 370 791 413 posset
812 361 879 411 qui
901 369 1024 400 mutet
1044 375 1168 407 suom,

283 431 393 468 illum
414 429 612 479 captiuom
631 444 637 465 :
667 429 772 465 hunc
794 441 906 465 suom
928 440 1013 465 esse
1033 426 1157 465 nescit
1178 426 1244 477 qui
1264 424 1419 465 domist.

286 503 324 534 et
345 495 532 545 quoniam
554 493 636 532 heri
657 492 879 531 indaudiuit
900 493 950 530 de
970 505 1126 530 summo
1147 493 1236 530 loco

285 573 521 609 summoque
541 571 682 608 genere
703 564 862 607 captum
884 570 969 595 esse
989 556 1162 606 equitem
1188 556 1192 606 Ι
1220 557 1376 604 Aleum,

283 624 336 662 nil
357 623 482 674 pretio
502 622 630 673 parsit,
654 622 735 660 filio
756 623 851 660 dum
873 628 1047 671 parceret
1065 636 1071 658 :

282 687 532 727 reconciliare
552 695 594 725 ut
615 686 765 725 facilius
784 693 917 736 posset
938 687 1116 733 domum,

284 753 378 792 emit
397 754 504 791 hosc’
525 753 574 791 de
594 753 739 802 praeda
757 753 898 790 ambos
918 752 968 790 de
988 750 1270 800 quaestoribus.

246 853 260 862 ν
284 818 391 857 hisce
410 825 542 856 autem
564 817 663 856 inter
683 831 767 856 sese
788 818 894 855 hunc
914 817 1187 854 confinxerunt
1208 816 1355 862 dolum,

1632 496 1677 531 30

1632 811 1675 848 35

284 898 363 935 quo
384 891 500 933 pacto
520 882 584 921 hic
605 896 739 921 seruos
760 895 873 920 suom
895 895 1003 920 erum
1025 880 1117 918 hinc
1138 879 1290 918 amittat
1309 880 1484 917 domum,

281 949 413 999 itaque
433 948 534 987 inter
553 962 594 986 se
615 954 861 986 commutant
882 954 1033 984 uestem
1055 952 1093 983 et
1113 944 1300 991 nomina3

282 1014 359 1052 illic
379 1020 543 1053 uocatur
564 1013 815 1059 Philocrates,
839 1012 903 1050 hic
923 1012 1130 1061 Tyndarus
1147 1025 1153 1047 :

282 1078 398 1117 huius
418 1078 506 1124 11116,
529 1078 593 1116 hic
613 1078 715 1116 illius
735 1076 854 1116 hodie
874 1078 946 1115 fert
965 1075 1187 1126 imaginem.

283 1152 320 1182 et
341 1143 405 1182 hic
426 1143 546 1182 hodie
567 1142 747 1193 expediet
768 1144 870 1181 hanc
891 1143 1008 1181 docte
1032 1140 1234 1187 fallaciam,

283 1216 321 1247 et
342 1222 455 1247 suom
476 1222 585 1247 erum
606 1207 722 1246 faciet
741 1207 929 1246 libertatis
950 1213 1187 1256 compotem,

283 1275 506 1323 eodemque
526 1280 642 1324 pacto
663 1274 819 1311 fratrem
840 1271 1011 1311 seruabit
1032 1285 1145 1310 suom

283 1340 549 1388 reducemque
565 1338 681 1377 faciet
701 1337 867 1376 liberum
888 1337 927 1375 in
948 1336 1112 1386 patriam
1133 1337 1184 1375 ad
1204 1342 1353 1386 patrem

284 1404 499 1454 inprudens
517 1419 523 1440 :
553 1403 689 1442 itidem
711 1410 753 1441 ut
773 1416 890 1453 saepe
910 1402 987 1441 iam
1009 1402 1049 1440 in
1070 1401 1201 1440 multis
1221 1400 1318 1440 locis

284 1471 371 1520 plus
392 1469 561 1508 insciens
583 1469 669 1519 quis
690 1468 781 1507 fecit
802 1482 920 1518 quarn
942 1469 1113 1518 prudens
1134 1466 1240 1505 boni.

284 1536 354 1573 sed
374 1534 584 1573 inscientes
605 1547 675 1572 sua
695 1533 769 1572 sibi
790 1532 941 1571 fallacia

282 1601 336 1639 ita
355 1601 631 1650 compararunt
651 1606 689 1638 et
710 1600 984 1638 confinxerunt
1004 1599 1140 1636 dolum

283 1666 416 1716 itaque
436 1665 477 1703 hi
497 1664 711 1704 commenti
732 1666 782 1704 de
802 1678 876 1709 sua
890 1663 1085 1703 sententia

286 1738 327 1769 ut
348 1730 387 1769 in
408 1730 595 1769 seruitute
615 1730 679 1768 hic
698 1731 750 1769 ad
770 1744 884 1769 suom
906 1736 1063 1768 maneat
1082 1735 1231 1779 patrem
1249 1742 1256 1765 :

286 1796 339 1834 ita
358 1810 464 1834 nunc
483 1796 666 1846 ignorans
687 1809 759 1834 suo
779 1795 853 1835 sibi
874 1794 992 1834 seruit
1012 1794 1109 1845 patri
1125 1809 1134 1841 3

285 1861 516 1901 homunculi
537 1861 672 1912 quanti
693 1869 793 1909 sunt,
818 1875 939 1911 quom
960 1860 1132 1911 recogito
1149 1862 1155 1897 1

285 1929 382 1965 haec
403 1941 462 1965 res
482 1934 617 1976 agetur
638 1927 764 1974 nobis,
787 1926 901 1965 uobis
922 1926 1064 1964 fabula.

285 1993 355 2031 sed
376 1991 492 2030 etiam
514 1999 572 2030 est
593 1992 728 2042 paucis
750 2005 821 2031 uos
843 1992 952 2042 quod
974 1989 1144 2029 monitos
1165 1986 1367 2028 uoluerim.

287 2058 463 2108 profecto
483 2057 665 2108 expediet
685 2057 841 2096 fabulae
861 2056 953 2094 huic
973 2068 1133 2106 operam
1153 2055 1245 2093 dare
1262 2069 1268 2092 :

1631 1142 1680 1176 40

1633 1466 1676 1502 45

333 2164 374 2193 28
398 2162 504 2201 possit
530 2161 611 2192 Reiz
700 2161 757 2201 qui
782 2160 925 2191 Parcus:
960 2170 1035 2190 cum
1067 2169 1133 2198 quo
1164 2156 1228 2188 cod.
1262 2156 1304 2197 (v.
1337 2155 1372 2196 2)
1400 2155 1450 2196 (cs.
1479 2166 1506 2186 v.
1541 2153 1618 2195 101)

288 2216 331 2245 30
354 2205 434 2236 inde
465 2206 593 2236 audiuit
625 2204 689 2235 cod.
724 2205 758 2243 (i.
795 2204 829 2245 7)
971 2213 1009 2242 31
1026 2202 1107 2242 fort.
1139 2201 1308 2241 captiuom
1341 2200 1393 2239 (cf.
1427 2198 1520 2240 Epid,
1554 2200 1617 2237 564

287 2250 455 2322 captiuarZ
470 2254 532 2289 pro
553 2252 683 2288 captam
708 2248 753 2288 Β)
889 2257 930 2286 34
955 2257 973 2276 6
999 2256 1048 2285 pr.
1076 2246 1115 2286 (ἵ)
1139 2243 1354 2275 studemund

287 2297 378 2323 uault
396 2303 429 2322 co
455 2315 461 2323 .
980 2299 1003 2309 ι

1483 2252 1525 2281 42
1547 2251 1618 2272 ser-
