1742 2718
680 48 998 87 MERCATOR
1454 50 1499 85 V.
1523 49 1551 84 ii

483 161 779 197 Evrvcnvs
890 161 1189 199 CHAales
1522 162 1551 198 ii

175 226 246 262 Ev.
276 225 423 263 Diuom
443 232 561 275 atque
582 224 789 263 hominum
811 237 912 274 quae
933 224 1119 275 speratrix
1137 232 1257 275 atque
1277 239 1342 263 era
1361 226 1500 263 eadem

1198 302 1238 326 es
1260 288 1499 333 hominibus,

172 368 282 404 spem
304 362 497 404 speratam
519 367 639 403 quom
661 353 837 403 optulisti
858 354 960 391 hanc
981 352 1077 391 mihi
1097 352 1213 402 gratis
1233 366 1318 402 ago.

172 418 400 468 ecquisnam
421 420 518 457 deus
539 426 597 456 est
618 417 685 468 qui
707 431 795 456 mea
815 431 921 456 nunc
942 419 1066 456 laetus
1086 417 1232 455 laetitia
1252 418 1363 455 fuat?

85 488 150 531 845
172 483 281 522 domi
302 484 381 522 erat
402 484 509 533 quod
532 482 826 533 quaeritabam:
857 496 923 521 sex
943 482 1089 521 sodalis
1110 481 1273 532 repperi,

172 547 303 594 uitam,
326 547 550 594 amicitiam,
574 547 786 593 ciuitatem,
810 547 1008 593 laetitiam,
1032 548 1180 594 ludum,
1204 547 1362 594 iocum3
1523 565 1538 596 5

171 628 305 653 eorum
327 614 490 652 inuentu
511 627 572 653 res
593 613 725 652 simitu
747 627 950 663 pessumas
971 627 1128 662 pessum
1151 613 1256 660 dedi,

170 678 277 725 iram,
301 678 555 726 inimicitiam,
578 691 808 724 maerorem,
831 679 1034 724 lacrumas,
1057 677 1247 724 exsilium,
1270 677 1457 728 inopiam,

171 743 435 789 solitudinem,
459 743 675 789 stultitiam,
699 742 870 789 exitium,
893 742 1162 793 pertinaciam.

84 814 104 848 8
110 822 152 858 50
169 809 271 855 date,
294 808 346 855 di,
368 822 515 858 quaeso
536 807 808 846 cdnueniundi
830 807 926 845 mihi
947 807 1030 847 eius
1049 809 1217 847 celerem
1238 807 1405 859 copiam.

170 874 248 912 CH.
273 880 482 923 apparatus
502 886 590 911 sum
610 880 653 911 ut
673 872 817 912 uidetis
834 888 841 911 ε
870 873 1000 912 abicio
1020 873 1244 924 superbiam
1259 888 1269 921 ;
1520 890 1558 912 10

169 945 325 989 egomet
346 937 441 976 mihi
461 951 607 985 comes,
631 939 787 984 calator,
811 951 947 988 equos,
969 952 1098 989 agaso,
1127 937 1131 985 Ι
1157 938 1332 989 armiger,

170 1009 326 1052 egomet
346 1016 432 1040 sum
453 1002 550 1041 mihi
570 1003 792 1053 imperator,
816 1003 921 1042 idem
943 1011 1099 1054 egomet
1120 1003 1216 1042 mihi
1236 1003 1420 1051 oboedio,

171 1074 326 1117 egomet
346 1066 442 1105 mihi
463 1068 544 1106 fero
565 1069 673 1117 quod
695 1075 816 1106 usust.
876 1083 900 1107 o
921 1068 1092 1118 Cupido,
1115 1076 1285 1119 quantus
1306 1072 1365 1108 es!

83 1138 148 1182 855
170 1145 262 1169 nam
283 1139 324 1170 tu
344 1131 525 1182 quemuis
545 1133 814 1171 confidentem
834 1132 948 1171 facile
969 1133 1044 1171 tuis
1064 1133 1176 1172 factis
1196 1133 1303 1181 facis,

168 1196 340 1235 eundem
361 1210 408 1235 ex
427 1197 653 1236 confidente
673 1204 849 1236 actutum
871 1197 1116 1237 diffidentem
1137 1199 1280 1237 denuo.
1517 1214 1556 1247 15

170 1263 242 1300 Ev.
273 1261 404 1313 cogito
437 1276 611 1313 quonam
646 1276 720 1314 ego
753 1263 863 1303 illum
897 1277 1049 1303 curram
1083 1264 1355 1314 quaeritatum.
1416 1266 1493 1305 CH.

1296 1337 1401 1369 certa
1420 1337 1497 1369 rest

169 1406 232 1432 me
252 1406 377 1444 usque
397 1407 582 1444 quaerere
603 1393 710 1433 illam
730 1407 894 1445 quoquo
914 1396 1007 1434 hinc
1025 1395 1235 1435 abductast
1255 1395 1431 1445 gentium
1446 1411 1457 1443 ;

167 1471 297 1508 neque
317 1458 414 1496 mihi
434 1460 513 1497 ulla
533 1458 698 1509 opsistet
717 1460 844 1498 amnis
866 1473 939 1498 nec
955 1473 1070 1498 mons
1090 1472 1221 1510 neque
1240 1461 1343 1499 adeo
1363 1474 1470 1500 mare

77 1527 148 1564 860
166 1537 240 1562 nec
260 1524 366 1562 calor
385 1537 459 1562 nec
481 1523 599 1574 frigus
616 1530 752 1563 metuo
768 1537 898 1574 neque
914 1531 1078 1563 uentum
1094 1538 1224 1575 neque
1239 1525 1471 1575 grandinem
1486 1541 1497 1575 3

166 1588 332 1627 imbrem
353 1588 557 1639 perpetiar,
580 1589 756 1628 laborem
777 1590 970 1636 sufferam,
993 1590 1129 1636 solem,
1152 1588 1281 1637 sitim;
1518 1604 1556 1626 20

167 1667 248 1692 non
268 1654 486 1692 concedam
508 1667 638 1704 neque
659 1653 862 1704 quiescam
882 1655 1051 1704 usquam
1070 1661 1192 1693 noctu
1213 1668 1343 1706 neque
1363 1655 1452 1695 dius

166 1717 263 1768 priu'
283 1719 460 1769 profecto
480 1731 599 1768 quam
619 1726 687 1757 aut
706 1718 875 1757 amicam
895 1725 963 1757 aut
983 1726 1150 1758 mortem
1171 1719 1470 1771 inuestigauero.

168 1784 241 1821 Ev.
273 1783 528 1834 nescioquoia
548 1796 626 1822 uox
645 1785 696 1823 ad
716 1784 819 1823 auris
840 1783 894 1822 mi
914 1783 1128 1823 aduolauit.
1188 1785 1266 1824 CH.
1298 1785 1444 1826 inuoco

80 1854 146 1899 865
167 1862 249 1896 uos,
273 1850 392 1887 Lares
413 1848 545 1897 uiales,
567 1856 610 1887 ut
631 1862 694 1888 me
714 1849 817 1888 bene
837 1849 981 1888 tutetis.
1041 1851 1114 1887 EV.
1148 1849 1348 1900 Iuppiter!

208 1953 282 1991 842,
301 1953 365 1991 843
393 1951 446 1994 (cf.
473 1962 525 1984 vv.
558 1948 672 1991 59801‘)
697 1951 754 1983 del.
782 1951 886 1983 Bothe
1029 1953 1092 1991 842
1118 1953 1311 1993 superatrix
1337 1953 1493 1986 Ribbeck.

164 1995 616 2027 seruatrichdslob(L1'ter
632 1994 801 2026 Centralbl.
824 1996 917 2035 1895,
938 2006 970 2035 p.
992 1997 1089 2036 1761)
1189 1997 1342 2028 omnibus
1359 1998 1497 2030 Ribbeck

163 2040 228 2078 843
253 2048 352 2078 quam
365 2039 431 2070 cod.
477 2038 673 2081 mihi<tibi>
683 2038 752 2070 edd.
769 2039 864 2081 (exv.
876 2037 973 2079 598b)
1019 2040 1083 2079 844
1101 2040 1160 2071 fiat
1172 2040 1245 2081 (fiet
1255 2040 1303 2079 B)
1317 2041 1381 2072 cod.
1399 2043 1444 2082 <v
1459 2043 1495 2081 7)

163 2084 227 2122 847
253 2083 395 2114 inuentu
413 2093 467 2113 res
479 2082 712 2114 Camerarius:
737 2082 938 2113 inuenturus
957 2082 1060 2123 (PCD)
1074 2083 1123 2113 vel
1140 2083 1285 2115 inuentu
1301 2089 1331 2115 st
1348 2085 1409 2125 (B)
1427 2085 1491 2117 cod.

164 2127 230 2165 849
248 2129 325 2166 post
334 2126 457 2158 huncv.
469 2125 624 2156 lacunam
635 2126 718 2166 sign.
731 2124 857 2156 Ritschl
914 2128 980 2165 850
1000 2126 1050 2156 vel
1068 2126 1111 2156 mi
1182 2128 1247 2167 852
1264 2138 1366 2167 agaso
1376 2127 1495 2172 (sum)

165 2169 293 2200 thschl
377 2170 440 2209 857
465 2180 520 2201 res
535 2169 596 2200 alii
605 2168 655 2208 (cs.
668 2168 750 2201 adv.
763 2169 843 2208 847)
933 2170 997 2209 859
1020 2169 1164 2202 obstabit
1181 2171 1210 2212 (·
1213 2172 1277 2212 uit)
1294 2171 1382 2204 codd.
1393 2171 1498 2203 Noniz

166 2222 225 2252 191
295 2217 396 2253 atque
408 2213 495 2245 adeo
505 2212 593 2244 codd.
604 2212 708 2243 Nonn
799 2213 864 2243 860
887 2213 978 2244 calos
993 2213 1027 2253 (i.
1041 2224 1064 2244 e.
1080 2213 1188 2252 calus)
1203 2213 1378 2246 Gandino:
1401 2215 1494 2247 calor

166 2257 174 2273 ‘
179 2257 310 2297 generis
335 2257 460 2287 neutri'
490 2260 629 2288 testatur
656 2255 787 2287 Nonius
811 2266 876 2287 200
993 2267 1105 2296 neque
1130 2257 1235 2297 frigus
1264 2269 1375 2298 neque
1402 2260 1493 2290 calor

161 2299 258 2331 schol.
279 2299 390 2341 Georg.
407 2311 437 2340 2,
456 2310 530 2340 344,
548 2299 636 2331 codd.
655 2299 759 2330 Nonii
783 2299 958 2340 (calorem)
1090 2300 1155 2332 862
1178 2311 1342 2342 nusquam
1363 2302 1491 2334 Habich

163 2343 221 2374 diu
235 2342 368 2375 Nonius
381 2345 425 2384 98
557 2344 621 2383 865
645 2343 751 2375 diales
765 2343 857 2375 codd.
873 2342 978 2374 Nonii
990 2345 1055 2383 476

206 2396 326 2418 ΡιΑντ.
344 2396 356 2418 1
1359 2390 1398 2420 31
