<?xml version="1.0" encoding="UTF-8"?>
<!DOCTYPE html PUBLIC "-//W3C//DTD XHTML 1.0 Transitional//EN"
    "http://www.w3.org/TR/xhtml1/DTD/xhtml1-transitional.dtd">
<html xmlns="http://www.w3.org/1999/xhtml" xml:lang="en" lang="en">
 <head>
  <title>
</title>
<meta http-equiv="Content-Type" content="text/html;charset=utf-8" />
  <meta name='ocr-system' content='tesseract 3.04.00' />
  <meta name='ocr-capabilities' content='ocr_page ocr_carea ocr_par ocr_line ocrx_word'/>
</head>
<body>
  <div class='ocr_page' id='page_1' title='image "./tmacciplauticomo01plauuoft_0329.png"; bbox 0 0 1742 2718; ppageno 0'>
   <div class='ocr_carea' id='block_1_1' title="bbox 670 28 1589 67">
    <p class='ocr_par' dir='ltr' id='par_1_1' title="bbox 670 28 1589 67">
     <span class='ocr_line' id='line_1_1' title="bbox 670 28 1589 67; baseline 0 -1"><span class='ocrx_word' id='word_1_1' title='bbox 670 28 1045 67; x_wconf 89' lang='lat' dir='ltr'>CISTELLARIA</span> <span class='ocrx_word' id='word_1_2' title='bbox 1470 30 1522 66; x_wconf 92' lang='grc' dir='ltr'><strong>ΙΙ.</strong></span> <span class='ocrx_word' id='word_1_3' title='bbox 1545 30 1589 66; x_wconf 85' lang='lat' dir='ltr'><strong>iii</strong></span> 
     </span>
    </p>
   </div>
   <div class='ocr_carea' id='block_1_2' title="bbox 48 138 1590 2014">
    <p class='ocr_par' dir='ltr' id='par_1_2' title="bbox 48 138 1590 2014">
     <span class='ocr_line' id='line_1_2' title="bbox 200 138 1158 190; baseline -0.001 -12"><span class='ocrx_word' id='word_1_4' title='bbox 200 143 271 179; x_wconf 76' lang='lat' dir='ltr'><strong>PH.</strong></span> <span class='ocrx_word' id='word_1_5' title='bbox 305 140 398 190; x_wconf 86' lang='lat' dir='ltr'><strong>quoi</strong></span> <span class='ocrx_word' id='word_1_6' title='bbox 419 140 524 178; x_wconf 91' lang='lat' dir='ltr'><strong>illam</strong></span> <span class='ocrx_word' id='word_1_7' title='bbox 546 139 720 179; x_wconf 80' lang='lat' dir='ltr'><strong>dedisset</strong></span> <span class='ocrx_word' id='word_1_8' title='bbox 741 138 954 189; x_wconf 77' lang='lat' dir='ltr'>exquisisse</span> <span class='ocrx_word' id='word_1_9' title='bbox 976 140 1158 189; x_wconf 88' lang='lat' dir='ltr'><strong>oportuit.</strong></span> 
     </span>
     <span class='ocr_line' id='line_1_3' title="bbox 111 204 1128 257; baseline -0.001 -14"><span class='ocrx_word' id='word_1_10' title='bbox 111 220 175 257; x_wconf 82' lang='lat'><strong>575</strong></span> <span class='ocrx_word' id='word_1_11' title='bbox 198 207 267 243; x_wconf 85' lang='lat' dir='ltr'><strong>LA.</strong></span> <span class='ocrx_word' id='word_1_12' title='bbox 301 204 486 255; x_wconf 87' lang='lat' dir='ltr'><strong>quaesiui,</strong></span> <span class='ocrx_word' id='word_1_13' title='bbox 511 212 549 243; x_wconf 90' lang='lat' dir='ltr'><strong>et</strong></span> <span class='ocrx_word' id='word_1_14' title='bbox 569 204 664 243; x_wconf 81' lang='lat' dir='ltr'>dixit</span> <span class='ocrx_word' id='word_1_15' title='bbox 687 204 878 243; x_wconf 89' lang='lat' dir='ltr'><strong>meretrici</strong></span> <span class='ocrx_word' id='word_1_16' title='bbox 901 204 1128 243; x_wconf 79' lang='lat' dir='ltr'><strong>Melaenidi.</strong></span> 
     </span>
     <span class='ocr_line' id='line_1_4' title="bbox 199 267 1217 321; baseline 0.001 -14"><span class='ocrx_word' id='word_1_17' title='bbox 199 272 280 307; x_wconf 77' lang='lat' dir='ltr'><strong>ME.</strong></span> <span class='ocrx_word' id='word_1_18' title='bbox 315 283 446 307; x_wconf 87' lang='lat' dir='ltr'><strong>meum</strong></span> <span class='ocrx_word' id='word_1_19' title='bbox 467 271 662 308; x_wconf 83' lang='lat' dir='ltr'>elocutust</span> <span class='ocrx_word' id='word_1_20' title='bbox 684 282 842 315; x_wconf 88' lang='lat' dir='ltr'><strong>nomen,</strong></span> <span class='ocrx_word' id='word_1_21' title='bbox 866 268 991 307; x_wconf 89' lang='lat' dir='ltr'><strong>interii</strong></span> <span class='ocrx_word' id='word_1_22' title='bbox 1011 267 1217 321; x_wconf 79' lang='lat' dir='ltr'><strong>&lt;oppido&gt;!</strong></span> 
     </span>
     <span class='ocr_line' id='line_1_5' title="bbox 198 332 1585 387; baseline 0.002 -16"><span class='ocrx_word' id='word_1_23' title='bbox 198 336 268 372; x_wconf 73' lang='lat' dir='ltr'><strong>LA.</strong></span> <span class='ocrx_word' id='word_1_24' title='bbox 301 334 366 372; x_wconf 89' lang='lat' dir='ltr'><strong>ubi</strong></span> <span class='ocrx_word' id='word_1_25' title='bbox 389 335 543 372; x_wconf 89' lang='lat' dir='ltr'><strong>elocuta</strong></span> <span class='ocrx_word' id='word_1_26' title='bbox 564 341 632 380; x_wconf 86' lang='lat' dir='ltr'><strong>est,</strong></span> <span class='ocrx_word' id='word_1_27' title='bbox 657 348 729 384; x_wconf 86' lang='lat' dir='ltr'><strong>ego</strong></span> <span class='ocrx_word' id='word_1_28' title='bbox 750 333 941 372; x_wconf 90' lang='lat' dir='ltr'><strong>continuo</strong></span> <span class='ocrx_word' id='word_1_29' title='bbox 964 332 1117 387; x_wconf 87' lang='lat' dir='ltr'><strong>[anum]</strong></span> <span class='ocrx_word' id='word_1_30' title='bbox 1140 334 1360 385; x_wconf 80' lang='lat' dir='ltr'><strong>interrogo3</strong></span> <span class='ocrx_word' id='word_1_31' title='bbox 1545 355 1585 386; x_wconf 86' lang='lat'><strong>35</strong></span> 
     </span>
     <span class='ocr_line' id='line_1_6' title="bbox 200 398 1297 449; baseline 0.002 -13"><span class='ocrx_word' id='word_1_32' title='bbox 200 399 288 437; x_wconf 86' lang='lat' dir='ltr'><strong>‘ubi</strong></span> <span class='ocrx_word' id='word_1_33' title='bbox 310 398 510 437; x_wconf 87' lang='lat' dir='ltr'><strong>habitat?&#39;</strong></span> <span class='ocrx_word' id='word_1_34' title='bbox 532 399 693 449; x_wconf 87' lang='lat' dir='ltr'><strong>inquam</strong></span> <span class='ocrx_word' id='word_1_35' title='bbox 719 400 842 438; x_wconf 91' lang='lat' dir='ltr'><strong>‘duce</strong></span> <span class='ocrx_word' id='word_1_36' title='bbox 862 413 908 437; x_wconf 91' lang='lat' dir='ltr'><strong>ac</strong></span> <span class='ocrx_word' id='word_1_37' title='bbox 929 400 1156 438; x_wconf 88' lang='lat' dir='ltr'><strong>demonstra</strong></span> <span class='ocrx_word' id='word_1_38' title='bbox 1176 400 1297 438; x_wconf 91' lang='lat' dir='ltr'><strong>mihi.&#39;</strong></span> 
     </span>
     <span class='ocr_line' id='line_1_7' title="bbox 201 464 1527 517; baseline 0.002 -15"><span class='ocrx_word' id='word_1_39' title='bbox 201 468 361 503; x_wconf 84' lang='lat' dir='ltr'><strong>‘auecta</strong></span> <span class='ocrx_word' id='word_1_40' title='bbox 381 471 439 502; x_wconf 90' lang='lat' dir='ltr'><strong>est</strong></span> <span class='ocrx_word' id='word_1_41' title='bbox 453 465 461 481; x_wconf 91' lang='lat'><em>’</em></span> <span class='ocrx_word' id='word_1_42' title='bbox 481 464 609 514; x_wconf 88' lang='lat' dir='ltr'><strong>inquit</strong></span> <span class='ocrx_word' id='word_1_43' title='bbox 629 467 639 484; x_wconf 88' lang='lat'><em>‘</em></span> <span class='ocrx_word' id='word_1_44' title='bbox 653 478 812 514; x_wconf 80' lang='lat' dir='ltr'><strong>peregre</strong></span> <span class='ocrx_word' id='word_1_45' title='bbox 833 465 926 503; x_wconf 87' lang='lat' dir='ltr'><strong>hine</strong></span> <span class='ocrx_word' id='word_1_46' title='bbox 952 465 1197 503; x_wconf 88' lang='lat' dir='ltr'><strong>habitatum.&#39;</strong></span> <span class='ocrx_word' id='word_1_47' title='bbox 1255 467 1338 503; x_wconf 69' lang='lat' dir='ltr'><strong>ME.</strong></span> <span class='ocrx_word' id='word_1_48' title='bbox 1371 466 1527 517; x_wconf 86' lang='lat' dir='ltr'><strong>obsipat</strong></span> 
     </span>
     <span class='ocr_line' id='line_1_8' title="bbox 111 531 1400 580; baseline 0.001 -12"><span class='ocrx_word' id='word_1_49' title='bbox 111 536 179 578; x_wconf 86' lang='lat'><strong>580</strong></span> <span class='ocrx_word' id='word_1_50' title='bbox 196 531 390 579; x_wconf 82' lang='lat' dir='ltr'><strong>aquolam.</strong></span> <span class='ocrx_word' id='word_1_51' title='bbox 452 531 521 567; x_wconf 85' lang='lat' dir='ltr'><strong>LA.</strong></span> <span class='ocrx_word' id='word_1_52' title='bbox 559 532 659 580; x_wconf 87' lang='lat' dir='ltr'><strong>‘quo</strong></span> <span class='ocrx_word' id='word_1_53' title='bbox 680 537 819 569; x_wconf 89' lang='lat' dir='ltr'><strong>auecta</strong></span> <span class='ocrx_word' id='word_1_54' title='bbox 839 538 907 577; x_wconf 90' lang='lat' dir='ltr'><strong>est,</strong></span> <span class='ocrx_word' id='word_1_55' title='bbox 931 544 979 569; x_wconf 92' lang='lat' dir='ltr'><strong>eo</strong></span> <span class='ocrx_word' id='word_1_56' title='bbox 1000 543 1218 580; x_wconf 84' lang='lat' dir='ltr'><strong>sequemur.</strong></span> <span class='ocrx_word' id='word_1_57' title='bbox 1279 531 1400 569; x_wconf 84' lang='lat' dir='ltr'><strong>sicine</strong></span> 
     </span>
     <span class='ocr_line' id='line_1_9' title="bbox 196 594 1136 647; baseline 0.002 -15"><span class='ocrx_word' id='word_1_58' title='bbox 196 594 268 645; x_wconf 85' lang='lat' dir='ltr'><strong>agi’</strong></span> <span class='ocrx_word' id='word_1_59' title='bbox 288 596 440 644; x_wconf 86' lang='lat' dir='ltr'><strong>nugas?</strong></span> <span class='ocrx_word' id='word_1_60' title='bbox 469 594 615 645; x_wconf 90' lang='lat' dir='ltr'><strong>periisti</strong></span> <span class='ocrx_word' id='word_1_61' title='bbox 637 596 777 642; x_wconf 87' lang='lat' dir='ltr'><strong>hercle,</strong></span> <span class='ocrx_word' id='word_1_62' title='bbox 799 594 875 647; x_wconf 73' lang='lat' dir='ltr'><strong>(ni)</strong></span> <span class='ocrx_word' id='word_1_63' title='bbox 986 609 1004 629; x_wconf 62' lang='grc' dir='ltr'><strong>κε</strong></span> <span class='ocrx_word' id='word_1_64' title='bbox 1118 608 1136 628; x_wconf 82' lang='lat'><em>*</em></span> 
     </span>
     <span class='ocr_line' id='line_1_10' title="bbox 306 658 1590 712; baseline 0.002 -17"><span class='ocrx_word' id='word_1_65' title='bbox 306 672 324 693; x_wconf 71' lang='lat'><strong>21&lt;</strong></span> <span class='ocrx_word' id='word_1_66' title='bbox 438 673 455 694; x_wconf 85' lang='lat'><em>*</em></span> <span class='ocrx_word' id='word_1_67' title='bbox 571 674 589 695; x_wconf 85' lang='lat'><em>*</em></span> <span class='ocrx_word' id='word_1_68' title='bbox 619 658 718 712; x_wconf 81' lang='lat' dir='ltr'><strong>&lt;non</strong></span> <span class='ocrx_word' id='word_1_69' title='bbox 740 659 887 711; x_wconf 77' lang='lat' dir='ltr'><strong>hercle)</strong></span> <span class='ocrx_word' id='word_1_70' title='bbox 906 661 983 699; x_wconf 90' lang='lat' dir='ltr'><strong>hoc</strong></span> <span class='ocrx_word' id='word_1_71' title='bbox 1003 662 1119 710; x_wconf 88' lang='lat' dir='ltr'><strong>longe</strong></span> <span class='ocrx_word' id='word_1_72' title='bbox 1139 659 1270 698; x_wconf 87' lang='lat' dir='ltr'><strong>destiti</strong></span> <span class='ocrx_word' id='word_1_73' title='bbox 1546 677 1590 708; x_wconf 89' lang='lat'><strong>40</strong></span> 
     </span>
     <span class='ocr_line' id='line_1_11' title="bbox 197 725 1108 775; baseline 0 -12"><span class='ocrx_word' id='word_1_74' title='bbox 197 725 339 764; x_wconf 90' lang='lat' dir='ltr'><strong>instare</strong></span> <span class='ocrx_word' id='word_1_75' title='bbox 360 738 484 775; x_wconf 91' lang='lat' dir='ltr'><strong>usque</strong></span> <span class='ocrx_word' id='word_1_76' title='bbox 504 726 606 764; x_wconf 93' lang='lat' dir='ltr'><strong>adeo</strong></span> <span class='ocrx_word' id='word_1_77' title='bbox 627 726 756 764; x_wconf 86' lang='lat' dir='ltr'><strong>donec</strong></span> <span class='ocrx_word' id='word_1_78' title='bbox 777 739 817 764; x_wconf 94' lang='lat' dir='ltr'><strong>se</strong></span> <span class='ocrx_word' id='word_1_79' title='bbox 837 725 989 764; x_wconf 91' lang='lat' dir='ltr'><strong>adiurat</strong></span> <span class='ocrx_word' id='word_1_80' title='bbox 1009 739 1108 763; x_wconf 88' lang='lat' dir='ltr'><strong>anus</strong></span> 
     </span>
     <span class='ocr_line' id='line_1_12' title="bbox 198 790 1332 840; baseline 0 -12"><span class='ocrx_word' id='word_1_81' title='bbox 198 790 275 828; x_wconf 91' lang='lat' dir='ltr'><strong>iam</strong></span> <span class='ocrx_word' id='word_1_82' title='bbox 296 790 391 828; x_wconf 88' lang='lat' dir='ltr'><strong>mihi</strong></span> <span class='ocrx_word' id='word_1_83' title='bbox 413 797 640 828; x_wconf 87' lang='lat' dir='ltr'><strong>monstrare.</strong></span> <span class='ocrx_word' id='word_1_84' title='bbox 702 792 775 827; x_wconf 87' lang='lat' dir='ltr'><strong>PH.</strong></span> <span class='ocrx_word' id='word_1_85' title='bbox 808 790 847 828; x_wconf 74' lang='lat' dir='ltr'><strong>at</strong></span> <span class='ocrx_word' id='word_1_86' title='bbox 867 804 948 828; x_wconf 94' lang='lat' dir='ltr'><strong>non</strong></span> <span class='ocrx_word' id='word_1_87' title='bbox 969 790 1128 828; x_wconf 91' lang='lat' dir='ltr'><strong>missam</strong></span> <span class='ocrx_word' id='word_1_88' title='bbox 1149 790 1332 840; x_wconf 85' lang='lat' dir='ltr'><strong>oportuit.</strong></span> 
     </span>
     <span class='ocr_line' id='line_1_13' title="bbox 112 855 1381 905; baseline 0.001 -12"><span class='ocrx_word' id='word_1_89' title='bbox 112 859 175 903; x_wconf 84' lang='lat'><strong>585</strong></span> <span class='ocrx_word' id='word_1_90' title='bbox 199 858 269 894; x_wconf 65' lang='lat' dir='ltr'><strong>LA.</strong></span> <span class='ocrx_word' id='word_1_91' title='bbox 302 863 486 894; x_wconf 88' lang='lat' dir='ltr'><strong>seruatur.</strong></span> <span class='ocrx_word' id='word_1_92' title='bbox 545 857 615 894; x_wconf 90' lang='lat' dir='ltr'><strong>sed</strong></span> <span class='ocrx_word' id='word_1_93' title='bbox 636 855 747 893; x_wconf 84' lang='lat' dir='ltr'><strong>illaec</strong></span> <span class='ocrx_word' id='word_1_94' title='bbox 768 869 809 894; x_wconf 89' lang='lat' dir='ltr'><strong>se</strong></span> <span class='ocrx_word' id='word_1_95' title='bbox 830 857 1030 905; x_wconf 85' lang='lat' dir='ltr'><strong>quandam</strong></span> <span class='ocrx_word' id='word_1_96' title='bbox 1051 856 1157 894; x_wconf 87' lang='lat' dir='ltr'><strong>aibat</strong></span> <span class='ocrx_word' id='word_1_97' title='bbox 1177 855 1381 895; x_wconf 89' lang='lat' dir='ltr'><strong>mulierem</strong></span> 
     </span>
     <span class='ocr_line' id='line_1_14' title="bbox 197 920 1147 971; baseline 0 -12"><span class='ocrx_word' id='word_1_98' title='bbox 197 935 307 959; x_wconf 90' lang='lat' dir='ltr'><strong>suam</strong></span> <span class='ocrx_word' id='word_1_99' title='bbox 328 922 634 959; x_wconf 89' lang='lat' dir='ltr'><strong>beneuolentem</strong></span> <span class='ocrx_word' id='word_1_100' title='bbox 654 921 868 959; x_wconf 88' lang='lat' dir='ltr'><strong>conuenire</strong></span> <span class='ocrx_word' id='word_1_101' title='bbox 889 921 1007 959; x_wconf 87' lang='lat' dir='ltr'><strong>etiam</strong></span> <span class='ocrx_word' id='word_1_102' title='bbox 1031 920 1147 971; x_wconf 90' lang='lat' dir='ltr'><strong>prius,</strong></span> 
     </span>
     <span class='ocr_line' id='line_1_15' title="bbox 197 985 1585 1037; baseline 0.001 -14"><span class='ocrx_word' id='word_1_103' title='bbox 197 999 410 1024; x_wconf 89' lang='lat' dir='ltr'><strong>commune</strong></span> <span class='ocrx_word' id='word_1_104' title='bbox 430 999 601 1035; x_wconf 88' lang='lat' dir='ltr'><strong>quacum</strong></span> <span class='ocrx_word' id='word_1_105' title='bbox 622 985 662 1024; x_wconf 91' lang='lat' dir='ltr'><strong>id</strong></span> <span class='ocrx_word' id='word_1_106' title='bbox 683 994 785 1024; x_wconf 93' lang='lat' dir='ltr'><strong>esset</strong></span> <span class='ocrx_word' id='word_1_107' title='bbox 806 985 881 1024; x_wconf 90' lang='lat' dir='ltr'><strong>sibi</strong></span> <span class='ocrx_word' id='word_1_108' title='bbox 902 986 1114 1037; x_wconf 86' lang='lat' dir='ltr'><strong>negotium.</strong></span> <span class='ocrx_word' id='word_1_109' title='bbox 1545 997 1585 1029; x_wconf 91' lang='lat'><strong>45</strong></span> 
     </span>
     <span class='ocr_line' id='line_1_16' title="bbox 198 1050 1206 1098; baseline 0 -9"><span class='ocrx_word' id='word_1_110' title='bbox 198 1057 236 1089; x_wconf 91' lang='lat' dir='ltr'><strong>et</strong></span> <span class='ocrx_word' id='word_1_111' title='bbox 257 1050 338 1090; x_wconf 91' lang='lat' dir='ltr'><strong>scio</strong></span> <span class='ocrx_word' id='word_1_112' title='bbox 358 1058 575 1089; x_wconf 89' lang='lat' dir='ltr'><strong>uenturam.</strong></span> <span class='ocrx_word' id='word_1_113' title='bbox 634 1053 718 1089; x_wconf 85' lang='lat' dir='ltr'><strong>ME.</strong></span> <span class='ocrx_word' id='word_1_114' title='bbox 751 1065 814 1089; x_wconf 91' lang='lat' dir='ltr'><strong>me</strong></span> <span class='ocrx_word' id='word_1_115' title='bbox 835 1051 1036 1098; x_wconf 83' lang='lat' dir='ltr'><strong>indicabit,</strong></span> <span class='ocrx_word' id='word_1_116' title='bbox 1059 1058 1097 1090; x_wconf 93' lang='lat' dir='ltr'><strong>et</strong></span> <span class='ocrx_word' id='word_1_117' title='bbox 1116 1065 1206 1090; x_wconf 86' lang='lat' dir='ltr'><strong>suas</strong></span> 
     </span>
     <span class='ocr_line' id='line_1_17' title="bbox 48 1115 1137 1164; baseline 0.001 -11"><span class='ocrx_word' id='word_1_118' title='bbox 48 1119 181 1164; x_wconf 84' lang='grc'>589-90</span> <span class='ocrx_word' id='word_1_119' title='bbox 199 1117 250 1154; x_wconf 88' lang='lat' dir='ltr'><strong>ad</strong></span> <span class='ocrx_word' id='word_1_120' title='bbox 270 1129 376 1154; x_wconf 90' lang='lat' dir='ltr'><strong>meas</strong></span> <span class='ocrx_word' id='word_1_121' title='bbox 398 1115 571 1154; x_wconf 79' lang='lat' dir='ltr'><strong>miserias</strong></span> <span class='ocrx_word' id='word_1_122' title='bbox 590 1115 714 1156; x_wconf 84' lang='lat' dir='ltr'><strong>†alias</strong></span> <span class='ocrx_word' id='word_1_123' title='bbox 734 1116 875 1155; x_wconf 88' lang='lat' dir='ltr'><strong>faciem</strong></span> <span class='ocrx_word' id='word_1_124' title='bbox 895 1116 1095 1156; x_wconf 86' lang='lat' dir='ltr'><strong>consciam</strong></span> <span class='ocrx_word' id='word_1_125' title='bbox 1104 1120 1137 1156; x_wconf 92' lang='lat'><strong>†.</strong></span> 
     </span>
     <span class='ocr_line' id='line_1_18' title="bbox 200 1180 1527 1233; baseline 0.001 -15"><span class='ocrx_word' id='word_1_126' title='bbox 200 1182 274 1218; x_wconf 84' lang='lat' dir='ltr'><strong>PH.</strong></span> <span class='ocrx_word' id='word_1_127' title='bbox 306 1180 402 1231; x_wconf 88' lang='lat' dir='ltr'><strong>quid</strong></span> <span class='ocrx_word' id='word_1_128' title='bbox 423 1195 529 1220; x_wconf 91' lang='lat' dir='ltr'><strong>nunc</strong></span> <span class='ocrx_word' id='word_1_129' title='bbox 549 1180 609 1220; x_wconf 88' lang='lat' dir='ltr'><strong>uis</strong></span> <span class='ocrx_word' id='word_1_130' title='bbox 629 1182 756 1221; x_wconf 86' lang='lat' dir='ltr'><strong>facere</strong></span> <span class='ocrx_word' id='word_1_131' title='bbox 775 1183 868 1220; x_wconf 89' lang='lat' dir='ltr'><strong>me?</strong></span> <span class='ocrx_word' id='word_1_132' title='bbox 926 1184 996 1220; x_wconf 86' lang='lat' dir='ltr'><strong>LA.</strong></span> <span class='ocrx_word' id='word_1_133' title='bbox 1029 1182 1131 1220; x_wconf 88' lang='lat' dir='ltr'><strong>intro</strong></span> <span class='ocrx_word' id='word_1_134' title='bbox 1157 1181 1222 1221; x_wconf 84' lang='lat' dir='ltr'><strong>abi</strong></span> <span class='ocrx_word' id='word_1_135' title='bbox 1248 1189 1368 1233; x_wconf 88' lang='lat' dir='ltr'><strong>atque</strong></span> <span class='ocrx_word' id='word_1_136' title='bbox 1394 1182 1527 1220; x_wconf 88' lang='lat' dir='ltr'><strong>animo</strong></span> 
     </span>
     <span class='ocr_line' id='line_1_19' title="bbox 1343 1248 1524 1287; baseline 0 -1"><span class='ocrx_word' id='word_1_137' title='bbox 1343 1248 1452 1286; x_wconf 92' lang='lat' dir='ltr'><strong>bono</strong></span> <span class='ocrx_word' id='word_1_138' title='bbox 1473 1262 1524 1287; x_wconf 91' lang='lat' dir='ltr'><strong>es.</strong></span> 
     </span>
     <span class='ocr_line' id='line_1_20' title="bbox 197 1311 1058 1364; baseline 0.001 -14"><span class='ocrx_word' id='word_1_139' title='bbox 197 1311 256 1350; x_wconf 89' lang='lat' dir='ltr'><strong>uir</strong></span> <span class='ocrx_word' id='word_1_140' title='bbox 276 1313 356 1351; x_wconf 87' lang='lat' dir='ltr'><strong>tuo&#39;</strong></span> <span class='ocrx_word' id='word_1_141' title='bbox 375 1311 407 1350; x_wconf 90' lang='lat' dir='ltr'><strong>si</strong></span> <span class='ocrx_word' id='word_1_142' title='bbox 427 1312 570 1361; x_wconf 87' lang='lat' dir='ltr'><strong>ueniet,</strong></span> <span class='ocrx_word' id='word_1_143' title='bbox 593 1312 685 1352; x_wconf 90' lang='lat' dir='ltr'><strong>iube</strong></span> <span class='ocrx_word' id='word_1_144' title='bbox 705 1312 815 1352; x_wconf 92' lang='lat' dir='ltr'><strong>domi</strong></span> <span class='ocrx_word' id='word_1_145' title='bbox 836 1313 1058 1364; x_wconf 89' lang='lat' dir='ltr'><strong>opperirier,</strong></span> 
     </span>
     <span class='ocr_line' id='line_1_21' title="bbox 197 1377 1588 1429; baseline 0.002 -14"><span class='ocrx_word' id='word_1_146' title='bbox 197 1390 248 1416; x_wconf 91' lang='lat' dir='ltr'><strong>ne</strong></span> <span class='ocrx_word' id='word_1_147' title='bbox 268 1377 308 1415; x_wconf 91' lang='lat' dir='ltr'><strong>in</strong></span> <span class='ocrx_word' id='word_1_148' title='bbox 328 1377 558 1427; x_wconf 81' lang='lat' dir='ltr'><strong>quaestione</strong></span> <span class='ocrx_word' id='word_1_149' title='bbox 579 1378 675 1416; x_wconf 89' lang='lat' dir='ltr'><strong>mihi</strong></span> <span class='ocrx_word' id='word_1_150' title='bbox 696 1378 755 1426; x_wconf 86' lang='lat' dir='ltr'><strong>sit,</strong></span> <span class='ocrx_word' id='word_1_151' title='bbox 778 1378 810 1417; x_wconf 90' lang='lat' dir='ltr'><strong>si</strong></span> <span class='ocrx_word' id='word_1_152' title='bbox 830 1379 927 1429; x_wconf 89' lang='lat' dir='ltr'><strong>quid</strong></span> <span class='ocrx_word' id='word_1_153' title='bbox 947 1393 1038 1418; x_wconf 89' lang='lat' dir='ltr'><strong>eum</strong></span> <span class='ocrx_word' id='word_1_154' title='bbox 1059 1378 1190 1418; x_wconf 82' lang='lat' dir='ltr'><strong>uelim.</strong></span> <span class='ocrx_word' id='word_1_155' title='bbox 1547 1393 1588 1425; x_wconf 80' lang='lat'><strong>50</strong></span> 
     </span>
     <span class='ocr_line' id='line_1_22' title="bbox 198 1442 1421 1494; baseline 0 -13"><span class='ocrx_word' id='word_1_156' title='bbox 198 1456 271 1493; x_wconf 90' lang='lat' dir='ltr'><strong>ego</strong></span> <span class='ocrx_word' id='word_1_157' title='bbox 290 1443 341 1481; x_wconf 89' lang='lat' dir='ltr'><strong>ad</strong></span> <span class='ocrx_word' id='word_1_158' title='bbox 361 1442 481 1481; x_wconf 73' lang='lat' dir='ltr'><strong>anum</strong></span> <span class='ocrx_word' id='word_1_159' title='bbox 502 1457 657 1481; x_wconf 85' lang='lat' dir='ltr'><strong>recurro</strong></span> <span class='ocrx_word' id='word_1_160' title='bbox 677 1457 821 1482; x_wconf 88' lang='lat' dir='ltr'><strong>rusum.</strong></span> <span class='ocrx_word' id='word_1_161' title='bbox 881 1446 956 1482; x_wconf 86' lang='lat' dir='ltr'><strong>PH.</strong></span> <span class='ocrx_word' id='word_1_162' title='bbox 990 1443 1221 1494; x_wconf 82' lang='lat' dir='ltr'><strong>Lampadio,</strong></span> <span class='ocrx_word' id='word_1_163' title='bbox 1243 1456 1421 1493; x_wconf 85' lang='lat' dir='ltr'><strong>opsecro,</strong></span> 
     </span>
     <span class='ocr_line' id='line_1_23' title="bbox 112 1509 1231 1559; baseline 0.001 -13"><span class='ocrx_word' id='word_1_164' title='bbox 112 1520 176 1557; x_wconf 84' lang='lat'><strong>595</strong></span> <span class='ocrx_word' id='word_1_165' title='bbox 198 1522 299 1547; x_wconf 77' lang='lat' dir='ltr'><strong>cura,</strong></span> <span class='ocrx_word' id='word_1_166' title='bbox 360 1510 431 1546; x_wconf 85' lang='lat' dir='ltr'><strong>LA.</strong></span> <span class='ocrx_word' id='word_1_167' title='bbox 462 1510 678 1559; x_wconf 90' lang='lat' dir='ltr'><strong>perfectum</strong></span> <span class='ocrx_word' id='word_1_168' title='bbox 700 1523 773 1559; x_wconf 89' lang='lat' dir='ltr'><strong>ego</strong></span> <span class='ocrx_word' id='word_1_169' title='bbox 793 1510 871 1548; x_wconf 92' lang='lat' dir='ltr'><strong>hoc</strong></span> <span class='ocrx_word' id='word_1_170' title='bbox 891 1510 997 1548; x_wconf 87' lang='lat' dir='ltr'><strong>dabo</strong></span> <span class='ocrx_word' id='word_1_171' title='bbox 1017 1509 1231 1559; x_wconf 86' lang='lat' dir='ltr'><strong>negotium.</strong></span> 
     </span>
     <span class='ocr_line' id='line_1_24' title="bbox 198 1572 1526 1624; baseline 0.001 -13"><span class='ocrx_word' id='word_1_172' title='bbox 198 1575 272 1611; x_wconf 86' lang='lat' dir='ltr'><strong>PH.</strong></span> <span class='ocrx_word' id='word_1_173' title='bbox 295 1574 391 1612; x_wconf 91' lang='lat' dir='ltr'><strong>deos</strong></span> <span class='ocrx_word' id='word_1_174' title='bbox 412 1572 529 1623; x_wconf 77' lang='lat' dir='ltr'><strong>teque</strong></span> <span class='ocrx_word' id='word_1_175' title='bbox 549 1575 803 1624; x_wconf 76' lang='lat' dir='ltr'><strong>spero.——LA.</strong></span> <span class='ocrx_word' id='word_1_176' title='bbox 827 1575 989 1613; x_wconf 93' lang='lat' dir='ltr'><strong>eosdem</strong></span> <span class='ocrx_word' id='word_1_177' title='bbox 1010 1574 1196 1624; x_wconf 84' lang='lat' dir='ltr'><strong>ego-uti</strong></span> <span class='ocrx_word' id='word_1_178' title='bbox 1215 1575 1334 1613; x_wconf 87' lang='lat' dir='ltr'><strong>abeas</strong></span> <span class='ocrx_word' id='word_1_179' title='bbox 1350 1575 1526 1613; x_wconf 90' lang='lat' dir='ltr'><strong>domum.</strong></span> 
     </span>
     <span class='ocr_line' id='line_1_25' title="bbox 199 1639 1529 1689; baseline 0.002 -13"><span class='ocrx_word' id='word_1_180' title='bbox 199 1641 283 1676; x_wconf 84' lang='grc' dir='ltr'><strong>ΜΕ.</strong></span> <span class='ocrx_word' id='word_1_181' title='bbox 312 1640 555 1686; x_wconf 88' lang='lat' dir='ltr'><strong>adulescens,</strong></span> <span class='ocrx_word' id='word_1_182' title='bbox 577 1646 661 1677; x_wconf 87' lang='lat' dir='ltr'><strong>asta</strong></span> <span class='ocrx_word' id='word_1_183' title='bbox 679 1646 799 1689; x_wconf 87' lang='lat' dir='ltr'><strong>atque</strong></span> <span class='ocrx_word' id='word_1_184' title='bbox 818 1639 922 1678; x_wconf 87' lang='lat' dir='ltr'><strong>audi.</strong></span> <span class='ocrx_word' id='word_1_185' title='bbox 982 1641 1053 1677; x_wconf 85' lang='lat' dir='ltr'><strong>LA.</strong></span> <span class='ocrx_word' id='word_1_186' title='bbox 1081 1653 1183 1686; x_wconf 86' lang='lat' dir='ltr'><strong>men,</strong></span> <span class='ocrx_word' id='word_1_187' title='bbox 1207 1639 1355 1687; x_wconf 80' lang='lat' dir='ltr'><strong>mulier,</strong></span> <span class='ocrx_word' id='word_1_188' title='bbox 1379 1641 1529 1678; x_wconf 88' lang='lat' dir='ltr'><strong>uocas?</strong></span> 
     </span>
     <span class='ocr_line' id='line_1_26' title="bbox 200 1704 1587 1755; baseline 0.001 -13"><span class='ocrx_word' id='word_1_189' title='bbox 200 1706 283 1742; x_wconf 76' lang='lat' dir='ltr'><strong>ME.</strong></span> <span class='ocrx_word' id='word_1_190' title='bbox 316 1711 363 1743; x_wconf 89' lang='lat' dir='ltr'><strong>te.</strong></span> <span class='ocrx_word' id='word_1_191' title='bbox 423 1706 494 1742; x_wconf 90' lang='lat' dir='ltr'><strong>LA.</strong></span> <span class='ocrx_word' id='word_1_192' title='bbox 527 1704 624 1754; x_wconf 89' lang='lat' dir='ltr'><strong>quid</strong></span> <span class='ocrx_word' id='word_1_193' title='bbox 657 1704 789 1755; x_wconf 89' lang='lat' dir='ltr'><strong>negoti</strong></span> <span class='ocrx_word' id='word_1_194' title='bbox 828 1706 915 1744; x_wconf 89' lang='lat' dir='ltr'><strong>est?</strong></span> <span class='ocrx_word' id='word_1_195' title='bbox 952 1718 1044 1743; x_wconf 88' lang='lat' dir='ltr'><strong>nam</strong></span> <span class='ocrx_word' id='word_1_196' title='bbox 1078 1711 1294 1755; x_wconf 86' lang='lat' dir='ltr'><strong>occupatus</strong></span> <span class='ocrx_word' id='word_1_197' title='bbox 1328 1719 1415 1743; x_wconf 89' lang='lat' dir='ltr'><strong>sum</strong></span> <span class='ocrx_word' id='word_1_198' title='bbox 1449 1719 1528 1743; x_wconf 89' lang='lat' dir='ltr'><strong>am·</strong></span> <span class='ocrx_word' id='word_1_199' title='bbox 1547 1721 1587 1754; x_wconf 87' lang='lat'><strong>55</strong></span> 
     </span>
     <span class='ocr_line' id='line_1_27' title="bbox 1401 1770 1524 1821; baseline 0 -12"><span class='ocrx_word' id='word_1_200' title='bbox 1401 1770 1524 1821; x_wconf 89' lang='lat' dir='ltr'><strong>pliter.</strong></span> 
     </span>
     <span class='ocr_line' id='line_1_28' title="bbox 200 1834 1425 1885; baseline 0.001 -12"><span class='ocrx_word' id='word_1_201' title='bbox 200 1836 283 1873; x_wconf 73' lang='lat' dir='ltr'><strong>ME.</strong></span> <span class='ocrx_word' id='word_1_202' title='bbox 316 1834 403 1884; x_wconf 88' lang='lat' dir='ltr'><strong>quis</strong></span> <span class='ocrx_word' id='word_1_203' title='bbox 424 1834 510 1874; x_wconf 90' lang='lat' dir='ltr'><strong>istic</strong></span> <span class='ocrx_word' id='word_1_204' title='bbox 530 1835 710 1874; x_wconf 86' lang='lat' dir='ltr'><strong>habitat?</strong></span> <span class='ocrx_word' id='word_1_205' title='bbox 768 1837 839 1874; x_wconf 86' lang='lat' dir='ltr'><strong>LA.</strong></span> <span class='ocrx_word' id='word_1_206' title='bbox 874 1835 1076 1885; x_wconf 90' lang='lat' dir='ltr'><strong>Demipho</strong></span> <span class='ocrx_word' id='word_1_207' title='bbox 1097 1834 1283 1874; x_wconf 90' lang='lat' dir='ltr'><strong>dominus</strong></span> <span class='ocrx_word' id='word_1_208' title='bbox 1303 1849 1425 1875; x_wconf 90' lang='lat' dir='ltr'><strong>meus.</strong></span> 
     </span>
     <span class='ocr_line' id='line_1_29' title="bbox 112 1899 1191 1950; baseline -0.001 -11"><span class='ocrx_word' id='word_1_209' title='bbox 112 1904 182 1939; x_wconf 88' lang='lat'><strong>600</strong></span> <span class='ocrx_word' id='word_1_210' title='bbox 201 1901 283 1937; x_wconf 82' lang='grc' dir='ltr'><strong>ΜΕ.</strong></span> <span class='ocrx_word' id='word_1_211' title='bbox 316 1913 460 1949; x_wconf 91' lang='lat' dir='ltr'><strong>nempe</strong></span> <span class='ocrx_word' id='word_1_212' title='bbox 480 1899 566 1938; x_wconf 90' lang='lat' dir='ltr'><strong>istic</strong></span> <span class='ocrx_word' id='word_1_213' title='bbox 586 1907 644 1939; x_wconf 92' lang='lat' dir='ltr'><strong>est</strong></span> <span class='ocrx_word' id='word_1_214' title='bbox 665 1899 732 1950; x_wconf 90' lang='lat' dir='ltr'><strong>qui</strong></span> <span class='ocrx_word' id='word_1_215' title='bbox 753 1899 1050 1939; x_wconf 89' lang='lat' dir='ltr'><strong>Alcesimarcho</strong></span> <span class='ocrx_word' id='word_1_216' title='bbox 1070 1899 1191 1938; x_wconf 87' lang='lat' dir='ltr'><strong>filiam</strong></span> 
     </span>
     <span class='ocr_line' id='line_1_30' title="bbox 199 1964 1033 2014; baseline 0.001 -12"><span class='ocrx_word' id='word_1_217' title='bbox 199 1978 310 2002; x_wconf 91' lang='lat' dir='ltr'><strong>suam</strong></span> <span class='ocrx_word' id='word_1_218' title='bbox 330 1964 543 2014; x_wconf 89' lang='lat' dir='ltr'><strong>despondit</strong></span> <span class='ocrx_word' id='word_1_219' title='bbox 562 1965 603 2003; x_wconf 94' lang='lat' dir='ltr'><strong>in</strong></span> <span class='ocrx_word' id='word_1_220' title='bbox 624 1965 780 2004; x_wconf 88' lang='lat' dir='ltr'><strong>diuitias</strong></span> <span class='ocrx_word' id='word_1_221' title='bbox 801 1967 1033 2003; x_wconf 86' lang='lat' dir='ltr'><strong>maxumas?</strong></span> 
     </span>
    </p>
   </div>
   <div class='ocr_carea' id='block_1_3' title="bbox 199 2068 1529 2370">
    <p class='ocr_par' dir='ltr' id='par_1_3' title="bbox 199 2068 1529 2370">
     <span class='ocr_line' id='line_1_31' title="bbox 242 2068 1529 2109; baseline 0.002 -11"><span class='ocrx_word' id='word_1_222' title='bbox 242 2077 305 2107; x_wconf 87' lang='lat'><strong>574</strong></span> <span class='ocrx_word' id='word_1_223' title='bbox 321 2079 388 2107; x_wconf 92' lang='lat' dir='ltr'><strong>quo</strong></span> <span class='ocrx_word' id='word_1_224' title='bbox 399 2068 464 2099; x_wconf 88' lang='lat' dir='ltr'><strong>cod.</strong></span> <span class='ocrx_word' id='word_1_225' title='bbox 543 2071 607 2108; x_wconf 90' lang='lat'><strong>576</strong></span> <span class='ocrx_word' id='word_1_226' title='bbox 624 2069 750 2109; x_wconf 86' lang='lat' dir='ltr'><strong>oppido</strong></span> <span class='ocrx_word' id='word_1_227' title='bbox 760 2069 863 2109; x_wconf 79' lang='lat' dir='ltr'><strong>suppl.</strong></span> <span class='ocrx_word' id='word_1_228' title='bbox 878 2068 1018 2109; x_wconf 83' lang='lat' dir='ltr'><strong>Pylades</strong></span> <span class='ocrx_word' id='word_1_229' title='bbox 1078 2079 1140 2108; x_wconf 87' lang='lat'><strong>577</strong></span> <span class='ocrx_word' id='word_1_230' title='bbox 1169 2079 1269 2100; x_wconf 86' lang='lat' dir='ltr'><strong>anum</strong></span> <span class='ocrx_word' id='word_1_231' title='bbox 1284 2069 1343 2100; x_wconf 78' lang='lat' dir='ltr'><strong>del.</strong></span> <span class='ocrx_word' id='word_1_232' title='bbox 1357 2069 1529 2102; x_wconf 75' lang='lat' dir='ltr'><strong>Acidalius</strong></span> 
     </span>
     <span class='ocr_line' id='line_1_32' title="bbox 199 2112 1524 2154; baseline 0.002 -12"><span class='ocrx_word' id='word_1_233' title='bbox 199 2112 263 2150; x_wconf 87' lang='lat'><strong>578</strong></span> <span class='ocrx_word' id='word_1_234' title='bbox 290 2112 340 2142; x_wconf 91' lang='lat' dir='ltr'><strong>die</strong></span> <span class='ocrx_word' id='word_1_235' title='bbox 355 2112 474 2143; x_wconf 82' lang='lat' dir='ltr'><strong>Becker</strong></span> <span class='ocrx_word' id='word_1_236' title='bbox 600 2114 674 2152; x_wconf 85' lang='lat'>581,</span> <span class='ocrx_word' id='word_1_237' title='bbox 702 2114 766 2152; x_wconf 87' lang='lat'><strong>582</strong></span> <span class='ocrx_word' id='word_1_238' title='bbox 783 2113 946 2152; x_wconf 89' lang='lat' dir='ltr'><strong>peristine</strong></span> <span class='ocrx_word' id='word_1_239' title='bbox 964 2112 1077 2143; x_wconf 89' lang='lat' dir='ltr'><strong>hercle</strong></span> <span class='ocrx_word' id='word_1_240' title='bbox 1103 2114 1166 2143; x_wconf 90' lang='lat' dir='ltr'><strong>hoc</strong></span> <span class='ocrx_word' id='word_1_241' title='bbox 1188 2113 1288 2152; x_wconf 88' lang='lat' dir='ltr'><strong>longe</strong></span> <span class='ocrx_word' id='word_1_242' title='bbox 1309 2113 1430 2144; x_wconf 87' lang='lat' dir='ltr'><strong>dedisti</strong></span> <span class='ocrx_word' id='word_1_243' title='bbox 1447 2114 1524 2154; x_wconf 68' lang='lat' dir='ltr'><strong>cod„</strong></span> 
     </span>
     <span class='ocr_line' id='line_1_33' title="bbox 199 2154 1528 2199; baseline 0.003 -15"><span class='ocrx_word' id='word_1_244' title='bbox 199 2158 264 2187; x_wconf 81' lang='lat' dir='ltr'><strong>cett.</strong></span> <span class='ocrx_word' id='word_1_245' title='bbox 276 2165 340 2186; x_wconf 81' lang='lat' dir='ltr'><strong>om.</strong></span> <span class='ocrx_word' id='word_1_246' title='bbox 357 2155 414 2196; x_wconf 88' lang='lat' dir='ltr'><strong>(iii.</strong></span> <span class='ocrx_word' id='word_1_247' title='bbox 433 2155 488 2196; x_wconf 88' lang='lat'><strong>11)</strong></span> <span class='ocrx_word' id='word_1_248' title='bbox 546 2156 664 2196; x_wconf 88' lang='lat' dir='ltr'><strong>peristi</strong></span> <span class='ocrx_word' id='word_1_249' title='bbox 675 2155 817 2196; x_wconf 83' lang='lat' dir='ltr'><strong>Pylades</strong></span> <span class='ocrx_word' id='word_1_250' title='bbox 830 2156 887 2196; x_wconf 76' lang='lat' dir='ltr'><strong>(iv,</strong></span> <span class='ocrx_word' id='word_1_251' title='bbox 901 2157 936 2194; x_wconf 72' lang='lat'><strong>3)</strong></span> <span class='ocrx_word' id='word_1_252' title='bbox 1006 2157 1040 2186; x_wconf 89' lang='lat' dir='ltr'><strong>ni</strong></span> <span class='ocrx_word' id='word_1_253' title='bbox 1056 2154 1159 2199; x_wconf 86' lang='lat' dir='ltr'><strong>&lt;mihi</strong></span> <span class='ocrx_word' id='word_1_254' title='bbox 1177 2157 1304 2187; x_wconf 86' lang='lat' dir='ltr'><strong>dixeris</strong></span> <span class='ocrx_word' id='word_1_255' title='bbox 1320 2157 1383 2186; x_wconf 91' lang='lat' dir='ltr'><strong>Vbi</strong></span> <span class='ocrx_word' id='word_1_256' title='bbox 1402 2157 1528 2188; x_wconf 87' lang='lat' dir='ltr'><strong>habitet</strong></span> 
     </span>
     <span class='ocr_line' id='line_1_34' title="bbox 201 2199 1525 2240; baseline 0.002 -12"><span class='ocrx_word' id='word_1_257' title='bbox 201 2208 300 2229; x_wconf 90' lang='lat' dir='ltr'><strong>nunc.</strong></span> <span class='ocrx_word' id='word_1_258' title='bbox 340 2208 409 2229; x_wconf 90' lang='lat' dir='ltr'><strong>non</strong></span> <span class='ocrx_word' id='word_1_259' title='bbox 427 2199 565 2240; x_wconf 81' lang='lat' dir='ltr'><strong>hercle&gt;</strong></span> <span class='ocrx_word' id='word_1_260' title='bbox 580 2200 644 2231; x_wconf 91' lang='lat' dir='ltr'><strong>hoe</strong></span> <span class='ocrx_word' id='word_1_261' title='bbox 658 2199 784 2231; x_wconf 70' lang='lat' dir='ltr'><strong>Schoell</strong></span> <span class='ocrx_word' id='word_1_262' title='bbox 827 2200 940 2230; x_wconf 87' lang='lat' dir='ltr'><strong>destiti</strong></span> <span class='ocrx_word' id='word_1_263' title='bbox 956 2199 1031 2230; x_wconf 82' lang='lat' dir='ltr'><em>Ital.</em></span> <span class='ocrx_word' id='word_1_264' title='bbox 1046 2211 1052 2230; x_wconf 88' lang='lat'>:</span> <span class='ocrx_word' id='word_1_265' title='bbox 1071 2200 1193 2230; x_wconf 88' lang='lat' dir='ltr'><strong>dedisti</strong></span> <span class='ocrx_word' id='word_1_266' title='bbox 1207 2199 1270 2231; x_wconf 88' lang='lat' dir='ltr'><strong>cod.</strong></span> <span class='ocrx_word' id='word_1_267' title='bbox 1363 2201 1427 2239; x_wconf 85' lang='lat'><strong>584</strong></span> <span class='ocrx_word' id='word_1_268' title='bbox 1444 2201 1525 2240; x_wconf 85' lang='lat' dir='ltr'><strong>iam]</strong></span> 
     </span>
     <span class='ocr_line' id='line_1_35' title="bbox 200 2241 1523 2285; baseline 0.002 -13"><span class='ocrx_word' id='word_1_269' title='bbox 200 2252 272 2272; x_wconf 85' lang='lat' dir='ltr'><strong>eam</strong></span> <span class='ocrx_word' id='word_1_270' title='bbox 293 2241 429 2281; x_wconf 82' lang='lat' dir='ltr'><strong>Pylades</strong></span> <span class='ocrx_word' id='word_1_271' title='bbox 516 2245 580 2282; x_wconf 87' lang='lat'><strong>588</strong></span> <span class='ocrx_word' id='word_1_272' title='bbox 604 2243 766 2274; x_wconf 85' lang='lat' dir='ltr'><strong>indicauit</strong></span> <span class='ocrx_word' id='word_1_273' title='bbox 783 2243 850 2275; x_wconf 87' lang='lat' dir='ltr'><strong>cod.</strong></span> <span class='ocrx_word' id='word_1_274' title='bbox 941 2245 1015 2283; x_wconf 73' lang='lat'>589,</span> <span class='ocrx_word' id='word_1_275' title='bbox 1035 2254 1100 2282; x_wconf 86' lang='lat'><strong>590</strong></span> <span class='ocrx_word' id='word_1_276' title='bbox 1124 2243 1207 2274; x_wconf 84' lang='lat' dir='ltr'><strong>alias</strong></span> <span class='ocrx_word' id='word_1_277' title='bbox 1220 2242 1403 2285; x_wconf 86' lang='lat' dir='ltr'><strong>&lt;adiunget</strong></span> <span class='ocrx_word' id='word_1_278' title='bbox 1420 2243 1523 2285; x_wconf 66' lang='lat' dir='ltr'><strong>malafll</strong></span> 
     </span>
     <span class='ocr_line' id='line_1_36' title="bbox 201 2285 1526 2329; baseline 0.002 -14"><span class='ocrx_word' id='word_1_279' title='bbox 201 2285 442 2325; x_wconf 89' lang='lat' dir='ltr'><strong>Seleniumque</strong></span> <span class='ocrx_word' id='word_1_280' title='bbox 475 2286 625 2329; x_wconf 86' lang='lat' dir='ltr'><strong>fraudis&gt;</strong></span> <span class='ocrx_word' id='word_1_281' title='bbox 656 2287 756 2317; x_wconf 84' lang='lat' dir='ltr'><strong>faciet</strong></span> <span class='ocrx_word' id='word_1_282' title='bbox 790 2287 959 2317; x_wconf 88' lang='lat' dir='ltr'><strong>consciam</strong></span> <span class='ocrx_word' id='word_1_283' title='bbox 992 2286 1119 2317; x_wconf 74' lang='lat' dir='ltr'><strong>Schoell</strong></span> <span class='ocrx_word' id='word_1_284' title='bbox 1156 2287 1250 2327; x_wconf 85' lang='lat' dir='ltr'><strong>(fort.</strong></span> <span class='ocrx_word' id='word_1_285' title='bbox 1285 2287 1526 2326; x_wconf 88' lang='lat' dir='ltr'><strong>Seleniumque</strong></span> 
     </span>
     <span class='ocr_line' id='line_1_37' title="bbox 200 2328 1369 2370; baseline 0.002 -11"><span class='ocrx_word' id='word_1_286' title='bbox 200 2328 323 2368; x_wconf 80' lang='lat' dir='ltr'><strong>sallae3</strong></span> <span class='ocrx_word' id='word_1_287' title='bbox 347 2329 390 2360; x_wconf 88' lang='lat' dir='ltr'><strong>iii.</strong></span> <span class='ocrx_word' id='word_1_288' title='bbox 416 2329 469 2370; x_wconf 87' lang='lat'><strong>11)</strong></span> <span class='ocrx_word' id='word_1_289' title='bbox 604 2339 667 2370; x_wconf 87' lang='lat'><strong>593</strong></span> <span class='ocrx_word' id='word_1_290' title='bbox 692 2330 725 2361; x_wconf 91' lang='lat' dir='ltr'><strong>in</strong></span> <span class='ocrx_word' id='word_1_291' title='bbox 742 2340 773 2367; x_wconf 90' lang='lat' dir='ltr'><strong>q.</strong></span> <span class='ocrx_word' id='word_1_292' title='bbox 795 2330 1027 2361; x_wconf 80' lang='lat' dir='ltr'><strong>Camerarius:</strong></span> <span class='ocrx_word' id='word_1_293' title='bbox 1054 2331 1286 2370; x_wconf 88' lang='lat' dir='ltr'><strong>quaestionem</strong></span> <span class='ocrx_word' id='word_1_294' title='bbox 1306 2331 1369 2361; x_wconf 88' lang='lat' dir='ltr'><strong>cod.</strong></span> 
     </span>
    </p>
   </div>
  </div>
 </body>
</html>
