<?xml version="1.0" encoding="UTF-8"?>
<!DOCTYPE html PUBLIC "-//W3C//DTD XHTML 1.0 Transitional//EN"
    "http://www.w3.org/TR/xhtml1/DTD/xhtml1-transitional.dtd">
<html xmlns="http://www.w3.org/1999/xhtml" xml:lang="en" lang="en">
 <head>
  <title>
</title>
<meta http-equiv="Content-Type" content="text/html;charset=utf-8" />
  <meta name='ocr-system' content='tesseract 3.04.00' />
  <meta name='ocr-capabilities' content='ocr_page ocr_carea ocr_par ocr_line ocrx_word'/>
</head>
<body>
  <div class='ocr_page' id='page_1' title='image "./tmacciplauticomo01plauuoft_0041.png"; bbox 0 0 1742 2718; ppageno 0'>
   <div class='ocr_carea' id='block_1_1' title="bbox 100 435 164 471">
    <p class='ocr_par' dir='ltr' id='par_1_1' title="bbox 100 435 164 471">
     <span class='ocr_line' id='line_1_1' title="bbox 100 435 164 471; baseline 0 0"><span class='ocrx_word' id='word_1_1' title='bbox 100 435 164 471; x_wconf 84' lang='lat'>315</span> 
     </span>
    </p>
   </div>
   <div class='ocr_carea' id='block_1_2' title="bbox 125 767 169 791">
    <p class='ocr_par' dir='ltr' id='par_1_2' title="bbox 125 767 169 791">
     <span class='ocr_line' id='line_1_2' title="bbox 125 767 169 791; baseline -0.023 0"><span class='ocrx_word' id='word_1_2' title='bbox 125 767 169 791; x_wconf 93' lang='lat'>20</span> 
     </span>
    </p>
   </div>
   <div class='ocr_carea' id='block_1_3' title="bbox 100 767 118 801">
    <p class='ocr_par' dir='ltr' id='par_1_3' title="bbox 100 767 118 801">
     <span class='ocr_line' id='line_1_3' title="bbox 100 767 118 801; textangle 90"><span class='ocrx_word' id='word_1_3' title='bbox 100 767 118 801; x_wconf 65' lang='grc' dir='ltr'>Ο.)</span> 
     </span>
    </p>
   </div>
   <div class='ocr_carea' id='block_1_4' title="bbox 101 1286 166 1322">
    <p class='ocr_par' dir='ltr' id='par_1_4' title="bbox 101 1286 166 1322">
     <span class='ocr_line' id='line_1_4' title="bbox 101 1286 166 1322; baseline -0.015 0"><span class='ocrx_word' id='word_1_4' title='bbox 101 1286 166 1322; x_wconf 82' lang='lat'>325</span> 
     </span>
    </p>
   </div>
   <div class='ocr_carea' id='block_1_5' title="bbox 105 1808 172 1842">
    <p class='ocr_par' dir='ltr' id='par_1_5' title="bbox 105 1808 172 1842">
     <span class='ocr_line' id='line_1_5' title="bbox 105 1808 172 1842; baseline 0 0"><span class='ocrx_word' id='word_1_5' title='bbox 105 1808 172 1842; x_wconf 89' lang='lat'>330</span> 
     </span>
    </p>
   </div>
   <div class='ocr_carea' id='block_1_6' title="bbox 684 117 1540 154">
    <p class='ocr_par' dir='ltr' id='par_1_6' title="bbox 684 117 1540 154">
     <span class='ocr_line' id='line_1_6' title="bbox 684 117 1540 154; baseline 0 -1"><span class='ocrx_word' id='word_1_6' title='bbox 684 117 1029 154; x_wconf 71' lang='lat' dir='ltr'>AMPHITRVO</span> <span class='ocrx_word' id='word_1_7' title='bbox 1482 120 1507 154; x_wconf 85' lang='grc' dir='ltr'>Ι.</span> <span class='ocrx_word' id='word_1_8' title='bbox 1530 118 1540 153; x_wconf 93' lang='lat' dir='ltr'>i</span> 
     </span>
    </p>
   </div>
   <div class='ocr_carea' id='block_1_7' title="bbox 188 227 1606 2097">
    <p class='ocr_par' dir='ltr' id='par_1_7' title="bbox 188 227 1606 2097">
     <span class='ocr_line' id='line_1_7' title="bbox 192 227 1509 280; baseline -0.002 -11"><span class='ocrx_word' id='word_1_9' title='bbox 192 233 274 269; x_wconf 84' lang='grc' dir='ltr'>ΜΕ.</span> <span class='ocrx_word' id='word_1_10' title='bbox 307 230 402 280; x_wconf 91' lang='lat' dir='ltr'>quid</span> <span class='ocrx_word' id='word_1_11' title='bbox 432 229 463 268; x_wconf 91' lang='lat' dir='ltr'>si</span> <span class='ocrx_word' id='word_1_12' title='bbox 491 242 563 279; x_wconf 87' lang='lat' dir='ltr'>ego</span> <span class='ocrx_word' id='word_1_13' title='bbox 593 228 703 266; x_wconf 89' lang='lat' dir='ltr'>illum</span> <span class='ocrx_word' id='word_1_14' title='bbox 739 227 891 266; x_wconf 82' lang='lat' dir='ltr'>tractim</span> <span class='ocrx_word' id='word_1_15' title='bbox 923 235 1091 278; x_wconf 81' lang='lat' dir='ltr'>tangam,</span> <span class='ocrx_word' id='word_1_16' title='bbox 1125 235 1165 265; x_wconf 92' lang='lat' dir='ltr'>ut</span> <span class='ocrx_word' id='word_1_17' title='bbox 1195 228 1390 266; x_wconf 72' lang='lat' dir='ltr'>dormiat?</span> <span class='ocrx_word' id='word_1_18' title='bbox 1447 232 1509 266; x_wconf 67' lang='lat' dir='ltr'>So.</span> 
     </span>
     <span class='ocr_line' id='line_1_8' title="bbox 1289 294 1511 339; baseline 0 -9"><span class='ocrx_word' id='word_1_19' title='bbox 1289 294 1511 339; x_wconf 72' lang='lat' dir='ltr'>seruam-ris,</span> 
     </span>
     <span class='ocr_line' id='line_1_9' title="bbox 190 358 1512 408; baseline -0.003 -8"><span class='ocrx_word' id='word_1_20' title='bbox 190 376 280 400; x_wconf 84' lang='lat' dir='ltr'>nam</span> <span class='ocrx_word' id='word_1_21' title='bbox 303 360 510 400; x_wconf 79' lang='lat' dir='ltr'>continuas</span> <span class='ocrx_word' id='word_1_22' title='bbox 531 361 600 398; x_wconf 79' lang='lat' dir='ltr'>has</span> <span class='ocrx_word' id='word_1_23' title='bbox 622 358 688 397; x_wconf 83' lang='lat' dir='ltr'>tris</span> <span class='ocrx_word' id='word_1_24' title='bbox 711 366 846 396; x_wconf 85' lang='lat' dir='ltr'>noctes</span> <span class='ocrx_word' id='word_1_25' title='bbox 868 358 1106 408; x_wconf 80' lang='lat' dir='ltr'>peruigilaui.</span> <span class='ocrx_word' id='word_1_26' title='bbox 1170 360 1250 395; x_wconf 76' lang='grc' dir='ltr'>ΜΕ.</span> <span class='ocrx_word' id='word_1_27' title='bbox 1286 366 1512 407; x_wconf 74' lang='lat' dir='ltr'>pessumest‚</span> 
     </span>
     <span class='ocr_line' id='line_1_10' title="bbox 190 423 1312 475; baseline -0.005 -10"><span class='ocrx_word' id='word_1_28' title='bbox 190 426 355 465; x_wconf 78' lang='lat' dir='ltr'>facimus</span> <span class='ocrx_word' id='word_1_29' title='bbox 375 425 564 475; x_wconf 88' lang='lat' dir='ltr'>nequiter,</span> <span class='ocrx_word' id='word_1_30' title='bbox 588 423 699 462; x_wconf 87' lang='lat' dir='ltr'>ferire</span> <span class='ocrx_word' id='word_1_31' title='bbox 722 425 864 461; x_wconf 79' lang='lat' dir='ltr'>malam</span> <span class='ocrx_word' id='word_1_32' title='bbox 886 425 987 461; x_wconf 79' lang='lat' dir='ltr'>male</span> <span class='ocrx_word' id='word_1_33' title='bbox 1009 423 1123 461; x_wconf 79' lang='lat' dir='ltr'>discit</span> <span class='ocrx_word' id='word_1_34' title='bbox 1145 436 1284 461; x_wconf 87' lang='lat' dir='ltr'>manus</span> <span class='ocrx_word' id='word_1_35' title='bbox 1303 438 1312 469; x_wconf 77' lang='lat'>3</span> 
     </span>
     <span class='ocr_line' id='line_1_11' title="bbox 188 487 1251 541; baseline -0.005 -11"><span class='ocrx_word' id='word_1_36' title='bbox 188 492 263 530; x_wconf 82' lang='lat' dir='ltr'>alia</span> <span class='ocrx_word' id='word_1_37' title='bbox 285 493 409 529; x_wconf 80' lang='lat' dir='ltr'>forma</span> <span class='ocrx_word' id='word_1_38' title='bbox 436 490 439 541; x_wconf 92' lang='grc' dir='ltr'>Ι</span> <span class='ocrx_word' id='word_1_39' title='bbox 465 503 550 528; x_wconf 90' lang='lat' dir='ltr'>esse</span> <span class='ocrx_word' id='word_1_40' title='bbox 571 496 725 539; x_wconf 79' lang='lat' dir='ltr'>oportet</span> <span class='ocrx_word' id='word_1_41' title='bbox 747 502 864 537; x_wconf 88' lang='lat' dir='ltr'>quem</span> <span class='ocrx_word' id='word_1_42' title='bbox 888 495 929 525; x_wconf 92' lang='lat' dir='ltr'>tu</span> <span class='ocrx_word' id='word_1_43' title='bbox 951 501 1084 538; x_wconf 88' lang='lat' dir='ltr'>pugno</span> <span class='ocrx_word' id='word_1_44' title='bbox 1104 487 1251 537; x_wconf 84' lang='lat' dir='ltr'>legeris.</span> 
     </span>
     <span class='ocr_line' id='line_1_12' title="bbox 190 553 1595 603; baseline -0.004 -9"><span class='ocrx_word' id='word_1_45' title='bbox 190 558 254 595; x_wconf 90' lang='lat' dir='ltr'>So.</span> <span class='ocrx_word' id='word_1_46' title='bbox 296 555 373 594; x_wconf 83' lang='lat' dir='ltr'>illic</span> <span class='ocrx_word' id='word_1_47' title='bbox 394 557 516 593; x_wconf 86' lang='lat' dir='ltr'>homo</span> <span class='ocrx_word' id='word_1_48' title='bbox 537 568 599 592; x_wconf 95' lang='lat' dir='ltr'>me</span> <span class='ocrx_word' id='word_1_49' title='bbox 620 553 873 603; x_wconf 80' lang='lat' dir='ltr'>interpolabit</span> <span class='ocrx_word' id='word_1_50' title='bbox 895 566 1107 602; x_wconf 85' lang='lat' dir='ltr'>meumque</span> <span class='ocrx_word' id='word_1_51' title='bbox 1129 566 1172 590; x_wconf 91' lang='lat' dir='ltr'>os</span> <span class='ocrx_word' id='word_1_52' title='bbox 1193 554 1311 602; x_wconf 82' lang='lat' dir='ltr'>finget</span> <span class='ocrx_word' id='word_1_53' title='bbox 1333 554 1474 591; x_wconf 65' lang='lat' dir='ltr'>denum.</span> <span class='ocrx_word' id='word_1_54' title='bbox 1540 559 1595 597; x_wconf 76' lang='lat'>165</span> 
     </span>
     <span class='ocr_line' id='line_1_13' title="bbox 193 617 1424 667; baseline -0.004 -8"><span class='ocrx_word' id='word_1_55' title='bbox 193 623 275 659; x_wconf 73' lang='lat' dir='ltr'>ME.</span> <span class='ocrx_word' id='word_1_56' title='bbox 308 627 530 659; x_wconf 78' lang='lat' dir='ltr'>exossatum</span> <span class='ocrx_word' id='word_1_57' title='bbox 551 633 595 657; x_wconf 87' lang='lat' dir='ltr'>os</span> <span class='ocrx_word' id='word_1_58' title='bbox 615 632 700 657; x_wconf 87' lang='lat' dir='ltr'>esse</span> <span class='ocrx_word' id='word_1_59' title='bbox 721 625 876 667; x_wconf 86' lang='lat' dir='ltr'>oportet</span> <span class='ocrx_word' id='word_1_60' title='bbox 898 631 1015 667; x_wconf 89' lang='lat' dir='ltr'>quem</span> <span class='ocrx_word' id='word_1_61' title='bbox 1038 618 1160 667; x_wconf 87' lang='lat' dir='ltr'>probe</span> <span class='ocrx_word' id='word_1_62' title='bbox 1181 617 1424 666; x_wconf 67' lang='lat' dir='ltr'>percusseris.</span> 
     </span>
     <span class='ocr_line' id='line_1_14' title="bbox 192 682 1392 732; baseline -0.004 -8"><span class='ocrx_word' id='word_1_63' title='bbox 192 688 256 724; x_wconf 88' lang='lat' dir='ltr'>So.</span> <span class='ocrx_word' id='word_1_64' title='bbox 289 685 429 723; x_wconf 88' lang='lat' dir='ltr'>mirurn</span> <span class='ocrx_word' id='word_1_65' title='bbox 451 684 491 722; x_wconf 87' lang='lat' dir='ltr'>ni</span> <span class='ocrx_word' id='word_1_66' title='bbox 512 683 575 722; x_wconf 85' lang='lat' dir='ltr'>hic</span> <span class='ocrx_word' id='word_1_67' title='bbox 597 697 660 722; x_wconf 89' lang='lat' dir='ltr'>me</span> <span class='ocrx_word' id='word_1_68' title='bbox 681 683 792 732; x_wconf 76' lang='lat' dir='ltr'>quasi</span> <span class='ocrx_word' id='word_1_69' title='bbox 814 696 1018 720; x_wconf 79' lang='lat' dir='ltr'>murenam</span> <span class='ocrx_word' id='word_1_70' title='bbox 1040 682 1219 720; x_wconf 73' lang='lat' dir='ltr'>exossare</span> <span class='ocrx_word' id='word_1_71' title='bbox 1240 682 1392 731; x_wconf 75' lang='lat' dir='ltr'>cogitat.</span> 
     </span>
     <span class='ocr_line' id='line_1_15' title="bbox 191 747 1428 799; baseline -0.004 -10"><span class='ocrx_word' id='word_1_72' title='bbox 191 752 293 789; x_wconf 88' lang='lat' dir='ltr'>ultro</span> <span class='ocrx_word' id='word_1_73' title='bbox 313 750 442 788; x_wconf 86' lang='lat' dir='ltr'>istunc</span> <span class='ocrx_word' id='word_1_74' title='bbox 463 749 530 799; x_wconf 91' lang='lat' dir='ltr'>qui</span> <span class='ocrx_word' id='word_1_75' title='bbox 551 756 706 787; x_wconf 78' lang='lat' dir='ltr'>exossat</span> <span class='ocrx_word' id='word_1_76' title='bbox 727 748 908 787; x_wconf 88' lang='lat' dir='ltr'>homines</span> <span class='ocrx_word' id='word_1_77' title='bbox 930 751 936 785; x_wconf 81' lang='lat'>1</span> <span class='ocrx_word' id='word_1_78' title='bbox 976 747 1071 798; x_wconf 87' lang='lat' dir='ltr'>perii</span> <span class='ocrx_word' id='word_1_79' title='bbox 1092 747 1123 784; x_wconf 81' lang='lat' dir='ltr'>si</span> <span class='ocrx_word' id='word_1_80' title='bbox 1145 761 1207 785; x_wconf 90' lang='lat' dir='ltr'>me</span> <span class='ocrx_word' id='word_1_81' title='bbox 1228 747 1428 797; x_wconf 73' lang='lat' dir='ltr'>aspexerit.</span> 
     </span>
     <span class='ocr_line' id='line_1_16' title="bbox 193 812 1517 864; baseline -0.003 -10"><span class='ocrx_word' id='word_1_82' title='bbox 193 818 277 854; x_wconf 85' lang='lat' dir='ltr'>ME.</span> <span class='ocrx_word' id='word_1_83' title='bbox 315 817 395 854; x_wconf 88' lang='lat' dir='ltr'>olet</span> <span class='ocrx_word' id='word_1_84' title='bbox 422 813 738 864; x_wconf 79' lang='lat' dir='ltr'>homoquidam</span> <span class='ocrx_word' id='word_1_85' title='bbox 769 814 874 851; x_wconf 80' lang='lat' dir='ltr'>malo</span> <span class='ocrx_word' id='word_1_86' title='bbox 908 827 990 851; x_wconf 90' lang='lat' dir='ltr'>suo.</span> <span class='ocrx_word' id='word_1_87' title='bbox 1060 814 1126 851; x_wconf 84' lang='lat' dir='ltr'>So.</span> <span class='ocrx_word' id='word_1_88' title='bbox 1157 812 1201 859; x_wconf 84' lang='lat' dir='ltr'>ei,</span> <span class='ocrx_word' id='word_1_89' title='bbox 1230 814 1417 850; x_wconf 68' lang='lat' dir='ltr'>numnzini</span> <span class='ocrx_word' id='word_1_90' title='bbox 1447 827 1517 862; x_wconf 82' lang='lat' dir='ltr'>ego</span> 
     </span>
     <span class='ocr_line' id='line_1_17' title="bbox 1356 877 1518 915; baseline -0.006 0"><span class='ocrx_word' id='word_1_91' title='bbox 1356 877 1518 915; x_wconf 82' lang='lat' dir='ltr'>obolui?</span> 
     </span>
     <span class='ocr_line' id='line_1_18' title="bbox 194 942 1601 997; baseline -0.004 -13"><span class='ocrx_word' id='word_1_92' title='bbox 194 948 276 984; x_wconf 85' lang='grc' dir='ltr'>ΜΕ.</span> <span class='ocrx_word' id='word_1_93' title='bbox 307 953 426 997; x_wconf 83' lang='lat' dir='ltr'>atque</span> <span class='ocrx_word' id='word_1_94' title='bbox 461 946 538 983; x_wconf 78' lang='lat' dir='ltr'>hau</span> <span class='ocrx_word' id='word_1_95' title='bbox 577 945 693 994; x_wconf 87' lang='lat' dir='ltr'>longe</span> <span class='ocrx_word' id='word_1_96' title='bbox 727 944 865 982; x_wconf 81' lang='lat' dir='ltr'>abesse</span> <span class='ocrx_word' id='word_1_97' title='bbox 901 950 1065 992; x_wconf 82' lang='lat' dir='ltr'>oportet,</span> <span class='ocrx_word' id='word_1_98' title='bbox 1102 956 1239 980; x_wconf 88' lang='lat' dir='ltr'>uerum</span> <span class='ocrx_word' id='word_1_99' title='bbox 1279 944 1393 992; x_wconf 87' lang='lat' dir='ltr'>longe</span> <span class='ocrx_word' id='word_1_100' title='bbox 1429 942 1518 980; x_wconf 83' lang='lat' dir='ltr'>hinc</span> <span class='ocrx_word' id='word_1_101' title='bbox 1543 954 1601 988; x_wconf 70' lang='lat'>¹70</span> 
     </span>
     <span class='ocr_line' id='line_1_19' title="bbox 1411 1007 1516 1045; baseline -0.01 0"><span class='ocrx_word' id='word_1_102' title='bbox 1411 1007 1516 1045; x_wconf 74' lang='lat' dir='ltr'>afuit.</span> 
     </span>
     <span class='ocr_line' id='line_1_20' title="bbox 192 1071 1463 1124; baseline -0.005 -9"><span class='ocrx_word' id='word_1_103' title='bbox 192 1079 256 1115; x_wconf 88' lang='lat' dir='ltr'>So.</span> <span class='ocrx_word' id='word_1_104' title='bbox 288 1075 366 1114; x_wconf 88' lang='lat' dir='ltr'>illic</span> <span class='ocrx_word' id='word_1_105' title='bbox 387 1076 509 1113; x_wconf 88' lang='lat' dir='ltr'>homo</span> <span class='ocrx_word' id='word_1_106' title='bbox 529 1073 849 1124; x_wconf 89' lang='lat' dir='ltr'>superstitiosust.</span> <span class='ocrx_word' id='word_1_107' title='bbox 911 1074 994 1110; x_wconf 81' lang='grc' dir='ltr'>ΜΕ.</span> <span class='ocrx_word' id='word_1_108' title='bbox 1025 1072 1196 1122; x_wconf 85' lang='lat' dir='ltr'>gestiunt</span> <span class='ocrx_word' id='word_1_109' title='bbox 1216 1071 1336 1123; x_wconf 84' lang='lat' dir='ltr'>pugni</span> <span class='ocrx_word' id='word_1_110' title='bbox 1358 1071 1463 1109; x_wconf 81' lang='lat' dir='ltr'>mihi.</span> 
     </span>
     <span class='ocr_line' id='line_1_21' title="bbox 193 1137 1518 1190; baseline -0.005 -8"><span class='ocrx_word' id='word_1_111' title='bbox 193 1147 256 1182; x_wconf 85' lang='lat' dir='ltr'>So.</span> <span class='ocrx_word' id='word_1_112' title='bbox 289 1143 320 1182; x_wconf 90' lang='lat' dir='ltr'>si</span> <span class='ocrx_word' id='word_1_113' title='bbox 352 1143 391 1181; x_wconf 89' lang='lat' dir='ltr'>in</span> <span class='ocrx_word' id='word_1_114' title='bbox 417 1156 479 1181; x_wconf 90' lang='lat' dir='ltr'>me</span> <span class='ocrx_word' id='word_1_115' title='bbox 509 1141 771 1188; x_wconf 69' lang='lat' dir='ltr'>exercsturu&#39;s,</span> <span class='ocrx_word' id='word_1_116' title='bbox 802 1153 950 1190; x_wconf 82' lang='lat' dir='ltr'>quaeso</span> <span class='ocrx_word' id='word_1_117' title='bbox 982 1139 1021 1177; x_wconf 90' lang='lat' dir='ltr'>in</span> <span class='ocrx_word' id='word_1_118' title='bbox 1053 1139 1241 1190; x_wconf 81' lang='lat' dir='ltr'>parietem</span> <span class='ocrx_word' id='word_1_119' title='bbox 1276 1146 1317 1176; x_wconf 91' lang='lat' dir='ltr'>ut</span> <span class='ocrx_word' id='word_1_120' title='bbox 1351 1137 1518 1188; x_wconf 86' lang='lat' dir='ltr'>primum</span> 
     </span>
     <span class='ocr_line' id='line_1_22' title="bbox 1368 1204 1516 1241; baseline 0 -1"><span class='ocrx_word' id='word_1_121' title='bbox 1368 1204 1516 1241; x_wconf 85' lang='lat' dir='ltr'>domes.</span> 
     </span>
     <span class='ocr_line' id='line_1_23' title="bbox 196 1268 1519 1319; baseline -0.005 -7"><span class='ocrx_word' id='word_1_122' title='bbox 196 1276 278 1312; x_wconf 88' lang='grc' dir='ltr'>ΜΕ.</span> <span class='ocrx_word' id='word_1_123' title='bbox 320 1287 397 1312; x_wconf 83' lang='lat' dir='ltr'>uox</span> <span class='ocrx_word' id='word_1_124' title='bbox 427 1273 479 1311; x_wconf 90' lang='lat' dir='ltr'>mi</span> <span class='ocrx_word' id='word_1_125' title='bbox 508 1274 559 1311; x_wconf 81' lang='lat' dir='ltr'>ad</span> <span class='ocrx_word' id='word_1_126' title='bbox 590 1271 693 1310; x_wconf 78' lang='lat' dir='ltr'>auris</span> <span class='ocrx_word' id='word_1_127' title='bbox 730 1270 944 1310; x_wconf 79' lang='lat' dir='ltr'>aduolauit.</span> <span class='ocrx_word' id='word_1_128' title='bbox 1016 1272 1078 1308; x_wconf 85' lang='lat' dir='ltr'>So.</span> <span class='ocrx_word' id='word_1_129' title='bbox 1122 1269 1170 1308; x_wconf 79' lang='lat' dir='ltr'>ne</span> <span class='ocrx_word' id='word_1_130' title='bbox 1204 1283 1276 1319; x_wconf 92' lang='lat' dir='ltr'>ego</span> <span class='ocrx_word' id='word_1_131' title='bbox 1308 1270 1428 1307; x_wconf 87' lang='lat' dir='ltr'>homo</span> <span class='ocrx_word' id='word_1_132' title='bbox 1467 1268 1519 1306; x_wconf 93' lang='lat' dir='ltr'>in-</span> 
     </span>
     <span class='ocr_line' id='line_1_24' title="bbox 1348 1332 1517 1371; baseline 0 -1"><span class='ocrx_word' id='word_1_133' title='bbox 1348 1332 1436 1371; x_wconf 83' lang='lat' dir='ltr'>felix</span> <span class='ocrx_word' id='word_1_134' title='bbox 1466 1332 1517 1371; x_wconf 88' lang='lat' dir='ltr'>fui</span> 
     </span>
     <span class='ocr_line' id='line_1_25' title="bbox 194 1398 1268 1454; baseline -0.007 -11"><span class='ocrx_word' id='word_1_135' title='bbox 194 1404 261 1454; x_wconf 91' lang='lat' dir='ltr'>qui</span> <span class='ocrx_word' id='word_1_136' title='bbox 282 1418 363 1442; x_wconf 90' lang='lat' dir='ltr'>non</span> <span class='ocrx_word' id='word_1_137' title='bbox 383 1404 463 1442; x_wconf 77' lang='lat' dir='ltr'>alas</span> <span class='ocrx_word' id='word_1_138' title='bbox 484 1401 701 1441; x_wconf 85' lang='lat' dir='ltr'>interuelli:</span> <span class='ocrx_word' id='word_1_139' title='bbox 731 1403 934 1440; x_wconf 86' lang='lat' dir='ltr'>uolucrem</span> <span class='ocrx_word' id='word_1_140' title='bbox 956 1413 1096 1439; x_wconf 89' lang='lat' dir='ltr'>uocem</span> <span class='ocrx_word' id='word_1_141' title='bbox 1117 1398 1268 1449; x_wconf 85' lang='lat' dir='ltr'>gestito.</span> 
     </span>
     <span class='ocr_line' id='line_1_26' title="bbox 196 1464 1601 1510; baseline -0.006 -2"><span class='ocrx_word' id='word_1_142' title='bbox 196 1472 278 1508; x_wconf 86' lang='grc' dir='ltr'>ΜΕ.</span> <span class='ocrx_word' id='word_1_143' title='bbox 311 1469 389 1507; x_wconf 89' lang='lat' dir='ltr'>illic</span> <span class='ocrx_word' id='word_1_144' title='bbox 410 1470 532 1507; x_wconf 90' lang='lat' dir='ltr'>homo</span> <span class='ocrx_word' id='word_1_145' title='bbox 551 1482 575 1506; x_wconf 79' lang='lat' dir='ltr'>a</span> <span class='ocrx_word' id='word_1_146' title='bbox 594 1481 658 1506; x_wconf 91' lang='lat' dir='ltr'>me</span> <span class='ocrx_word' id='word_1_147' title='bbox 678 1466 753 1506; x_wconf 88' lang='lat' dir='ltr'>sibi</span> <span class='ocrx_word' id='word_1_148' title='bbox 774 1468 918 1504; x_wconf 82' lang='lat' dir='ltr'>malam</span> <span class='ocrx_word' id='word_1_149' title='bbox 940 1479 1020 1504; x_wconf 89' lang='lat' dir='ltr'>rem</span> <span class='ocrx_word' id='word_1_150' title='bbox 1041 1465 1201 1504; x_wconf 80' lang='lat' dir='ltr'>arcessit</span> <span class='ocrx_word' id='word_1_151' title='bbox 1221 1464 1398 1502; x_wconf 88' lang='lat' dir='ltr'>iumento</span> <span class='ocrx_word' id='word_1_152' title='bbox 1419 1477 1499 1501; x_wconf 92' lang='lat' dir='ltr'>suo.</span> <span class='ocrx_word' id='word_1_153' title='bbox 1543 1476 1601 1510; x_wconf 77' lang='lat'>¹75</span> 
     </span>
     <span class='ocr_line' id='line_1_27' title="bbox 195 1522 1521 1584; baseline -0.005 -11"><span class='ocrx_word' id='word_1_154' title='bbox 195 1536 258 1574; x_wconf 90' lang='lat' dir='ltr'>So.</span> <span class='ocrx_word' id='word_1_155' title='bbox 291 1548 372 1572; x_wconf 91' lang='lat' dir='ltr'>non</span> <span class='ocrx_word' id='word_1_156' title='bbox 407 1533 593 1584; x_wconf 90' lang='lat' dir='ltr'>equidem</span> <span class='ocrx_word' id='word_1_157' title='bbox 627 1534 751 1571; x_wconf 88' lang='lat' dir='ltr'>ullum</span> <span class='ocrx_word' id='word_1_158' title='bbox 786 1532 916 1570; x_wconf 81' lang='lat' dir='ltr'>habeo</span> <span class='ocrx_word' id='word_1_159' title='bbox 954 1530 1185 1570; x_wconf 91' lang='lat' dir='ltr'>iumentum.</span> <span class='ocrx_word' id='word_1_160' title='bbox 1247 1522 1329 1567; x_wconf 80' lang='grc' dir='ltr'>ΜΕ.</span> <span class='ocrx_word' id='word_1_161' title='bbox 1362 1543 1521 1567; x_wconf 85' lang='lat' dir='ltr'>oneran-</span> 
     </span>
     <span class='ocr_line' id='line_1_28' title="bbox 1051 1594 1518 1645; baseline -0.006 -11"><span class='ocrx_word' id='word_1_162' title='bbox 1051 1597 1124 1634; x_wconf 87' lang='lat' dir='ltr'>dus</span> <span class='ocrx_word' id='word_1_163' title='bbox 1146 1602 1204 1633; x_wconf 90' lang='lat' dir='ltr'>est</span> <span class='ocrx_word' id='word_1_164' title='bbox 1224 1594 1364 1645; x_wconf 86' lang='lat' dir='ltr'>pugnis</span> <span class='ocrx_word' id='word_1_165' title='bbox 1386 1594 1518 1643; x_wconf 90' lang='lat' dir='ltr'>probe.</span> 
     </span>
     <span class='ocr_line' id='line_1_29' title="bbox 195 1658 1520 1709; baseline -0.005 -6"><span class='ocrx_word' id='word_1_166' title='bbox 195 1666 259 1704; x_wconf 89' lang='lat' dir='ltr'>So.</span> <span class='ocrx_word' id='word_1_167' title='bbox 292 1666 415 1702; x_wconf 84' lang='lat' dir='ltr'>lassus</span> <span class='ocrx_word' id='word_1_168' title='bbox 445 1677 533 1702; x_wconf 86' lang='lat' dir='ltr'>sum</span> <span class='ocrx_word' id='word_1_169' title='bbox 562 1664 693 1702; x_wconf 90' lang='lat' dir='ltr'>hercle</span> <span class='ocrx_word' id='word_1_170' title='bbox 722 1677 744 1702; x_wconf 94' lang='lat' dir='ltr'>e</span> <span class='ocrx_word' id='word_1_171' title='bbox 774 1662 877 1709; x_wconf 80' lang='lat' dir='ltr'>naui,</span> <span class='ocrx_word' id='word_1_172' title='bbox 909 1669 952 1700; x_wconf 85' lang='lat' dir='ltr'>ut</span> <span class='ocrx_word' id='word_1_173' title='bbox 981 1668 1117 1700; x_wconf 86' lang='lat' dir='ltr'>uectus</span> <span class='ocrx_word' id='word_1_174' title='bbox 1147 1662 1225 1698; x_wconf 90' lang='lat' dir='ltr'>huc</span> <span class='ocrx_word' id='word_1_175' title='bbox 1254 1673 1365 1698; x_wconf 87' lang='lat' dir='ltr'>sum:</span> <span class='ocrx_word' id='word_1_176' title='bbox 1404 1658 1520 1697; x_wconf 84' lang='lat' dir='ltr'>etiam</span> 
     </span>
     <span class='ocr_line' id='line_1_30' title="bbox 1215 1737 1523 1769; baseline -0.003 -7"><span class='ocrx_word' id='word_1_177' title='bbox 1215 1738 1321 1762; x_wconf 90' lang='lat' dir='ltr'>nunc</span> <span class='ocrx_word' id='word_1_178' title='bbox 1350 1737 1497 1761; x_wconf 81' lang='lat' dir='ltr'>nauseo</span> <span class='ocrx_word' id='word_1_179' title='bbox 1514 1737 1523 1769; x_wconf 81' lang='lat'>3</span> 
     </span>
     <span class='ocr_line' id='line_1_31' title="bbox 195 1789 1359 1843; baseline -0.006 -10"><span class='ocrx_word' id='word_1_180' title='bbox 195 1794 260 1833; x_wconf 86' lang='lat' dir='ltr'>uix</span> <span class='ocrx_word' id='word_1_181' title='bbox 280 1794 423 1832; x_wconf 88' lang='lat' dir='ltr'>incedo</span> <span class='ocrx_word' id='word_1_182' title='bbox 444 1792 583 1840; x_wconf 81' lang='lat' dir='ltr'>inanis,</span> <span class='ocrx_word' id='word_1_183' title='bbox 606 1806 655 1831; x_wconf 91' lang='lat' dir='ltr'>ne</span> <span class='ocrx_word' id='word_1_184' title='bbox 676 1791 730 1831; x_wconf 92' lang='lat' dir='ltr'>ire</span> <span class='ocrx_word' id='word_1_185' title='bbox 751 1806 868 1843; x_wconf 84' lang='lat' dir='ltr'>posse</span> <span class='ocrx_word' id='word_1_186' title='bbox 888 1805 979 1830; x_wconf 86' lang='lat' dir='ltr'>cum</span> <span class='ocrx_word' id='word_1_187' title='bbox 1000 1804 1118 1829; x_wconf 90' lang='lat' dir='ltr'>onere</span> <span class='ocrx_word' id='word_1_188' title='bbox 1139 1789 1359 1829; x_wconf 84' lang='lat' dir='ltr'>existumes.</span> 
     </span>
     <span class='ocr_line' id='line_1_32' title="bbox 197 1855 1521 1907; baseline -0.005 -10"><span class='ocrx_word' id='word_1_189' title='bbox 197 1861 280 1897; x_wconf 88' lang='grc' dir='ltr'>ΜΕ.</span> <span class='ocrx_word' id='word_1_190' title='bbox 313 1865 417 1897; x_wconf 87' lang='lat' dir='ltr'>certe</span> <span class='ocrx_word' id='word_1_191' title='bbox 446 1857 552 1896; x_wconf 90' lang='lat' dir='ltr'>enim</span> <span class='ocrx_word' id='word_1_192' title='bbox 582 1857 647 1896; x_wconf 89' lang='lat' dir='ltr'>hic</span> <span class='ocrx_word' id='word_1_193' title='bbox 676 1857 901 1907; x_wconf 86' lang='lat' dir='ltr'>nescioquis</span> <span class='ocrx_word' id='word_1_194' title='bbox 927 1855 1110 1906; x_wconf 89' lang='lat' dir='ltr'>loquitur.</span> <span class='ocrx_word' id='word_1_195' title='bbox 1169 1856 1234 1893; x_wconf 90' lang='lat' dir='ltr'>So.</span> <span class='ocrx_word' id='word_1_196' title='bbox 1267 1855 1396 1892; x_wconf 80' lang='lat' dir='ltr'>saluos</span> <span class='ocrx_word' id='word_1_197' title='bbox 1423 1866 1521 1899; x_wconf 83' lang='lat' dir='ltr'>sum,</span> 
     </span>
     <span class='ocr_line' id='line_1_33' title="bbox 1207 1918 1523 1959; baseline -0.006 -1"><span class='ocrx_word' id='word_1_198' title='bbox 1207 1934 1289 1959; x_wconf 92' lang='lat' dir='ltr'>non</span> <span class='ocrx_word' id='word_1_199' title='bbox 1310 1933 1372 1958; x_wconf 92' lang='lat' dir='ltr'>me</span> <span class='ocrx_word' id='word_1_200' title='bbox 1393 1918 1523 1957; x_wconf 87' lang='lat' dir='ltr'>uidet:</span> 
     </span>
     <span class='ocr_line' id='line_1_34' title="bbox 199 1983 1606 2041; baseline -0.009 -10"><span class='ocrx_word' id='word_1_201' title='bbox 199 1995 208 2012; x_wconf 91' lang='lat'>‘</span> <span class='ocrx_word' id='word_1_202' title='bbox 222 1991 480 2041; x_wconf 89' lang='lat' dir='ltr'>nescioquem</span> <span class='ocrx_word' id='word_1_203' title='bbox 496 1992 504 2008; x_wconf 91' lang='lat'>&#39;</span> <span class='ocrx_word' id='word_1_204' title='bbox 524 1989 633 2040; x_wconf 89' lang='lat' dir='ltr'>loqui</span> <span class='ocrx_word' id='word_1_205' title='bbox 652 1996 831 2028; x_wconf 82' lang='lat' dir='ltr'>autumat</span> <span class='ocrx_word' id='word_1_206' title='bbox 845 2003 855 2037; x_wconf 81' lang='lat'><em>3</em></span> <span class='ocrx_word' id='word_1_207' title='bbox 885 1987 981 2026; x_wconf 89' lang='lat' dir='ltr'>mihi</span> <span class='ocrx_word' id='word_1_208' title='bbox 1002 1994 1108 2026; x_wconf 88' lang='lat' dir='ltr'>certo</span> <span class='ocrx_word' id='word_1_209' title='bbox 1128 1999 1276 2025; x_wconf 91' lang='lat' dir='ltr'>nomen</span> <span class='ocrx_word' id='word_1_210' title='bbox 1297 1983 1476 2023; x_wconf 87' lang='lat' dir='ltr'>Sosiaest.</span> <span class='ocrx_word' id='word_1_211' title='bbox 1548 1990 1606 2020; x_wconf 83' lang='lat'>180</span> 
     </span>
     <span class='ocr_line' id='line_1_35' title="bbox 198 2049 1524 2097; baseline -0.008 -2"><span class='ocrx_word' id='word_1_212' title='bbox 198 2058 280 2095; x_wconf 88' lang='grc' dir='ltr'>ΜΕ.</span> <span class='ocrx_word' id='word_1_213' title='bbox 313 2056 406 2095; x_wconf 90' lang='lat' dir='ltr'>hinc</span> <span class='ocrx_word' id='word_1_214' title='bbox 444 2055 550 2094; x_wconf 87' lang='lat' dir='ltr'>enim</span> <span class='ocrx_word' id='word_1_215' title='bbox 589 2054 686 2093; x_wconf 89' lang='lat' dir='ltr'>mihi</span> <span class='ocrx_word' id='word_1_216' title='bbox 723 2056 858 2094; x_wconf 81' lang='lat' dir='ltr'>dextra</span> <span class='ocrx_word' id='word_1_217' title='bbox 896 2066 973 2091; x_wconf 88' lang='lat' dir='ltr'>uox</span> <span class='ocrx_word' id='word_1_218' title='bbox 1010 2051 1122 2097; x_wconf 82' lang='lat' dir='ltr'>auris,</span> <span class='ocrx_word' id='word_1_219' title='bbox 1157 2058 1199 2088; x_wconf 91' lang='lat' dir='ltr'>ut</span> <span class='ocrx_word' id='word_1_220' title='bbox 1239 2049 1404 2095; x_wconf 82' lang='lat' dir='ltr'>uidetur,</span> <span class='ocrx_word' id='word_1_221' title='bbox 1444 2061 1524 2085; x_wconf 91' lang='lat' dir='ltr'>uer-</span> 
     </span>
    </p>
   </div>
   <div class='ocr_carea' id='block_1_8' title="bbox 195 2113 1525 2394">
    <p class='ocr_par' dir='ltr' id='par_1_8' title="bbox 1404 2113 1520 2151">
     <span class='ocr_line' id='line_1_36' title="bbox 1404 2113 1520 2151; baseline -0.017 0"><span class='ocrx_word' id='word_1_222' title='bbox 1404 2113 1520 2151; x_wconf 78' lang='lat' dir='ltr'>berat.</span> 
     </span>
    </p>

    <p class='ocr_par' dir='ltr' id='par_1_9' title="bbox 195 2216 1525 2394">
     <span class='ocr_line' id='line_1_37' title="bbox 237 2216 1520 2264; baseline -0.009 -9"><span class='ocrx_word' id='word_1_223' title='bbox 237 2234 302 2264; x_wconf 87' lang='lat'>315</span> <span class='ocrx_word' id='word_1_224' title='bbox 327 2224 467 2255; x_wconf 86' lang='lat' dir='ltr'>facimus</span> <span class='ocrx_word' id='word_1_225' title='bbox 487 2223 570 2254; x_wconf 85' lang='lat' dir='ltr'>Leo:</span> <span class='ocrx_word' id='word_1_226' title='bbox 596 2223 724 2254; x_wconf 85' lang='lat' dir='ltr'>facinus</span> <span class='ocrx_word' id='word_1_227' title='bbox 741 2219 805 2252; x_wconf 83' lang='lat' dir='ltr'>cod.</span> <span class='ocrx_word' id='word_1_228' title='bbox 898 2223 963 2258; x_wconf 87' lang='lat'>316</span> <span class='ocrx_word' id='word_1_229' title='bbox 983 2221 1058 2256; x_wconf 80' lang='lat' dir='ltr'>sort.</span> <span class='ocrx_word' id='word_1_230' title='bbox 1079 2228 1156 2249; x_wconf 89' lang='lat' dir='ltr'>eum</span> <span class='ocrx_word' id='word_1_231' title='bbox 1174 2228 1250 2248; x_wconf 84' lang='lat' dir='ltr'>esse</span> <span class='ocrx_word' id='word_1_232' title='bbox 1271 2227 1324 2256; x_wconf 88' lang='lat' dir='ltr'>op.</span> <span class='ocrx_word' id='word_1_233' title='bbox 1341 2216 1392 2255; x_wconf 59' lang='lat' dir='ltr'>(ff.</span> <span class='ocrx_word' id='word_1_234' title='bbox 1401 2216 1520 2253; x_wconf 74' lang='lat' dir='ltr'>som-n.</span> 
     </span>
     <span class='ocr_line' id='line_1_38' title="bbox 195 2258 1525 2308; baseline -0.008 -10"><span class='ocrx_word' id='word_1_235' title='bbox 195 2268 280 2299; x_wconf 77' lang='lat' dir='ltr'><em>Phil.</em></span> <span class='ocrx_word' id='word_1_236' title='bbox 298 2269 351 2308; x_wconf 86' lang='lat'>26,</span> <span class='ocrx_word' id='word_1_237' title='bbox 372 2277 437 2307; x_wconf 86' lang='lat'>295</span> <span class='ocrx_word' id='word_1_238' title='bbox 445 2279 451 2302; x_wconf 79' lang='grc'><strong><em>)</em></strong></span> <span class='ocrx_word' id='word_1_239' title='bbox 544 2277 658 2306; x_wconf 89' lang='lat' dir='ltr'>pugne</span> <span class='ocrx_word' id='word_1_240' title='bbox 680 2265 819 2305; x_wconf 79' lang='lat' dir='ltr'>Pylades</span> <span class='ocrx_word' id='word_1_241' title='bbox 907 2263 1026 2294; x_wconf 85' lang='lat' dir='ltr'>ieceris</span> <span class='ocrx_word' id='word_1_242' title='bbox 1050 2261 1202 2292; x_wconf 75' lang='lat' dir='ltr'>pareus:</span> <span class='ocrx_word' id='word_1_243' title='bbox 1225 2260 1378 2299; x_wconf 85' lang='lat' dir='ltr'>tetigeris</span> <span class='ocrx_word' id='word_1_244' title='bbox 1405 2258 1525 2298; x_wconf 77' lang='lat' dir='ltr'>Ussing</span> 
     </span>
     <span class='ocr_line' id='line_1_39' title="bbox 197 2301 1524 2351; baseline -0.01 -8"><span class='ocrx_word' id='word_1_245' title='bbox 197 2322 262 2351; x_wconf 88' lang='lat'>319</span> <span class='ocrx_word' id='word_1_246' title='bbox 285 2322 328 2342; x_wconf 87' lang='lat' dir='ltr'>ne</span> <span class='ocrx_word' id='word_1_247' title='bbox 345 2311 409 2342; x_wconf 89' lang='lat' dir='ltr'>cod.</span> <span class='ocrx_word' id='word_1_248' title='bbox 544 2320 608 2348; x_wconf 86' lang='lat'>320</span> <span class='ocrx_word' id='word_1_249' title='bbox 632 2311 718 2340; x_wconf 82' lang='lat' dir='ltr'>istuc</span> <span class='ocrx_word' id='word_1_250' title='bbox 732 2308 796 2339; x_wconf 88' lang='lat' dir='ltr'>cod.</span> <span class='ocrx_word' id='word_1_251' title='bbox 888 2317 949 2346; x_wconf 82' lang='lat'>321</span> <span class='ocrx_word' id='word_1_252' title='bbox 975 2307 1031 2336; x_wconf 76' lang='lat' dir='ltr'>vix</span> <span class='ocrx_word' id='word_1_253' title='bbox 1046 2308 1108 2336; x_wconf 79' lang='lat' dir='ltr'>suo</span> <span class='ocrx_word' id='word_1_254' title='bbox 1198 2305 1227 2335; x_wconf 88' lang='lat' dir='ltr'>ei</span> <span class='ocrx_word' id='word_1_255' title='bbox 1245 2304 1325 2334; x_wconf 89' lang='lat' dir='ltr'>mihi</span> <span class='ocrx_word' id='word_1_256' title='bbox 1343 2314 1373 2332; x_wconf 88' lang='lat' dir='ltr'>n.</span> <span class='ocrx_word' id='word_1_257' title='bbox 1386 2301 1524 2341; x_wconf 76' lang='lat' dir='ltr'>Pylades</span> 
     </span>
     <span class='ocr_line' id='line_1_40' title="bbox 198 2346 1523 2394; baseline -0.009 -8"><span class='ocrx_word' id='word_1_258' title='bbox 198 2365 261 2394; x_wconf 85' lang='lat'>322</span> <span class='ocrx_word' id='word_1_259' title='bbox 286 2355 338 2385; x_wconf 91' lang='lat' dir='ltr'>hic</span> <span class='ocrx_word' id='word_1_260' title='bbox 354 2354 432 2384; x_wconf 83' lang='lat' dir='ltr'>PBD</span> <span class='ocrx_word' id='word_1_261' title='bbox 521 2354 616 2384; x_wconf 88' lang='lat' dir='ltr'>affuit</span> <span class='ocrx_word' id='word_1_262' title='bbox 633 2352 696 2384; x_wconf 89' lang='lat' dir='ltr'>cod.</span> <span class='ocrx_word' id='word_1_263' title='bbox 811 2352 875 2390; x_wconf 89' lang='lat'>328</span> <span class='ocrx_word' id='word_1_264' title='bbox 899 2349 1166 2381; x_wconf 78' lang='lat' dir='ltr'>velonerandust</span> <span class='ocrx_word' id='word_1_265' title='bbox 1284 2357 1347 2386; x_wconf 85' lang='lat'>333</span> <span class='ocrx_word' id='word_1_266' title='bbox 1371 2357 1389 2376; x_wconf 95' lang='lat' dir='ltr'>a</span> <span class='ocrx_word' id='word_1_267' title='bbox 1406 2346 1523 2376; x_wconf 85' lang='lat' dir='ltr'>dextra</span> 
     </span>
    </p>
   </div>
   <div class='ocr_carea' id='block_1_9' title="bbox 199 2388 1504 2434">
    <p class='ocr_par' dir='ltr' id='par_1_10' title="bbox 199 2388 1504 2434">
     <span class='ocr_line' id='line_1_41' title="bbox 199 2388 1504 2434; baseline -0.011 -4"><span class='ocrx_word' id='word_1_268' title='bbox 199 2409 266 2430; x_wconf 85' lang='lat' dir='ltr'>uox</span> <span class='ocrx_word' id='word_1_269' title='bbox 281 2397 495 2430; x_wconf 78' lang='lat' dir='ltr'>Lindemann</span> <span class='ocrx_word' id='word_1_270' title='bbox 510 2409 518 2428; x_wconf 70' lang='grc' dir='ltr'><strong>ι</strong></span> <span class='ocrx_word' id='word_1_271' title='bbox 541 2408 609 2428; x_wconf 86' lang='lat' dir='ltr'>uox</span> <span class='ocrx_word' id='word_1_272' title='bbox 626 2396 768 2428; x_wconf 85' lang='lat' dir='ltr'>dextera</span> <span class='ocrx_word' id='word_1_273' title='bbox 787 2394 929 2434; x_wconf 80' lang='lat' dir='ltr'>Gm&#39;etns,</span> <span class='ocrx_word' id='word_1_274' title='bbox 950 2393 1067 2433; x_wconf 81' lang='lat' dir='ltr'>quibus</span> <span class='ocrx_word' id='word_1_275' title='bbox 1083 2392 1204 2422; x_wconf 82' lang='lat' dir='ltr'>dextra</span> <span class='ocrx_word' id='word_1_276' title='bbox 1221 2389 1346 2421; x_wconf 80' lang='lat' dir='ltr'>adverb.</span> <span class='ocrx_word' id='word_1_277' title='bbox 1366 2388 1504 2429; x_wconf 76' lang='lat' dir='ltr'>displicet</span> 
     </span>
    </p>
   </div>
  </div>
 </body>
</html>
