1794 2728
210 55 241 92 1.

208 309 245 331 10

206 633 243 665 15

207 958 246 979 20

210 1740 223 1748 ”
269 1727 329 1764 L1.
352 1726 393 1764 di
408 1726 479 1764 tibi
496 1727 591 1764 dent
605 1739 911 1776 quaequomque
925 1733 1048 1776 optes.
1082 1727 1157 1763 DE.
1177 1727 1298 1764 redde
1312 1738 1472 1776 operam
1488 1723 1594 1763 mihi.

261 53 275 90 i
677 54 724 91 T.
758 52 937 91 MACCI
968 52 1172 89 PLAVTI

265 165 341 201 DE.
375 165 448 201 Per
471 162 591 200 Dium
614 162 770 200 Fidium
793 161 969 210 quaeris:
1002 160 1126 197 iurato
1147 159 1243 198 mihi

264 227 382 267 uideo
403 240 563 265 necesse
584 240 669 265 esse
690 225 822 275 eloqui
843 224 1037 274 quidquid
1058 237 1180 274 roges.

267 289 342 343 [ita
362 307 425 331 me
446 292 641 342 opstinate
661 293 878 340 adgressu⁷s
901 299 942 328 ut
963 303 1043 327 non
1063 291 1231 328 audeam
1608 296 1651 334 25

264 358 441 407 profecto
463 354 708 405 percontanti
731 353 824 403 quin
847 367 1025 403 promam
1047 352 1210 406 omnia]

263 421 428 470 proinde
448 428 623 459 actutum
647 419 746 456 istuc
770 417 865 467 quid
888 418 935 456 sit
956 419 1064 468 quod
1086 418 1182 457 scire
1202 418 1350 468 expetis

263 489 470 536 eloquere:
500 494 541 523 ut
563 486 646 535 ipse
669 483 790 530 scibo,
815 491 853 521 te
874 483 1013 521 faciam
1036 491 1077 522 ut
1099 483 1208 522 scias.

264 554 324 590 LI.
357 552 420 590 dic
441 564 606 601 opsecro
628 551 758 588 hercle
783 548 883 587 serio
906 550 1014 598 quod
1035 556 1073 586 te
1093 562 1238 598 rogem,

264 630 360 655 caue
382 616 476 654 mihi
498 615 680 654 mendaci
703 615 928 665 quicquam.
990 616 1065 651 DE.
1099 613 1194 664 quin
1214 621 1256 651 tu
1277 626 1369 663 ergo
1389 615 1530 662 rogas?
1610 628 1656 663 30

265 685 324 720 L1.
357 696 452 719 num
475 695 537 719 me
558 681 650 719 illuc
671 680 783 719 ducis
807 680 875 718 ubi
896 679 994 729 lapis
1015 678 1187 728 lapidem
1208 678 1325 716 terit?

267 749 342 785 DE.
375 747 470 796 quid
492 747 591 784 istuc
612 748 700 784 est?
729 754 796 784 aut
819 745 887 783 ubi
908 745 1008 783 istuc
1029 753 1086 783 est
1107 752 1294 782 terrarum
1314 743 1420 782 loci?

266 813 325 850 L1.
358 811 425 849 ubi
447 813 541 849 flent
562 824 733 860 nequam
757 810 939 847 homines
961 809 1028 859 qui
1048 811 1250 859 polentam
1271 808 1471 858 pinsitam,

264 878 370 927 apud
391 876 654 922 fustitudinas,
678 875 946 925 ferricrepinas
966 874 1123 920 insulas,

266 942 334 981 ubi
354 942 467 980 uiuos
488 941 670 980 homines
692 941 835 979 mortui
855 941 1055 979 incursant
1074 941 1210 979 boues.
1613 956 1654 992 35

269 1010 343 1046 DE.
377 1009 498 1046 modo
519 1009 586 1058 pol
608 1007 776 1057 percepi,
802 1007 962 1053 Libane,
987 1008 1082 1057 quid
1103 1006 1202 1044 istuc
1223 1005 1271 1044 sit
1290 1005 1367 1043 loci
1385 1020 1392 1044 :

267 1073 334 1111 ubi
355 1075 396 1111 fit
417 1075 587 1123 polenta,
611 1082 649 1111 te
671 1075 833 1112 fortasse
855 1073 996 1111 dicere.
1057 1074 1117 1111 L1.
1148 1074 1210 1119 ah,

267 1152 395 1188 neque
416 1139 546 1176 hercle
567 1151 640 1188 ego
661 1138 761 1176 istuc
782 1137 873 1176 dico
895 1151 968 1175 nec
989 1136 1139 1175 dictum
1160 1138 1264 1183 uolo,

266 1211 383 1253 teque
404 1216 567 1252 opsecro
589 1204 719 1241 hercle
741 1210 783 1240 ut
803 1216 905 1252 quae
926 1203 1091 1240 locutu's
1112 1203 1292 1251 despuas.

229 1283 244 1314 5
268 1270 344 1306 DE.
376 1269 453 1315 fiat,
475 1276 629 1318 geratur
650 1281 734 1306 mos
756 1267 836 1306 tibi.
898 1269 958 1305 L1.
989 1281 1061 1317 age
1081 1280 1166 1316 age,
1185 1280 1310 1317 usque
1331 1280 1497 1306 exscrea.
1613 1281 1660 1314 40

269 1336 344 1372 DE.
377 1333 577 1372 etiamne?
634 1336 695 1372 L1.
727 1347 798 1384 age
833 1346 1001 1384 quaesso
1035 1334 1166 1372 hercle
1204 1346 1329 1383 usque
1368 1346 1414 1371 ex
1452 1331 1594 1383 penitis

1402 1398 1593 1436 faucibus.

267 1464 385 1503 etiam
405 1465 585 1516 amplius.
646 1467 720 1504 DE.
754 1478 846 1504 nam
867 1466 947 1516 quo
968 1467 1123 1515 usque?
1179 1466 1239 1503 L1.
1272 1477 1397 1514 usque
1420 1464 1472 1502 ad
1498 1477 1596 1502 mor-

1389 1536 1469 1567 tem
1490 1530 1592 1567 uolo.
1609 1525 1612 1529 ’

270 1597 345 1634 DE.
377 1609 473 1634 caue
494 1597 544 1634 sis
566 1597 710 1634 m'alam
731 1609 823 1634 rem.
885 1597 945 1633 L1.
978 1595 1108 1634 uxoris
1128 1595 1230 1642 dico,
1255 1608 1335 1633 non
1356 1601 1474 1633 tuam.

270 1663 345 1699 DE.
378 1663 486 1699 dono
507 1668 544 1700 te
565 1661 617 1699 ob
639 1661 739 1699 istuc
760 1660 911 1699 dictum
933 1668 975 1699 ut
996 1673 1131 1710 expers
1152 1660 1203 1698 sis
1225 1668 1343 1698 metu.
1615 1651 1661 1733 ἐξ

269 1804 340 1840 qur
360 1792 436 1829 hoc
457 1804 529 1840 ego
550 1804 597 1829 ex
617 1798 655 1829 te
676 1793 892 1841 quaeram?
920 1799 987 1829 aut
1008 1805 1080 1841 qur
1100 1790 1257 1829 miniter
1276 1789 1347 1829 tibi

268 1863 473 1905 propterea
494 1857 603 1905 quod
624 1869 687 1894 me
708 1870 789 1894 non
810 1856 1000 1894 scientem
1021 1855 1188 1894 feceris?

268 1929 335 1959 aut
356 1934 427 1971 qur
447 1929 647 1971 postremo
668 1921 748 1960 filio
770 1935 1032 1968 suscenseam,

268 1994 396 2037 patres
418 1994 459 2024 ut
480 1987 628 2025 faciunt
651 1986 797 2024 ceteri?
854 1988 915 2024 L1.
948 1986 1044 2036 quid
1065 1986 1164 2024 istuc
1185 1985 1279 2024 noui
1300 1987 1387 2024 est?
1617 2000 1662 2038 50

313 2100 354 2129 23
378 2090 475 2120 deum
488 2089 553 2122 cod.
697 2100 749 2129 25,
771 2092 812 2120 26
835 2090 903 2121 secl.
923 2089 998 2129 Leo,
1019 2090 1053 2120 in
1069 2090 1176 2120 locum
1193 2100 1243 2121 vv.
1263 2100 1369 2129 23—24
1386 2090 1420 2120 in
1438 2090 1599 2120 recentiore

271 2133 444 2164 recensione
458 2134 640 2174 suppositos
751 2143 804 2172 32,
816 2142 857 2172 33
871 2137 945 2173 post
960 2144 988 2164 v.
1006 2143 1046 2171 47
1064 2134 1222 2164 iterantur
1236 2134 1270 2164 in
1287 2133 1353 2164 cod.
1369 2133 1418 2173 (ii.
1431 2134 1468 2172 6)
1557 2143 1599 2171 32

269 2189 296 2208 a.
317 2188 347 2207 u.
368 2177 453 2208 istuc
470 2177 514 2207 sit
531 2187 663 2216 nequeo
682 2187 824 2207 noscere
841 2177 874 2206 in
891 2187 920 2207 v.
940 2176 1063 2218 repetito
1080 2176 1144 2208 cod.
1278 2187 1320 2216 33
1343 2177 1410 2207 secl.
1427 2176 1600 2206 Am'dalius

268 2220 479 2260 pinsitantin
499 2231 527 2250 v.
543 2222 669 2260 repetito
684 2232 691 2250 ε
715 2221 906 2259 pransitant
923 2220 974 2250 ln'c
983 2219 1048 2251 cod.
1139 2229 1179 2259 37
1205 2219 1267 2250 ahc
1278 2219 1342 2251 cod.
1358 2220 1410 2259 (es.
1423 2221 1508 2250 vahc
1519 2220 1598 2260 461)

269 2273 311 2302 39
335 2264 391 2303 qui
408 2264 454 2294 3³
608 2274 646 2303 41
667 2267 744 2303 post
759 2274 787 2294 v.
806 2273 846 2303 55
865 2263 913 2305 (ii.
932 2264 980 2304 6),
999 2263 1098 2306 prius
1113 2273 1179 2294 om.
1193 2267 1326 2304 propter
1346 2263 1600 2294 lzomoeoarclzon

269 2308 369 2338 etiam
502 2318 543 2346 44
568 2307 616 2337 vel
631 2308 686 2337 ted
