1814 2723
158 77 225 114 IV.
247 75 278 112 ii
668 71 714 109 T.
748 68 929 109 MACCI
961 67 1164 105 PLAVTI

255 187 296 223 L.
321 186 355 223 S.
389 183 430 222 di
451 182 692 230 inmortales,
713 182 822 231 quod
843 193 916 230 ego
937 180 1043 217 hunc
1063 177 1267 217 hominem
1283 175 1434 215 facinus
1449 172 1585 213 audiui

1447 238 1587 290 loqui?

197 334 233 356 10
253 329 295 354 se
314 316 444 353 aulam
467 321 650 352 onustam
671 311 753 350 auri
773 309 1006 362 apstrusisse
1026 308 1091 347 hic
1112 308 1217 346 intus
1237 307 1277 345 in
1298 308 1390 345 fano
1412 304 1511 344 Fidi.

254 394 350 419 caue
371 388 412 418 tu
433 379 487 417 illi
508 378 645 425 fidelis,
669 389 831 427 quaeso,
852 374 983 426 potius
1004 373 1121 412 fueris
1142 386 1261 423 quam
1283 371 1390 410 mihi.

252 454 371 495 atque
400 444 463 482 hic
493 451 602 494 pater
631 449 700 490 est,
723 448 765 479 ut
794 453 868 491 ego
897 438 1048 490 opinor,
1071 437 1186 476 huius
1218 450 1306 476 erus
1333 448 1453 486 quam
1482 441 1587 473 amat

1426 499 1583 553 (meus).

254 578 321 616 ibo
342 577 434 614 hinc
456 576 571 623 intro,
591 572 866 624 perscrutabor
886 572 1033 618 fanum,
1052 569 1083 608 si
1104 568 1304 607 inueniam
1325 565 1478 617 uspiam
1603 567 1674 603 620

255 656 403 688 aurum,
428 642 523 680 dum
545 639 610 677 hic
630 646 689 677 est
709 644 935 688 occupatus.
995 636 1065 674 sed
1086 634 1117 673 si
1137 646 1358 684 repperero,
1378 645 1403 670 o
1424 630 1556 677 Fides,

200 724 235 755 15
258 707 370 746 mulsi
393 705 613 755 congialem
634 706 792 754 plenam
813 701 955 741 faciam
976 700 1047 739 tibi
1067 698 1252 738 fideliam.

258 774 298 812 id
319 773 420 811 adeo
436 770 506 809 tibi
527 769 668 808 faciam
683 784 695 817 3
722 781 860 807 uerum
877 780 950 817 ego
965 765 1061 804 mihi
1082 764 1229 811 bibam,
1244 763 1313 801 ubi
1332 763 1373 801 id
1393 763 1589 801 fecero—-

197 884 243 920 iii
818 882 1031 919 EVCLlo

263 969 359 1005 Evc.
402 966 495 1004 Non
525 972 672 1003 temere
704 970 762 1001 est
793 962 904 1012 quod
936 972 1078 1000 coruos
1112 964 1244 997 cantat
1278 956 1374 996 mihi
1408 969 1514 994 nunc
1542 955 1594 993 ab

1317 1023 1430 1060 laeua
1450 1033 1569 1059 manu
1585 1035 1594 1068 ;

260 1097 384 1134 semul
406 1095 567 1133 radebat
587 1093 757 1144 pedibus
777 1100 919 1131 terram
940 1097 979 1129 et
998 1103 1099 1128 uoce
1118 1088 1316 1127 croccibat
1336 1099 1429 1125 sua:
1613 1087 1679 1132 625

261 1161 451 1200 continuo
472 1172 605 1198 meum
626 1172 694 1197 cor
714 1157 845 1208 coepit
865 1164 988 1195 artem
1010 1156 1137 1193 facere
1157 1153 1349 1192 ludicram

262 1234 381 1276 atque
401 1225 440 1264 in
461 1232 601 1276 pectus
620 1223 800 1262 emicare.
859 1222 930 1260 sed
949 1234 1023 1271 ego
1043 1232 1156 1259 cesso
1176 1231 1339 1258 currere.

200 1341 246 1376 iv
485 1339 698 1375 EVCLIO
811 1337 1128 1373 LYCONIDIS
1175 1334 1387 1371 SEvas

268 1423 364 1459 Evc.
397 1418 456 1472 <1>
477 1421 589 1466 foras,
612 1418 814 1464 lumbrioe,
837 1416 905 1467 qui
925 1416 1000 1454 sub
1020 1423 1120 1454 terra
1139 1413 1316 1464 erepsisti
1337 1413 1470 1459 modo,

264 1485 331 1535 qui
352 1486 474 1524 modo
494 1497 691 1534 nusquam
707 1481 977 1532 comparebas‚
995 1494 1103 1518 nunc
1119 1492 1241 1530 quom
1258 1490 1461 1528 compares
1482 1474 1594 1527 peris.

265 1549 370 1603 [ego]
392 1551 536 1600 edepol
558 1557 607 1596 te,
631 1546 930 1598 praestrigiator,
953 1544 1103 1584 miseris
1124 1544 1202 1583 iam
1222 1542 1415 1593 accipiam
1437 1540 1576 1581 modis.
1615 1529 1686 1592 630

266 1618 308 1654 L.
334 1617 371 1654 S.
402 1628 503 1664 quae
531 1622 569 1652 te
595 1605 698 1651 mala
727 1625 820 1651 crux
845 1611 994 1661 agitat?
1022 1609 1119 1660 quid
1139 1608 1211 1647 tibi
1238 1620 1395 1646 mecum
1416 1614 1474 1645 est
1494 1619 1598 1644 corn-

1299 1672 1429 1719 merci‚
1452 1672 1600 1711 senex?

229 1765 245 1795 5
269 1746 365 1795 quid
386 1759 449 1783 me
464 1744 672 1787 adflictas?
692 1742 789 1793 quid
806 1755 870 1781 me
885 1749 1014 1792 raptas
1026 1742 1044 1779 ?
1063 1753 1142 1790 qua
1158 1752 1221 1777 me
1236 1751 1375 1778 caussa
1390 1736 1602 1776 uerberas?

271 1812 368 1849 Evc.
400 1809 782 1856 uerberabilissume,
805 1807 924 1847 etiam
946 1805 1100 1856 rogitas,
1124 1817 1205 1842 non
1226 1805 1297 1851 fur,
1320 1803 1390 1841 sed
1410 1801 1549 1840 trifur?

272 1877 313 1913 L.
339 1877 373 1914 S.
407 1874 502 1924 quid
523 1874 593 1913 tibi
615 1872 825 1923 surrupui?
883 1873 983 1910 EVC.
1014 1870 1136 1908 redde
1152 1870 1230 1907 huc
1247 1868 1309 1906 sis.
1370 1869 1413 1905 L.
1437 1868 1473 1905 S.
1506 1865 1602 1915 quid

909 1935 980 1974 tibi
1001 1935 1060 1973 uis
1081 1935 1244 1973 reddam
1258 1935 1276 1971 ?
1333 1934 1430 1970 Evc.
1462 1932 1603 1980 rogas?

313 2046 377 2074 616
410 2044 525 2075 audiui
553 2043 667 2079 Bothe,
697 2045 800 2072 metro
825 2040 1016 2071 consulens:
1055 2039 1157 2070 audio
1187 2037 1277 2068 cod.:
1315 2036 1414 2067 audio
1444 2034 1602 2078 <e)loqui

270 2087 397 2118 Sclzoell
525 2089 587 2126 617
611 2087 661 2118 vel
678 2084 771 2116 Fid&
915 2085 981 2123 619
1004 2082 1053 2113 vel
1067 2083 1171 2122 opino
1260 2090 1356 2111 meus
1372 2078 1448 2110 add.
1469 2077 1602 2109 Luchs:

270 2130 457 2173 (uirginis)
475 2130 613 2161 Mueller
739 2131 806 2167 623
829 2128 862 2158 id
889 2128 945 2158 ubi
969 2126 1050 2156 Reiz
1195 2125 1259 2162 625
1283 2122 1381 2154 simul
1398 2122 1484 2153 codd.
1503 2121 1608 2153 Nonii

270 2185 333 2214 45:
364 2175 470 2206 semel
495 2173 559 2205 cod.
583 2175 655 2214 (pro
674 2172 795 2211 semul,
816 2171 955 2211 antiqua
973 2170 1109 2210 forma)
1236 2168 1300 2197 628
1324 2167 1337 2197 1
1362 2167 1451 2197 foras
1468 2165 1603 2196 Lambi-

271 2230 336 2261 uus
353 2230 359 2249 :
384 2216 534 2259 (Foras)
552 2217 642 2247 foras
662 2215 874 2247 Camerarius
1015 2215 1080 2252 629
1104 2211 1322 2251 compat-abas
1352 2209 1417 2241 cod.
1538 2210 1604 2248 630

272 2272 335 2301 ego
351 2261 452 2292 delevi
466 2260 522 2302 (iv.
543 2262 578 2299 3)
711 2261 775 2299 634
801 2268 901 2297 rogas
919 2255 1152 2288 Camerarius:
1176 2254 1303 2294 rogitas
1318 2255 1383 2284 cod.
1407 2253 1460 2294 (cf.
1479 2253 1557 2293 633)
