1814 2723
229 48 256 86 I.
281 49 310 85 ii
694 49 741 85 T.
775 46 955 85 MACCI
989 47 1191 84 PLAVTI

279 174 368 199 ossa
387 167 506 210 atque
526 159 637 211 pellis
659 172 744 197 sum
767 157 1222 196 misera—macritudine
1237 172 1248 205 3
1634 165 1697 203 135

278 239 408 276 neque
428 238 618 275 umquam
639 223 852 274 quicquam
873 236 937 261 me
957 221 1065 260 iuuat
1085 224 1193 272 quod
1214 224 1291 261 edo
1311 223 1421 262 domi
1438 238 1445 261 :

281 290 370 330 foris
391 289 679 340 aliquantillum
700 287 818 326 etiam
840 288 949 337 quod
969 294 1084 337 gusto
1104 286 1145 325 id
1166 288 1266 325 beat.

281 357 361 394 HE.
396 355 580 404 Ergasile‚
604 355 720 392 salue.
783 354 857 390 ER.
889 351 930 390 di
951 359 989 389 te
1010 352 1111 390 bene
1130 360 1275 399 ament,
1301 352 1443 403 Hegio.

219 430 262 462 30
283 423 361 458 HE.
395 435 443 458 ne
461 420 519 458 fle.
573 422 646 457 ER.
679 431 804 467 egone
824 417 934 455 illurn
951 430 1031 455 non
1051 418 1196 456 fleam?
1225 431 1325 467 egon
1347 432 1427 457 non
1444 419 1612 458 defleam

280 488 397 524 talem
418 485 744 524 adulescentem?
802 485 883 520 HE.
915 495 1069 532 semper
1089 481 1192 520 sensi
1213 482 1293 520 filio
1636 493 1702 527 140

279 565 369 589 meo
390 558 427 589 te
449 564 533 588 esse
553 549 725 587 amicum
747 555 785 586 et
805 547 915 586 illum
937 546 1108 585 intellexi
1128 546 1210 585 tibi.

280 618 355 655 ER.
386 623 469 653 tum
491 614 663 663 denique
684 612 865 651 homines
886 619 1019 651 nostra
1038 611 1299 661 intellegimus
1321 612 1436 659 bona,

279 695 400 732 quom
422 693 522 730 quae
543 679 582 717 in
604 685 797 729 potestate
818 677 1028 716 habuimus
1050 691 1095 715 ea
1115 676 1328 715 amisimus.

219 762 258 794 35
279 761 362 797 ego,
385 753 596 796 postquam
616 751 756 794 gnatus
776 744 856 781 tuo⁷
877 742 1041 793 potitust
1062 741 1244 788 hostium,

280 819 459 862 expertus
480 809 616 860 quanti
637 808 751 848 fuerit
771 821 878 846 nunc
898 807 1089 846 desidero.
1638 816 1700 853 145

281 879 361 915 HE.
394 876 545 915 alienus
567 888 688 925 quom
710 873 793 912 eius
814 873 1113 912 incommodum
1136 879 1215 910 tarn
1235 886 1349 923 aegre
1370 874 1481 921 feras5

280 941 376 992 quid
398 955 460 979 me
481 947 631 990 patrem
652 953 721 989 par
741 940 915 985 facerest,
938 937 1032 988 quoi
1053 936 1116 975 ille
1137 944 1195 975 est
1215 937 1383 976 unicus?

283 1009 356 1046 ER.
389 1006 568 1044 alienus?
598 1018 671 1054 ego
691 1004 841 1042 alienus
862 1003 946 1041 illi?
974 1004 1062 1051 aha,
1084 1002 1227 1053 Hegio,

220 1089 263 1120 40
282 1085 499 1122 numquam
520 1070 621 1109 istuc
641 1069 740 1108 dixis
761 1082 891 1119 neque
910 1068 1087 1106 animum
1108 1067 1263 1106 induxis
1284 1075 1393 1106 tuom
1410 1083 1419 1116 3

281 1137 352 1176 tibi
372 1137 437 1175 ille
458 1136 625 1182 unicust,
649 1134 703 1172 mi
724 1133 842 1172 etiam
863 1133 982 1172 unico
1003 1132 1126 1183 magis
1146 1132 1297 1171 unicus.
1640 1140 1707 1177 150

283 1204 364 1241 HE.
396 1202 526 1248 laudo,
550 1201 697 1238 malum
719 1213 840 1249 quom
860 1198 977 1237 amici
998 1205 1108 1236 tuom
1129 1197 1241 1237 ducis
1262 1200 1421 1237 malurn.

282 1281 387 1306 nunc
407 1267 510 1305 habe
531 1266 682 1304 bonum
703 1264 891 1303 animum.
952 1265 1026 1301 ER.
1058 1264 1170 1309 e'heu,
1194 1263 1286 1302 huic
1306 1263 1403 1302 illud
1424 1264 1598 1311 dolet‚——

283 1333 374 1383 quia
394 1345 499 1370 nunc
520 1330 704 1370 remissus
726 1337 784 1369 est
804 1329 950 1368 edendi
971 1328 1170 1367 exercitus.

221 1410 262 1441 45
285 1401 364 1437 HE.
397 1399 602 1436 nullumne
622 1395 770 1434 interea
789 1395 948 1441 nactu'S‚
973 1393 1040 1444 qui
1061 1401 1193 1444 posset
1214 1393 1284 1432 tibi

282 1463 486 1502 remissurn
508 1475 626 1512 quem
648 1460 744 1500 dixti
765 1460 954 1510 imperare
976 1459 1217 1498 exercitum?
1641 1465 1704 1502 155

283 1531 356 1567 ER.
390 1528 485 1578 quid
506 1526 662 1565 credis?
690 1525 856 1575 fugitant
878 1538 1015 1563 omnes
1036 1525 1138 1562 hanc
1159 1523 1415 1573 prouinciam,

281 1593 375 1644 quoi
395 1592 817 1643 optigerat·postquam
840 1597 994 1641 captust
1016 1589 1312 1639 Philopolemus
1332 1596 1431 1626 tuos.

283 1661 363 1697 HE.
396 1671 476 1697 non
497 1658 563 1708 pol
584 1656 807 1695 mirandum
829 1663 886 1695 est
908 1654 1071 1705 fugitare
1091 1655 1194 1692 hanc
1214 1653 1470 1703 prouinciam,

222 1739 263 1771 50
283 1723 413 1762 multis
434 1730 472 1762 et
493 1720 815 1772 multigeneribus
839 1734 938 1771 opus
959 1727 1018 1758 est
1038 1718 1109 1758 tibi

282 1789 494 1827 militibus:
525 1787 793 1838 primumdum
816 1800 916 1837 opus
938 1793 995 1824 est
1017 1783 1305 1823 Pistorensibus
1320 1799 1330 1832 3
1641 1785 1707 1820 160

282 1868 417 1893 eorum
438 1861 527 1891 sunt
547 1852 697 1904 aliquot
719 1865 863 1903 genera
883 1850 1165 1888 Pistorensium
1184 1864 1190 1886 :

283 1919 373 1969 opu’
395 1917 550 1956 Panicis
571 1925 640 1964 est,
665 1918 757 1968 opu'
779 1914 1018 1954 Placentinis
1039 1927 1198 1964 quoque
1215 1928 1223 1959 3

283 1984 372 2032 opu’
393 1981 642 2028 Turdetanis,
669 1988 786 2032 opust
808 1979 1133 2018 Ficedulensibus
1149 1993 1159 2025 ,-

223 2064 240 2095 5
247 2064 262 2096 5
283 2047 359 2085 iarn
382 2045 578 2085 maritumi
599 2059 737 2084 omnes
759 2044 901 2083 milites
917 2045 1007 2094 opu’
1028 2050 1119 2081 sunt
1139 2042 1219 2081 tibi.

283 2114 357 2150 ER.
390 2120 432 2150 ut
452 2125 568 2161 saepe
589 2124 743 2149 summa
763 2109 920 2160 ingenia
939 2109 978 2147 in
1000 2109 1156 2147 occulto
1176 2109 1297 2145 latent
1315 2109 1321 2144 1
1641 2108 1703 2153 165

328 2225 388 2254 135
412 2215 514 2245 miser
531 2213 619 2244 codd.
644 2214 822 2252 Nom'i136
938 2212 998 2250 148
1024 2211 1070 2240 illi
1093 2209 1215 2240 Bothe:
1241 2209 1295 2240 ille
1320 2207 1384 2239 cod.
1481 2218 1542 2248 150
1565 2210 1621 2240 vix

282 2260 414 2291 unicust
431 2257 495 2299 <vel
511 2257 658 2297 uncust),
679 2257 761 2287 mihi
922 2264 983 2294 155
1008 2253 1094 2284 dixit
1113 2252 1178 2284 cod.
1201 2253 1246 2294 (ii.
1268 2253 1302 2292 7)
1455 2261 1513 2291 157
1538 2253 1619 2291 quoi

285 2304 514 2334 Camerarms:
538 2301 629 2340 quod
646 2300 712 2331 cod.
845 2299 905 2328 162
929 2297 1081 2338 parsiceis
1097 2295 1162 2327 cod.
1308 2297 1367 2334 163
1391 2295 1448 2326 vix
1462 2305 1549 2335 opus
1567 2300 1619 2326 est

285 2345 526 2378 Ficellensibus
544 2346 568 2386 <-
575 2344 672 2385 elie-)
