1814 2723
230 78 282 115 II.

305 78 380 115 viii
721 79 766 115 T.
800 76 981 116 MACCI
1014 77 1216 115 PLAVTI

304 186 399 237 quin
421 199 493 236 ego
513 186 588 224 illis
608 185 728 224 hodie
749 198 975 235 comparem
996 198 1182 236 magnum
1204 187 1350 224 malum
1653 198 1716 236 505

244 268 284 305 70
304 254 479 305 quinque
500 255 601 292 hanc
622 267 782 292 omnem
803 266 884 291 rem
906 266 1018 291 meae
1038 266 1125 291 erae
1145 252 1223 291 iam
1244 252 1383 292 faciam
1403 254 1545 303 palam.

244 589 281 623 75

170 1070 279 1107 HLi

246 1830 282 1852 10

303 321 525 358 manufesto
546 327 662 357 teneo
682 318 723 356 in
744 317 860 356 noxia
880 317 1060 356 inimicos
1081 331 1200 356 meos.

301 386 371 423 sed
392 384 423 423 si
444 398 549 422 nunc
570 385 696 422 facere
717 385 800 421 uolt
821 396 885 421 era
905 382 1076 420 officium
1098 396 1222 429 suom,

302 457 434 488 nostra
455 448 583 487 omnis
604 448 649 486 lis
671 455 739 486 est.
798 448 960 498 pulchre
981 455 1204 497 praeuortar
1224 447 1337 486 uiros<

303 522 437 553 nostro
459 514 591 552 omine
611 513 640 552 it
660 513 769 561 dies3
798 512 875 551 iam
897 512 991 550 uicti
1011 512 1191 551 uicimus.
1654 523 1721 560 510

304 580 371 618 ibo
391 580 503 626 intro,
527 587 569 617 ut
590 579 630 617 id
651 580 759 628 quod
780 578 878 616 alius
900 577 1077 616 condiuit
1098 591 1258 628 coquos,

303 658 375 694 ego
397 657 501 682 nunc
523 643 695 682 uicissim
717 651 759 681 ut
780 642 856 681 alio
877 650 994 693 pacto
1014 642 1212 690 condiam,

303 722 382 758 quo
403 708 443 747 id
465 708 558 758 quoi
579 715 758 758 paratum
781 715 839 746 est
859 715 901 745 ut
922 715 1101 757 paratum
1121 721 1171 745 ne
1191 707 1264 745 siet

302 773 454 824 sietque
475 774 510 812 ei
530 781 709 824 paratum
731 774 839 824 quod
856 780 1035 824 paratum
1056 785 1137 811 non
1158 780 1305 812 erat.—

783 964 1021 1011 ACTVS
1073 963 1152 1010 III

589 1071 915 1108 LYS1DAMvs
1029 1071 1353 1108 ALCESIMVS

300 1164 370 1201 LY.
404 1164 522 1201 Nunc
543 1161 671 1209 amici,
694 1162 797 1200 ainne
818 1161 967 1200 inimici
989 1161 1039 1200 sis
1061 1161 1201 1212 imago,
1224 1161 1434 1209 Alcesime,
1653 1174 1717 1211 515

301 1227 397 1265 mihi
413 1226 548 1275 sciam,
564 1240 670 1265 nunc
687 1226 889 1277 specimen
910 1225 1091 1277 specitur,
1109 1240 1215 1265 nunc
1235 1234 1433 1265 certarnen
1449 1225 1630 1265 cernitur.

301 1307 374 1343 qur
394 1306 521 1331 amem
545 1306 608 1330 me
629 1291 831 1342 castigare,
852 1291 891 1330 id
913 1291 1052 1341 ponito
1072 1293 1123 1330 ad
1144 1291 1439 1342 compendium,

303 1361 311 1377 ‘
325 1371 426 1397 cano
447 1357 595 1408 capite'
620 1360 767 1395 ‘aetate
787 1356 936 1395 aliena'
958 1370 1005 1395 eo
1025 1356 1163 1395 addito
1183 1358 1234 1395 ad
1255 1356 1549 1407 compendium,

303 1426 311 1442 ‘
325 1422 417 1473 quoi
439 1422 487 1461 sit
508 1435 604 1460 uxor
617 1423 636 1469 ’,
659 1421 699 1460 id
721 1434 881 1472 quoque
902 1421 994 1460 illuc
1014 1420 1152 1471 ponito
1172 1422 1223 1460 ad
1243 1421 1537 1472 compendium.

299 1490 372 1525 AL.
406 1487 646 1526 miseriorem
668 1499 740 1537 ego
762 1500 808 1525 ex
828 1500 961 1525 amore
982 1500 1102 1536 quam
1123 1493 1160 1525 te
1180 1486 1263 1525 uidi
1284 1486 1497 1526 neminem.
1652 1499 1720 1535 520

301 1554 370 1590 Lv.
400 1554 460 1591 fac
477 1559 619 1608 uacent
635 1553 763 1590 aedes.
806 1553 879 1589 AL.
903 1551 999 1601 quin
1015 1553 1157 1602 edepol
1174 1565 1321 1600 seruos,
1333 1551 1494 1590 ancillas
1510 1553 1632 1591 domo

300 1626 449 1658 certum
484 1626 542 1657 est
580 1617 708 1657 omnis
748 1617 902 1656 mittere
935 1618 987 1656 ad
1024 1617 1073 1655 te.
1134 1619 1203 1655 Lv.
1236 1618 1302 1665 oh,
1335 1617 1502 1656 nimium
1537 1617 1633 1656 scite

503 1685 506 1690 ’
1438 1682 1557 1721 scitus
1578 1696 1629 1721 es.

301 1750 371 1788 sed
391 1748 607 1787 facitodum
630 1749 778 1787 merula
799 1761 868 1797 per
889 1760 1028 1786 uorsus
1049 1747 1158 1797 quod
1179 1753 1310 1785 cantat
1329 1745 1407 1798 (tu)
1426 1748 1531 1785 colas
1548 1763 1555 1786 :

304 1818 312 1834 ⁵
325 1828 415 1853 cum
433 1814 523 1853 cibo
540 1828 631 1852 cum
653 1813 804 1864 quiqui'
824 1812 942 1852 facito
958 1820 1001 1851 ut
1017 1812 1188 1859 ueniant,
1208 1812 1319 1863 quasi
1335 1820 1425 1851 eant
1445 1812 1628 1851 Sutrium.

300 1881 373 1918 AL.
405 1879 632 1918 meminero.
692 1880 763 1917 Lv.
796 1891 870 1925 em,
894 1891 1000 1932 nunc
1027 1877 1132 1916 enim
1160 1884 1201 1915 tu
1221 1878 1383 1916 demum
1404 1879 1512 1915 nullo
1532 1877 1630 1916 scito
1651 1888 1715 1926 525

1437 1942 1556 1981 scitus
1575 1957 1628 1982 es.

344 2059 407 2089 507
432 2060 520 2080 noxa
537 2049 601 2080 cod.
694 2059 758 2088 509
782 2048 920 2088 pulchre
939 2049 1040 2079 Pius:
1066 2048 1182 2088 pulcra
1199 2058 1234 2078 re
1253 2048 1316 2079 cod.
1337 2047 1382 2086 (v.
1396 2047 1430 2087 3)
1491 2058 1630 2088 pernor-

300 2099 368 2124 tam
385 2094 520 2133 Langen
634 2103 697 2132 513
715 2094 793 2132 quoi
813 2093 971 2124 Mueller:
996 2093 1085 2132 quod
1104 2091 1168 2124 cod.
1187 2092 1221 2130 (i.
1236 2102 1265 2130 7,
1282 2102 1313 2131 p.
1329 2092 1385 2131 21)
1498 2101 1561 2130 515
1585 2093 1635 2123 vel

300 2137 421 2168 amicin
571 2146 632 2176 517
660 2147 773 2167 curam
799 2147 883 2176 eme,
904 2136 956 2166 cui
973 2137 1086 2176 glossa
1110 2140 1265 2175 superscr.
1289 2145 1401 2165 curam
1425 2135 1536 2166 exime
1558 2135 1626 2166 cod.

301 2190 364 2219 522
389 2181 433 2211 oh
459 2180 610 2220 Seyffert:
645 2180 710 2210 eho
738 2180 804 2211 cod.
964 2190 1027 2219 523
1053 2179 1179 2209 merula
1205 2188 1267 2218 pel·
1297 2189 1415 2209 uersus
1446 2179 1536 2218 quod
1562 2178 1627 2210 cod.

251 2242 259 2252 κ
301 2224 389 2255 Festi
413 2233 475 2262 310
502 2225 542 2263 (S.
575 2223 769 2261 Sutrium):
803 2223 909 2253 merui
931 2233 1135 2261 aperuorsus
1160 2233 1244 2261 quos
1271 2222 1358 2253 cod.:
1392 2223 1526 2253 maeoni
1554 2223 1631 2262 (pro

301 2268 434 2298 menni?
459 2277 480 2296 n
494 2271 556 2307 pro
572 2267 601 2305 r)
617 2277 700 2306 aper
713 2276 833 2297 uersus
845 2277 930 2306 quos
952 2266 982 2297 T
1068 2271 1102 2296 tu
1120 2265 1235 2296 addidi
1251 2265 1299 2304 (cf
1317 2265 1420 2296 Class.
1437 2265 1515 2296 Rev.
1536 2267 1628 2305 1892,

303 2323 333 2351 p.
357 2311 431 2350 124}
558 2320 621 2348 524
646 2320 721 2340 cum
745 2320 805 2340 suo
830 2310 950 2348 cuique
973 2305 1089 2341 ffuen.
1110 2308 1174 2340 cod.
1191 2309 1279 2339 Festi
1355 2309 1437 2348 sort.
1454 2319 1502 2340 ca.
1521 2308 1631 2347 colas;

303 2355 377 2386 cibo
396 2355 480 2386 Cum
498 2363 558 2384 suo
575 2363 650 2384 cum
667 2364 699 2393 q.
718 2353 773 2395 (de
782 2353 936 2393 prosodia
952 2353 988 2393 cf.
1002 2353 1089 2384 Men.
1103 2362 1178 2392 941,
1197 2352 1298 2383 Naev.
1318 2355 1400 2393 trag.
1414 2363 1456 2391 40
1469 2352 1530 2393 R.)
