1814 2723
243 60 290 97 V.
313 62 389 98 viii
730 65 775 102 T.
810 63 990 103 MACCI
1022 65 1227 102 PLAVTI

314 180 524 224 postquam
559 176 772 214 aduorsum
808 174 861 212 mi
897 174 1086 225 imperaui
1117 182 1159 213 ut
1188 175 1266 213 huc
1296 175 1479 215 uenires?
1537 179 1641 216 MEs.

1407 241 1503 292 quin
1524 244 1646 282 modo

313 304 460 354 erupui,
486 305 665 344 homines
687 305 753 356 qui
775 305 952 344 ferebant
973 311 1010 343 te
1032 304 1238 344 sublimem
1260 313 1452 356 quattuor,

311 371 418 419 apud
440 371 557 409 hasce
577 370 697 409 aedis.
748 377 789 408 tu
806 370 1005 408 clamabas
1022 370 1142 408 deum
1160 370 1279 408 fidem
1295 377 1414 420 atque
1435 370 1643 410 hominum

1450 436 1639 485 omnium,

272 517 288 548 5
312 515 433 551 quom
454 515 527 552 ego
546 515 707 540 accurro
728 509 845 551 teque
866 500 988 551 eripio
1010 500 1058 549 ui,
1082 502 1307 551 pugnando,
1331 501 1514 551 ingratiis.

311 567 364 604 ob
385 581 471 605 eam
493 581 588 615 rem,
609 566 700 616 quia
721 574 758 605 te
779 565 944 612 seruaui,
968 579 1031 604 me
1052 565 1215 604 amisisti
1237 565 1415 604 liberum.
1665 582 1752 620 1055

312 645 434 682 quom
456 640 659 682 argentum
681 631 761 670 dixi
784 645 846 669 me
867 638 999 681 petere
1020 638 1059 669 et
1081 644 1185 677 uasa,
1209 638 1251 669 tu
1273 639 1465 681 quantum
1486 639 1616 682 potest

311 696 607 747 praecucurristi
629 696 801 743 obuiam,
824 703 866 734 ut
888 709 989 746 quae
1010 695 1135 734 fecisti
1157 695 1300 734 infitias
1320 709 1399 735 cas.

314 764 428 799 ΜΕΝ.
461 761 626 800 liberum
648 774 720 811 ego
742 769 779 799 te
799 760 893 799 iussi
914 760 1051 799 abire?
1108 762 1211 799 MEs.
1236 768 1353 799 certo.
1406 763 1520 800 MEN.
1545 761 1641 812 quin

1328 826 1641 866 certissumumst

254 910 294 934 10
314 901 444 943 mepte
466 893 595 943 potius
618 892 698 931 fieri
720 906 875 931 seruom
898 906 1017 942 quarn
1039 899 1076 930 te
1098 905 1287 942 umquam
1309 892 1487 931 emittam
1508 906 1639 931 manu.

246 1003 293 1040 ix
531 1002 989 1039 MENAECHMvsI
1104 1002 1403 1039 MESSENIO

725 1068 1126 1104 MENAECHMVS
1167 1067 1213 1104 II

366 1148 498 1187 ΜΕΝ.1
537 1148 577 1187 Si
597 1148 714 1187 uoltis
735 1161 803 1198 per
824 1148 961 1186 oculos
982 1147 1118 1195 iurare,
1141 1147 1267 1186 nihilo
1286 1148 1417 1186 hercle
1436 1162 1483 1187 ea
1503 1162 1641 1188 caussa
1663 1152 1754 1187 1060

1518 1214 1640 1265 magis

363 1278 512 1318 facietis
541 1286 583 1318 ut
613 1292 686 1329 ego
715 1277 835 1317 hodie
866 1277 1094 1328 apstulerim
1125 1278 1268 1328 pallam
1299 1285 1338 1316 et
1366 1277 1525 1329 spinter,
1557 1293 1641 1329 pes-

1490 1357 1638 1383 sumae.

363 1412 469 1449 MEs.
501 1423 572 1461 pro
598 1409 639 1449 di
668 1409 919 1448 inmortales!
948 1408 1045 1459 quid
1071 1421 1144 1458 ego
1171 1408 1320 1447 uideo?
1378 1407 1512 1447 ΜΕΝ.2
1541 1409 1637 1459 quid

944 1473 1056 1512 uides
1072 1475 1089 1510 ?
1148 1475 1253 1511 MES.
1285 1475 1490 1524 speculum
1512 1481 1633 1513 tuom.

309 1540 443 1580 ΜΕΝ.2
471 1540 568 1591 quid
591 1538 724 1591 negoti
745 1541 835 1578 est?
894 1540 998 1577 MEs.
1031 1545 1134 1577 tuast
1154 1537 1295 1589 imago.
1354 1546 1433 1577 tam
1456 1537 1637 1579 consimi-

597 1600 604 1606 ”
1260 1606 1333 1644 lest
1354 1619 1473 1656 quam
1494 1613 1634 1656 potest.

268 1686 286 1716 5
310 1672 443 1710 ΜΕΝ.2
461 1672 528 1721 pol
548 1672 726 1721 profecto
741 1671 849 1710 haud
870 1677 928 1710 est
946 1669 1159 1717 dissimilis,
1177 1683 1306 1709 meam
1328 1684 1449 1721 quom
1470 1672 1636 1710 formam

1468 1736 1632 1776 noscito.

308 1801 438 1840 MEN.¹
470 1815 494 1840 o
513 1803 758 1848 adulescenS,
781 1803 899 1848 salue,
924 1801 991 1852 qui
1012 1815 1075 1840 me
1097 1800 1311 1848 seruauisti‚
1335 1800 1512 1852 quisquis
1533 1816 1586 1841 es.
1657 1806 1744 1853 1065

308 1868 412 1905 MEs.
444 1868 687 1914 adulescens,
707 1880 855 1917 quaeso
872 1867 1003 1905 hercle
1018 1868 1203 1916 eloquere
1224 1874 1335 1905 tuom
1356 1866 1452 1904 mihi
1473 1881 1631 1915 nomen,

1419 1931 1492 1970 nisi
1515 1931 1631 1983 piget.

307 1997 439 2036 MEN.¹
469 2009 549 2034 non
571 1997 714 2046 edepol
735 1996 788 2035 ita
801 1994 1049 2047 promeruisti
1065 1997 1116 2036 de
1131 2010 1195 2036 me
1211 2003 1253 2035 ut
1269 1995 1398 2047 pigeat
1413 2010 1515 2047 quae
1536 1997 1632 2036 uelis

352 2110 435 2139 1052
459 2110 558 2140 quom
573 2100 700 2130 thschl
787 2105 821 2131 te
837 2101 898 2131 fer.
917 2100 1006 2131 cod.:
1031 2100 1102 2130 irai.
1120 2100 1280 2131 Gruterus
1369 2100 1544 2132 sublimem
1559 2101 1633 2131 ΡΟ)

308 2154 390 2184 1054
415 2144 448 2174 ui
462 2145 644 2183 pugnando
661 2144 883 2175 Camerarzus:
910 2143 998 2186 [uel]
1012 2144 1231 2183 inpugnando
1247 2143 1306 2183 (Β)
1324 2144 1378 2184 (iv.
1390 2144 1427 2185 3)
1445 2144 1631 2185 veloppug-

306 2188 420 2219 nando
438 2187 504 2226 (PC
505 2187 543 2226 D)
563 2187 629 2218 cod.
770 2189 853 2227 1058
876 2188 957 2227 quin
973 2187 1179 2218 Saracenus.
1203 2187 1255 2218 cui
1273 2186 1338 2218 cod.
1479 2189 1558 2219 1061
1585 2188 1635 2219 vel

254 2242 262 2252 ἃ
306 2233 355 2263 uti
442 2229 565 2273 (hinc)
583 2230 685 2262 hodie
701 2230 828 2262 thschl
959 2233 1042 2270 1063
1066 2236 1155 2262 tuast
1175 2230 1274 2262 Ital..
1300 2235 1404 2262 tumst
1420 2231 1484 2262 cod.
1507 2232 1557 2272 (M
1569 2236 1632 2271 pro

305 2275 352 2315 A)
444 2274 635 2306 consiliaest
656 2275 853 2316 (consimilis
869 2280 920 2306 est
936 2275 1041 2316 B2>q
1044 2285 1118 2305 uam
1130 2273 1171 2313 P,
1184 2277 1223 2305 ut
1235 2256 1323 2305 mid:
1316 2298 1323 2305 .
1348 2275 1538 2306 consimiles
1558 2275 1592 2317 (i.
1605 2286 1629 2306 e.

306 2317 399 2357 -le's)
424 2322 583 2358 quantum
610 2318 655 2355 A,
687 2322 724 2348 ut
746 2319 809 2349 vid.
978 2320 1061 2357 1064
1084 2328 1185 2357 quom
1209 2317 1401 2349 Acidalius:
1435 2329 1535 2358 quam
1563 2317 1628 2349 cod.

310 2363 499 2402 1066-1131
516 2361 600 2393 deest
612 2361 645 2391 A
751 2363 833 2393 1066
850 2362 1010 2401 eloquere
1026 2362 1197 2392 Fleckeisen
1211 2372 1217 2392 :
1243 2361 1383 2401 loquere
1399 2361 1459 2393 cod
1530 2362 1630 2402 piger

307 2417 385 2439 corr.
402 2406 498 2447 piget
513 2405 579 2437 cod.
598 2409 634 2436 ut
648 2404 713 2438 vid.
849 2407 931 2445 1067
956 2405 1112 2446 medepol
1129 2404 1193 2437 cod.
1208 2405 1300 2446 (corr.
1320 2404 1388 2447 ΒΞ)
