1742 2718
647 143 882 190 ACTVS
933 144 950 189 Ι

457 246 730 281 Epinlcvs
840 245 1135 280 THESPRIO
1487 241 1515 276 Ι.

136 333 205 370 ΕΡ.
240 332 364 378 Heus,
396 331 652 370 adulescens!
711 331 789 368 ΤΗ.
823 329 909 379 quis
940 336 1215 380 properantem
1248 341 1311 366 me
1340 340 1464 378 repre-

1155 394 1293 432 hendit
1314 392 1432 442 pallio
1448 394 1464 429 ?

136 463 205 500 ΕΡ.
238 460 446 500 familiaris.
507 462 586 498 TH.
610 462 743 507 fateor,
763 474 854 498 nam
869 460 963 499 odio
979 474 1019 498 es
1034 459 1199 497 nimium
1213 457 1462 497 familiariter.

299 527 368 563 ΕΡ.
400 525 548 575 respice
572 539 678 572 uero,
701 524 906 575 Thesprio.
965 526 1000 561 T
1005 536 1044 561 Η.
1077 525 1139 569 oh,

299 590 564 640 Epidicumne
584 603 657 640 ego
678 590 918 640 conspicor?

98 670 114 706 5
300 658 369 693 ΕΡ.
401 655 483 693 sati'
504 663 608 694 recte
628 655 751 694 oculis
773 654 902 693 uteris.
1489 668 1506 699 5

298 722 377 758 ΤΗ.
410 722 527 759 salue.
589 722 659 758 ΕΡ.
692 720 732 759 di
754 722 850 758 dent
870 733 971 769 quae
993 719 1100 758 uelis.

192 786 325 825 uenire
354 787 505 824 saluom
535 787 700 836 gaudeo.
760 787 839 823 TH.
873 784 969 835 quid
994 785 1201 823 ceterum?
1258 784 1327 821 ΕΡ.
1360 783 1469 833 quod

1225 862 1272 887 eo
1292 849 1444 886 adsolet
1462 862 1470 885 ε

192 930 291 956 cena
321 916 392 955 tibi
423 916 590 956 dabitur.
664 917 743 954 TH.
777 916 1084 965 spondeo—Ep,
1117 913 1242 964 quid?
1298 914 1377 950 TH.
1407 926 1470 950 me

1007 986 1274 1030 accepturum,
1294 977 1326 1016 si
1346 976 1469 1016 dabis.

462 1048 531 1085 ΕΡ.
564 1046 660 1097 quid

78 1120 120 1161 9⁸·
408 1114 450 1150 tu
470 1111 581 1162 agis?
611 1120 653 1150 ut
673 1113 780 1150 uales
797 1113 814 1149 Ρ
869 1113 948 1149 ΤΗ.
981 1125 1041 1150 ex-

79 1179 122 1225 9¹³
301 1179 476 1228 emplum
497 1178 636 1216 adesse
659 1176 856 1227 intellego.
918 1178 988 1214 ΕΡ.
1021 1177 1167 1226 eugae!

81 1255 123 1280 10
141 1242 406 1295 corpulentior
426 1241 561 1280 uidere
581 1249 700 1292 atque
721 1241 901 1280 habitior.
961 1241 1040 1278 ΤΗ.
1072 1239 1165 1278 huic
1185 1237 1316 1289 gratia.
1496 1254 1534 1275 10

304 1310 374 1346 ΕΡ.
406 1321 526 1358 quam
547 1307 709 1357 quidem
730 1314 769 1345 te
789 1306 867 1345 iam
888 1306 957 1345 diu

61 1381 122 1412 11³
302 1372 520 1423 perdidisse
540 1371 723 1422 oportuit.

141 1441 222 1478 ΤΗ.
253 1438 373 1477 minu’
408 1438 485 1476 iam
517 1437 707 1476 furtificus
746 1450 833 1475 sum
869 1450 989 1487 quarn
1023 1437 1201 1474 antehac.
1274 1436 1342 1473 ΕΡ.
1377 1432 1473 1484 quid

876 1502 959 1540 ita?
1015 1503 1093 1540 ΤΗ.
1127 1500 1235 1551 rapio
1256 1500 1471 1551 propalam.

144 1571 214 1609 ΕΡ.
246 1570 287 1609 di
307 1570 533 1609 inmortales
555 1576 592 1608 te
613 1568 825 1615 infelicent,
848 1575 890 1606 ut
911 1574 953 1606 tu
974 1581 1014 1606 es
1035 1565 1220 1616 gradibus
1236 1564 1449 1615 grandibus
1466 1565 1474 1602 1

144 1650 235 1674 nam
256 1643 298 1674 ut
317 1636 425 1686 apud
444 1642 601 1686 portum
622 1641 660 1673 te
681 1633 879 1684 conspexi,
903 1632 1096 1671 curriculo
1124 1630 1262 1681 occepi
1282 1628 1392 1679 sequi
1412 1643 1419 1666 :

83 1713 123 1750 15
143 1701 209 1740 uix
227 1700 474 1751 adipiscendi
494 1706 667 1750 potestas
683 1700 806 1738 modo
822 1698 904 1736 fuit.
947 1699 1026 1735 TH.
1050 1709 1181 1735 scurra
1200 1709 1252 1733 es.
1300 1696 1369 1732 ΕΡ.
1393 1693 1475 1732 scio
1497 1704 1534 1735 15

143 1772 182 1805 te
211 1779 296 1805 esse
325 1764 510 1816 equidem
537 1763 741 1803 hominem
762 1763 981 1802 militarem.
1040 1763 1119 1799 TH.
1151 1761 1336 1799 audacter
1356 1771 1474 1808 quarn

1260 1824 1318 1863 uis
1340 1823 1472 1862 dicito.

146 1897 215 1934 ΕΡ.
247 1896 343 1946 quid
372 1895 483 1946 agis?
520 1902 735 1946 perpetuen
765 1892 954 1932 ualuisti?
1009 1893 1088 1930 ΤΗ.
1121 1889 1237 1928 uarie.
1307 1891 1376 1927 ΕΡ.
1408 1887 1475 1938 qui

1204 1953 1309 1993 uarie
1329 1955 1475 2000 ualent,

198 2024 474 2075 capreaginum
501 2024 709 2065 hominum
736 2037 817 2063 non
847 2024 975 2075 placet
1005 2020 1102 2060 mihi
1130 2033 1259 2070 neque
1284 2018 1478 2070 pantheri-

1227 2098 1323 2123 num
1342 2097 1476 2135 genus.

192 2206 205 2226 1
231 2195 414 2235 prehendit
429 2194 463 2225 P
593 2205 613 2234 5
637 2194 722 2226 satis
745 2204 809 2224 om.
830 2192 863 2222 P
875 2195 1004 2232 propter
1020 2191 1196 2222 laceratam
1214 2187 1375 2228 archetjpz'
1383 2189 1478 2226 pagi-

147 2250 228 2271 nam
247 2239 300 2279 (cf
318 2238 365 2269 ad
377 2249 406 2270 v.
429 2238 484 2278 19)
586 2243 680 2268 certe
697 2236 730 2266 P
744 2238 816 2277 (pro
832 2239 937 2273 recte,
960 2238 997 2265 ut
1015 2234 1049 2264 in
1074 2233 1148 2264 Cas.
1167 2233 1247 2267 260)
1348 2241 1364 2268 7
1389 2231 1478 2270 quod

146 2294 188 2313 eo
205 2283 274 2313 adS.
293 2281 488 2322 Thesprioni
496 2282 668 2313 continuat
680 2280 713 2310 A
813 2281 849 2318 9ει
873 2278 958 2309 uelis
975 2277 1009 2308 P
1099 2287 1138 2307 10
1161 2276 1308 2306 habitior
1324 2274 1479 2305 Donatus

145 2326 232 2357 Eun.
253 2336 281 2361 2,
302 2336 332 2365 2,
357 2335 407 2363 11,
424 2325 554 2356 Paulus
579 2334 640 2355 102
657 2323 761 2354 locum
785 2333 850 2353 non
875 2321 1032 2357 indicam,
1053 2324 1134 2360 corp.
1149 2319 1250 2360 gloss.
1278 2318 1334 2349 lat.
1361 2326 1392 2357 5,
1413 2326 1454 2356 72
1471 2327 1478 2348 ε

147 2369 266 2400 abilior
285 2368 318 2399 A
338 2380 344 2399 :
367 2368 488 2407 agilior
509 2367 543 2398 P
669 2377 707 2406 13
731 2371 765 2397 te
782 2376 846 2397 om.
864 2364 898 2395 P
984 2363 1083 2394 vixis
1099 2362 1131 2393 A
1154 2363 1204 2404 (cf
1224 2361 1271 2392 ad
1285 2361 1378 2392 Cure.
1398 2360 1476 2401 611)

149 2422 187 2453 14
212 2412 361 2444 curculio
377 2411 412 2442 P
522 2413 562 2442 16
584 2411 720 2450 quidem
736 2409 770 2439 P
880 2418 916 2447 17
943 2405 1035 2445 ais]

1540 239 1553 275 i
