1742 2718
658 82 1014 121 MENAECHMI
1426 81 1496 117 IV.
1518 78 1563 115 iii

173 204 212 234 tu
235 197 312 234 buc
331 202 420 246 post
440 196 546 232 hunc
561 193 666 232 diem
688 193 831 242 pedem
853 191 954 229 intro
972 205 1050 229 non
1073 193 1182 238 feres,
1200 205 1248 229 ne
1265 192 1404 228 frustra
1423 189 1500 236 sis3

171 263 332 311 quando
353 268 393 299 tu
415 274 478 298 me
499 260 600 297 bene
621 265 836 296 merentem
859 256 927 294 tibi
950 257 1072 294 habes
1093 255 1324 305 despicatui,

170 325 244 363 nisi
265 327 363 363 feres
383 331 597 374 argentum,
621 325 759 361 frustra
780 336 843 360 me
864 323 1025 360 ductare
1047 335 1127 359 non
1149 328 1273 371 poteS.

82 395 148 439 695
169 390 285 428 aliam
307 390 471 440 posthac
492 387 669 426 inuenito
690 387 809 436 quam
830 386 976 424 habeas
998 385 1263 424 frustrami—

172 457 286 492 MEN.
310 453 425 492 nimis
439 453 625 491 iracunde
639 453 769 490 hercle
783 452 957 489 tandem.
987 451 1085 488 heris
1099 458 1151 496 tu,
1168 450 1238 488 tibi
1252 449 1353 496 dico,
1370 463 1496 497 mane,

170 520 264 559 redi.
323 519 492 558 etiamne
512 519 644 556 astas?
672 517 789 555 etiam
810 518 933 554 audes
954 530 1042 554 mea
1062 516 1205 554 reuorti
1226 515 1375 565 gratia?

170 585 265 623 abiit
286 585 398 630 intro,
421 583 585 622 occlusit
605 582 725 621 aedis.
784 595 890 619 nunc
911 595 984 631 ego
1005 595 1092 619 sum
1113 580 1440 619 exclusissumus:

171 664 300 700 neque
317 648 425 689 domi
440 662 568 698 neque
583 649 689 698 apud
703 647 870 685 amicam
886 646 982 684 mibi
996 646 1073 684 iam
1088 646 1301 696 quicquam
1317 645 1497 685 creditur.

85 730 153 763 700
172 716 239 754 ibo
277 722 315 754 et
353 715 558 753 consulam
592 714 694 752 hanc
728 726 810 751 rem
844 711 994 750 amicos
1026 711 1122 762 quid
1154 710 1379 750 faciendum
1414 724 1501 749 cen-

1325 783 1502 815 seam.—

673 913 908 961 ACTVS
955 912 1001 957 V

400 1012 798 1048 MENAECHMVS
839 1008 885 1045 II
1000 1008 1284 1044 MATRONA

175 1107 290 1143 MEN.
324 1103 442 1142 Nimi'
464 1103 580 1141 stulte
600 1102 753 1139 dudum
774 1099 848 1138 feci
869 1113 991 1150 quom
1014 1098 1284 1149 marsuppium

176 1167 420 1208 Messenioni
441 1181 532 1206 cum
552 1173 713 1217 argento
734 1164 974 1204 concredidi.

175 1233 364 1273 immersit
383 1233 516 1282 aliquo
537 1246 633 1278 sese,
657 1232 787 1277 credo,
810 1230 851 1268 in
871 1243 1052 1281 ganeum.

177 1301 260 1337 MA.
292 1298 489 1348 prouisam
511 1310 630 1347 quam
651 1310 742 1334 mox
762 1295 821 1333 uir
842 1309 952 1333 meus
972 1296 1107 1334 redeat
1127 1296 1303 1334 domurn.

87 1381 152 1417 705
175 1365 246 1403 sed
266 1377 403 1402 eccum
424 1362 553 1400 uideo.
614 1363 722 1399 salua
742 1374 841 1408 sum,
865 1361 1008 1410 pallam
1030 1362 1155 1399 refert.

176 1431 290 1467 MEN.
327 1427 497 1466 demiror
516 1426 584 1466 ubi
605 1440 712 1464 nunc
731 1426 908 1464 ambulet
930 1425 1143 1464 Messenio.

175 1497 260 1533 MA.
291 1493 411 1532 adibo
430 1499 548 1542 atque
569 1490 773 1529 hominem
797 1489 989 1540 accipiam
1011 1490 1145 1540 quibu'
1166 1489 1282 1530 dictis
1303 1497 1435 1529 meret.

174 1574 257 1598 non
276 1566 314 1598 te
334 1559 456 1608 pudet
476 1556 632 1608 prodire
652 1556 692 1594 in
713 1563 971 1606 conspectum
993 1569 1137 1604 meum,

176 1624 365 1675 flagitium
384 1622 568 1670 hominis,
590 1635 681 1660 curn
702 1621 802 1660 istoc
822 1622 990 1659 ornatu?
1047 1623 1163 1659 ΜΕΝ.
1195 1620 1291 1670 quid
1312 1622 1399 1659 est?

87 1704 158 1740 710
176 1703 277 1741 quae
297 1697 335 1728 te
355 1702 415 1727 res
435 1687 564 1738 agitat,
588 1686 758 1725 mulier?
814 1688 898 1725 MA.
930 1686 1112 1733 etiamne,
1135 1686 1343 1736 inpudens,

176 1754 333 1794 muttire
353 1753 519 1792 uerbum
539 1766 663 1790 unum
683 1753 806 1791 audes
826 1759 894 1790 aut
918 1765 1075 1791 mecum
1095 1751 1236 1801 loqui?

178 1823 293 1859 ΜΕΝ.
325 1819 421 1870 quid
442 1819 603 1857 tandem
627 1817 769 1857 admisi
789 1817 829 1856 in
850 1831 914 1856 me
934 1825 977 1856 ut
996 1817 1105 1867 loqui
1125 1831 1207 1855 non
1226 1817 1393 1855 audeam
1410 1817 1427 1854 ?

178 1888 261 1925 MA.
293 1899 405 1936 rogas
425 1886 520 1923 me?
549 1883 720 1922 h6minis
741 1883 1000 1934 inpudentem
1021 1882 1227 1922 audaciam
1247 1885 1254 1920 1

179 1954 293 1991 MEN.
326 1965 407 1989 non
427 1957 468 1988 tu
489 1949 575 1997 scis,
599 1948 747 1996 mulier,
769 1950 981 1988 Hecubam
1003 1955 1241 1999 quapropter
1260 1961 1399 1987 canem

91 2030 156 2067 715
179 2016 285 2056 Graii
306 2029 391 2055 esse
410 2014 722 2066 praedicabant?
780 2015 862 2051 MA.
894 2027 976 2052 non
997 2013 1182 2064 equidem
1203 2013 1295 2052 scio.

181 2084 295 2120 MEN.
327 2080 418 2130 quia
437 2079 544 2118 idern
564 2078 733 2117 faciebat
756 2078 926 2117 Hecuba
947 2079 1055 2128 quod
1076 2085 1117 2116 tu
1138 2092 1245 2117 nunc
1265 2077 1382 2117 facis:

222 2187 286 2224 694
310 2184 432 2215 frustra
447 2182 528 2225 (es)
548 2182 731 2222 (frustrzffs)
747 2181 875 2213 Ritschl
971 2183 1036 2221 696
1059 2182 1173 2213 hercle
1190 2182 1351 2213 iracunde
1373 2181 1508 2221 Seyffirt

179 2231 244 2269 698
268 2228 332 2258 abii
349 2227 413 2259 cod.
435 2228 527 2266 (corr.
546 2225 612 2267 ΒΞ)
691 2229 787 2255 octus
810 2226 932 2256 itaedis
948 2226 1013 2257 cod.
1036 2226 1128 2265 (corr.
1144 2224 1206 2264 32)
1320 2236 1381 2265 707
1407 2224 1506 2255 dictis

179 2273 301 2312 quibus
316 2270 406 2302 codd.
420 2270 524 2300 Nonii
532 2271 597 2308 468
679 2273 773 2299 aeret
788 2268 852 2300 cod.
872 2271 964 2310 (corr.
980 2268 1044 2310 B2)
1060 2269 1105 2309 (A
1113 2275 1175 2310 pro
1189 2269 1222 2299 M
1240 2279 1248 2308 ;
1261 2270 1302 2300 vi.
1319 2270 1350 2309 Ι)
1443 2278 1507 2306 710

180 2326 235 2347 res
252 2320 287 2346 te
303 2314 367 2346 cod.
385 2326 391 2345 :
415 2313 486 2344 traz‘.
503 2313 597 2353 Brix,
612 2311 791 2344 secundum
805 2323 930 2344 morem
947 2312 1143 2344 Plautinum
1278 2322 1341 2352 713
1360 2312 1409 2343 vel
1429 2311 1505 2342 med

267 2357 331 2401 (o)
347 2359 434 2389 hom.
455 2356 594 2398 Pylades

1520 337 1560 359 20

1524 661 1561 691 25

1525 1697 1565 1719 10

1526 2028 1562 2059 15
