1814 2723
228 44 298 82 IV.

279 234 297 266 5

322 45 337 81 i
731 42 776 79 T.
811 39 990 79 MACCI
1023 37 1227 77 PLAVTI

428 153 545 192 simul
564 168 570 191 :
601 151 804 201 multiplex
824 162 1011 189 aerumna
1031 147 1241 187 exercitam
1262 146 1394 193 habet,

429 227 648 269 paupertas,
673 230 796 267 pauor
816 214 963 253 territat
983 221 1159 252 mentem
1180 211 1314 258 animi,

375 298 504 334 neque
525 283 593 322 ubi
620 295 727 320 meas
754 281 960 319 conlocem
983 291 1072 328 spes
1098 278 1229 316 habeo
1256 275 1311 314 mi
1338 288 1506 325 usquam
1532 272 1657 311 muni-

1405 347 1489 377 tum
1509 339 1653 376 locum.

375 414 427 452 ita
449 420 566 463 gnata
587 425 674 449 mea
694 409 906 449 hostiumst
926 407 1051 458 potita
1070 419 1200 455 neque
1221 414 1268 444 ea
1283 417 1390 442 nunc
1406 403 1475 441 ubi
1495 402 1543 440 sit
1564 401 1656 440 scio.

322 481 389 517 PE.
423 478 509 528 quis
531 477 642 515 illaec
663 484 721 514 est
742 474 881 514 mulier
901 473 1043 511 timido
1064 479 1223 522 pectore
1243 482 1403 520 peregre
1424 467 1642 507 adueniens

320 557 421 593 quae
452 543 535 592 ipsa
565 555 605 580 se
635 540 868 579 miseratur?
925 539 999 575 PH.
1032 536 1071 574 in
1102 535 1162 573 his
1192 535 1338 573 dictust
1368 532 1464 571 locis
1484 531 1661 570 habitare

1564 596 1660 634 mihi

263 690 302 711 10
324 673 574 723 Periphanes.
636 673 704 709 PE.
737 684 800 708 me
825 668 1003 707 nominat
1028 668 1126 705 haec
1140 680 1151 714 3
1181 666 1301 704 credo
1321 677 1395 714 ego
1414 662 1469 701 illi
1489 661 1662 712 hospitio

268 1145 304 1176 15

1436 729 1520 766 usu’
1540 726 1659 765 uenit.

324 805 396 841 PH.
420 801 610 852 peruelim
632 801 856 840 mercedem
876 800 970 837 dare
990 797 1058 847 qui
1075 802 1266 835 monstret
1282 807 1373 833 eum
1390 793 1444 832 mi
1459 791 1663 831 hominem

1287 856 1388 912 [aut]
1410 857 1479 896 ubi
1498 856 1661 895 habitet.

324 934 392 971 PE.
416 932 571 971 noscito
585 945 658 981 ego
674 932 787 977 hanc,
807 942 899 967 nam
915 928 1054 967 uideor
1071 926 1207 964 nescio
1224 924 1293 963 ubi
1309 923 1363 962 mi
1379 922 1527 962 uidisse
1542 921 1659 972 prius.

545 1004 655 1035 estne
676 1009 722 1034 ea
741 1008 792 1033 an
813 1007 894 1032 non
915 1000 998 1032 east
1019 1005 1138 1042 quam
1158 990 1315 1030 animus
1334 996 1439 1027 retur
1458 989 1600 1026 meus?

546 1063 621 1099 PH.
653 1060 693 1098 di
714 1059 833 1098 boni!
864 1056 1021 1099 uisitaui
1133 1070 1151 1089 >=<
1267 1068 1285 1088 *
1396 1051 1615 1092 antidhac?

544 1128 612 1164 PE.
645 1133 752 1164 certo
773 1131 855 1163 east
968 1137 986 1158 *
1102 1137 1120 1156 ,ιι

649 1204 767 1241 quam
787 1189 829 1229 in
850 1188 1052 1239 Epidauro

542 1257 820 1308 pauperculam
841 1253 1004 1292 memini
1024 1251 1294 1302 comprimere.

652 1323 725 1358 PH.
758 1321 874 1370 plane
895 1318 1025 1356 hicine
1047 1326 1105 1356 est

437 1387 503 1438 qui
524 1386 578 1425 mi
598 1386 639 1424 in
661 1385 862 1436 Epidauro
883 1382 1023 1433 uirgini
1042 1382 1182 1432 primu'
1202 1379 1434 1431 pudicitiam
1454 1377 1633 1429 perpulit.

271 1468 312 1491 20
331 1455 398 1492 PE.
432 1466 533 1503 quae
566 1464 656 1490 meo
688 1461 916 1499 compressu
945 1446 1096 1498 peperit
1125 1446 1245 1484 filiam
1277 1458 1395 1495 quam
1423 1443 1533 1483 domi
1559 1455 1665 1480 nunc

1523 1510 1665 1548 habeo.

332 1584 428 1635 quid
450 1584 480 1622 si
500 1584 696 1622 adeam—
719 1583 793 1619 ΡΗ.
827 1582 905 1618 hau
926 1579 1008 1618 scio
1039 1592 1089 1621 an
1110 1577 1397 1628 congredias—
1418 1577 1486 1614 PE.
1518 1574 1550 1612 si
1569 1575 1668 1612 haec

1066 1651 1159 1682 east.
1218 1644 1292 1680 PH.
1325 1641 1384 1679 sin
1404 1641 1436 1678 is
1457 1647 1514 1678 est
1533 1640 1666 1684 homo,

388 1714 487 1753 sicut
516 1712 609 1752 anni
639 1711 752 1750 multi
781 1710 903 1750 dubia
930 1711 1036 1749 dant.
1097 1710 1165 1746 PE.
1198 1708 1315 1756 longa
1338 1705 1422 1756 dies
1452 1717 1585 1743 meum
1614 1703 1668 1740 in-

1337 1777 1458 1808 certat
1477 1768 1666 1807 animum.

377 1894 441 1924 529
465 1893 638 1914 erumnam
653 1881 691 1921 P,
707 1881 739 1911 A
754 1893 787 1914 n.
803 1882 825 1912 l.
846 1893 852 1911 :
877 1890 1042 1912 aerumna
1058 1889 1112 1910 me
1126 1877 1324 1908 Gulielmius
1412 1884 1471 1914 531
1497 1874 1541 1904 mi
1557 1873 1669 1913 (mihi)

333 1938 398 1960 om.
416 1927 449 1958 P
593 1936 656 1965 532
682 1926 800 1956 nescio
827 1924 862 1952 P
1000 1932 1064 1962 534
1090 1922 1199 1952 dictus
1215 1922 1236 1952 l.
1255 1919 1360 1951 Pius:
1385 1919 1440 1950 vix
1455 1916 1555 1948 dietu'
1572 1915 1671 1947 locist

334 1981 397 2011 535
423 1971 532 2011 (us)us
550 1969 781 2008 (hos)pi—A
877 1968 971 1998 uenit
995 1966 1095 1997 Pius:
1120 1965 1253 1996 inuenit
1270 1962 1303 1993 P
1317 1962 1364 2004 (A
1385 1973 1417 1993 n,
1437 1962 1476 2002 l.)
1609 1961 1673 1998 536

335 2021 392 2046 aut
417 2013 516 2055 <unde
532 2014 578 2053 fit
600 2011 711 2044 versus
737 2013 832 2044 troclz.
860 2010 1058 2050 octonarius)
1083 2009 1142 2040 del.
1166 2008 1285 2038 Becker
1307 2006 1352 2039 (A
1373 2017 1404 2036 n.
1422 2006 1457 2044 l.)
1571 2004 1672 2034 habet

337 2059 378 2100 (3)
396 2057 461 2088 Leo
626 2067 687 2097 537
715 2066 768 2086 me
785 2055 819 2086 P
840 2055 887 2090 (A
907 2065 939 2086 n.
959 2054 998 2094 l.)
1013 2054 1093 2093 sort.
1125 2055 1199 2082 recte
1222 2051 1274 2090 (cs.
1302 2049 1459 2080 Bosscher
1484 2047 1540 2078 ‘de
1564 2046 1669 2078 Cure!

336 2112 368 2141 p.
388 2103 446 2140 30)
554 2101 618 2139 538
643 2099 732 2141 east]
753 2104 805 2130 est
821 2099 854 2129 P
958 2107 1022 2137 539
1047 2098 1130 2128 inter
1143 2094 1277 2126 uisitaui
1301 2097 1329 2123 et
1346 2092 1503 2123 antidhac
1525 2091 1671 2131 spatium

337 2145 480 2175 relictum
498 2144 531 2174 Ρ
555 2145 606 2184 (cf
624 2156 653 2175 v.
673 2144 752 2183 525)
769 2155 775 2174 :
808 2143 841 2172 A
861 2153 893 2173 n.
908 2142 928 2173 I.
1036 2151 1100 2180 540
1123 2139 1269 2179 spatium
1282 2141 1358 2178 post
1368 2140 1441 2167 east
1458 2135 1602 2166 relictum
1619 2133 1669 2164 P:

336 2189 369 2219 A
389 2200 420 2220 n.
434 2189 455 2220 Ι.
552 2190 632 2227 541³
649 2187 730 2218 mihi
748 2185 835 2217 codd.
927 2185 1052 2224 uirgini
1068 2195 1134 2214 om.
1149 2182 1182 2212 P
1247 2181 1377 2221 pepulit
1394 2178 1511 2219 Psort.
1530 2181 1606 2209 recte
1618 2177 1671 2216 (cf.

276 2253 285 2262 x
342 2232 431 2264 Tra'n.
451 2233 515 2271 308
537 2231 685 2271 perpulit
699 2236 760 2271 pro
779 2229 923 2269 pepulit)
1059 2237 1122 2266 542
1147 2235 1246 2265 quam
1264 2225 1295 2255 d.
1316 2234 1348 2254 n.
1367 2224 1397 2255 h.
1418 2233 1483 2253 om.
1503 2221 1536 2251 A
1555 2224 1592 2251 ut
1606 2219 1669 2251 vid.

337 2287 401 2316 543
425 2275 560 2306 Nonius
576 2284 640 2314 473
658 2277 796 2304 testatur
809 2273 1033 2311 congredias)
1057 2268 1258 2309 congrediar
1273 2266 1314 2306 P,
1328 2267 1361 2296 A
1377 2278 1408 2297 u.
1424 2266 1444 2297 l.
1464 2277 1471 2296 :
1492 2265 1574 2304 sort.
1594 2273 1672 2294 con-

339 2320 488 2360 grediam
566 2318 636 2358 sin]
654 2318 681 2348 si
702 2317 838 2358 Geppert
924 2319 975 2346 est
992 2315 1020 2345 is
1036 2314 1068 2345 Β
1081 2314 1128 2355 (A
1149 2324 1180 2344 n.
1198 2312 1236 2351 l.)
1327 2320 1390 2349 544
1417 2310 1458 2340 de
1475 2308 1528 2338 ubi
1545 2307 1672 2338 audant

340 2365 372 2395 Ρ
387 2365 463 2404 (pro
482 2362 615 2393 dubiam
637 2363 717 2392 dant
730 2363 756 2402 2)

1677 223 1745 262 530

1681 667 1745 704 535

1684 1130 1753 1168 540

1683 1189 1768 1231 540³

1682 1247 1769 1294 540b

1684 1383 1769 1424 541a
