1814 2723
227 57 272 93 V.

233 311 273 342 95

213 828 274 850 100

211 1215 270 1247 105

213 1546 273 1568 110

295 55 324 90 ii
709 52 756 89 T.
790 50 971 89 MACCI
1003 51 1207 88 PLAVTI

298 165 368 201 Ev.
401 157 542 200 stultus
571 175 625 209 es,
647 161 729 200 noli
759 161 859 200 istuc
888 174 1037 211 quaeso
1066 160 1206 199 dicere.
1275 161 1353 200 CH.
1385 168 1534 200 certum
1564 174 1624 200 ex-

1463 226 1625 277 sequist‚

295 305 455 342 operam
483 299 525 331 ut
554 306 707 331 sumam
737 292 788 330 ad
818 290 1165 341 peruestigandum
1195 290 1263 329 ubi
1292 291 1341 329 sit
1367 291 1488 330 illaec.
1550 293 1621 329 Ev.
1643 301 1710 338 935

1350 356 1447 406 quin
1466 355 1623 395 domist.

295 422 372 460 CH.
405 435 497 460 nam
519 421 583 459 hic
607 422 717 472 quod
738 420 835 459 dixit
856 420 896 459 id
917 420 1130 459 mentitust.
1193 423 1264 459 Ev.
1298 434 1390 459 uera
1415 420 1494 459 dixi
1521 420 1627 470 equi-

1429 487 1521 524 dem
1541 485 1623 524 tibi.

294 554 371 592 CH.
405 553 481 591 iam
505 554 679 603 Cyprum
701 552 803 591 ueni.
866 553 937 589 Ev.
972 551 1068 602 quin
1090 565 1264 602 sequere,
1288 559 1330 590 ut
1357 551 1463 589 illam
1489 550 1626 588 uideas

1325 630 1444 667 quam
1465 615 1622 666 expetis.

295 684 371 723 CH.
402 690 654 733 percontatus
675 695 755 720 non
777 681 922 720 inueni.
984 683 1055 720 Ev.
1080 682 1213 720 matris
1234 681 1311 719 iam
1332 681 1428 720 iram
1448 682 1622 731 neglego.

294 749 370 787 CH.
395 761 510 798 porro
532 748 759 798 proficiscor
775 746 1007 797 quaesitum.
1055 761 1161 785 nunc
1182 746 1345 796 perueni
1366 745 1600 785 Chalcidem
1615 759 1625 792 3

292 812 411 851 uideo
432 812 486 851 ibi
508 812 705 862 hospitem
726 813 941 861 Zacyntho,
964 811 1055 850 dico
1076 811 1173 861 quid
1195 825 1243 849 eo
1263 810 1504 857 aduenerim,
1643 822 1713 857 940

292 877 417 928 rogito
438 877 525 927 quis
546 891 634 915 earn
655 877 813 924 uexerit,
837 876 925 926 quis
946 876 1090 914 habeat
1111 876 1142 914 si
1164 876 1219 914 ibi
1240 875 1515 915 indaudiuerit.

293 945 364 981 Ev.
389 943 484 993 quin
502 950 543 981 tu
559 943 652 981 istas
669 942 817 981 omittis
834 955 957 992 nugas
974 955 1020 980 ac
1037 955 1195 980 mecum
1212 943 1290 980 huc
1307 941 1409 980 intro
1424 941 1627 980 ambulas?

292 1010 369 1048 CH.
402 1010 548 1059 hospes
568 1008 773 1059 respondit
794 1007 985 1057 Zacynthi
1007 1009 1103 1046 ficos
1124 1007 1206 1046 fieri
1227 1021 1309 1046 non
1329 1009 1461 1046 malas.

293 1075 364 1111 Ev.
402 1073 456 1112 nil
496 1074 710 1112 mentitust.
774 1074 867 1113 CH.
910 1073 981 1112 sed
1020 1073 1071 1111 de
1109 1072 1238 1112 amica
1275 1087 1317 1112 se
1356 1071 1625 1111 indaudiuisse

1447 1144 1626 1176 autumat

292 1203 355 1242 hic
377 1204 544 1242 Athenis
566 1217 662 1243 esse.
724 1205 795 1242 Ev.
831 1205 1000 1243 Calchas
1020 1203 1094 1244 iste
1115 1204 1278 1255 quidem
1299 1202 1563 1254 Zacynthiust.
1643 1214 1712 1252 945

292 1271 369 1309 CH.
402 1283 547 1308 nauem
569 1270 808 1316 conscendo,
833 1269 1061 1320 proficiscor
1082 1270 1182 1308 ilico.
1243 1270 1321 1308 iam
1342 1282 1429 1308 sum
1449 1267 1573 1316 domi,

292 1335 369 1373 iam
390 1334 487 1374 redii
508 1333 592 1387 (ex)
613 1334 760 1373 exsilio.
822 1336 940 1382 salue,
965 1335 1018 1372 mi
1040 1335 1186 1373 sodalis
1208 1336 1410 1385 Eutyche:

291 1408 334 1439 ut
354 1400 542 1439 ualuisti?
572 1400 668 1450 quid
689 1407 871 1450 parentes
892 1400 1000 1438 mei?
1029 1402 1162 1439 ualent
1183 1408 1320 1447 mater,
1340 1401 1478 1450 pater?

292 1467 395 1506 bene
415 1480 545 1514 uocas,
571 1466 741 1516 benigne
762 1465 861 1504 dicis
878 1481 884 1504 :
915 1479 999 1504 cras
1019 1468 1126 1516 apud
1146 1474 1195 1513 te,
1218 1479 1324 1504 nunc
1345 1465 1465 1505 domi.

291 1531 347 1570 sic
368 1532 494 1579 decet,
517 1531 571 1569 sic
593 1530 676 1569 fieri
696 1538 862 1581 oportet.
923 1533 996 1569 Ev.
1028 1531 1140 1570 heia!
1172 1545 1274 1582 quae
1294 1531 1347 1569 mi
1369 1531 1566 1570 somnias!
1620 1531 1623 1534 ’
1643 1546 1712 1584 950

291 1597 356 1636 hic
376 1598 500 1636 homo
521 1603 771 1635 non'sanust.
832 1597 911 1636 CH.
945 1596 1132 1636 medicari
1152 1596 1303 1635 amicus
1324 1596 1419 1647 quin
1440 1609 1625 1647 properas

1466 1660 1627 1714 <mih1>?

293 1731 365 1768 Ev.
398 1742 563 1780 sequere
582 1727 646 1768 sis.
696 1729 778 1769 CH.
798 1742 952 1779 sequor.
1005 1731 1079 1768 Ev.
1100 1730 1314 1768 clementer
1333 1741 1492 1779 quaeso,
1508 1727 1626 1766 calcis

1469 1792 1622 1831 deteris.

290 1859 412 1899 audin
433 1862 506 1899 tu?
562 1861 640 1901 CH,
674 1859 750 1898 iam
775 1861 929 1898 dudum
959 1859 1106 1899 audiui.
1167 1860 1239 1897 Ev.
1271 1872 1410 1909 pacem
1437 1857 1625 1908 componi

1532 1924 1626 1962 uolo

334 2038 400 2068 935
424 2029 660 2068 uestigandum
686 2029 719 2059 B
851 2031 918 2069 936
941 2030 1014 2070 hic]
1038 2030 1070 2060 id
1093 2028 1167 2059 PCD
1297 2040 1360 2069 941
1387 2030 1494 2068 rogito
1518 2028 1626 2059 Pius:

292 2074 405 2113 cogito
422 2072 487 2103 cod.
596 2083 661 2112 942
685 2083 811 2112 naugas
825 2072 853 2103 C
960 2084 1024 2113 943
1047 2074 1204 2104 zacintho
1221 2072 1287 2105 cod.
1307 2073 1360 2114 (gf.
1376 2074 1457 2113 940)
1560 2082 1625 2111 944

292 2121 465 2147 autumant
481 2115 546 2147 cod.
650 2118 716 2156 946
740 2117 805 2147 iam
818 2116 892 2149 Ital.
908 2128 915 2148 t
940 2127 981 2147 ea
997 2116 1065 2148 cod.
1163 2127 1226 2156 947
1251 2127 1294 2147 ex
1311 2116 1385 2147 add.
1402 2116 1625 2156 Kampmann

291 2161 358 2200 948
382 2160 448 2191 mei
468 2159 582 2190 ualent
609 2160 771 2199 Pylades:
796 2165 923 2191 metuat
945 2160 1012 2192 cod.
1531 2164 1627 2198 pater

293 2202 430 2244 Bugge:
455 2204 523 2235 dati
541 2202 605 2234 cod.
722 2214 788 2243 949
812 2214 902 2235 nunc
919 2203 1024 2235 Pius:
1048 2215 1116 2234 non
1130 2203 1195 2235 cod.
1317 2214 1383 2243 950
1405 2204 1453 2234 sic
1471 2204 1502 2234 d.
1518 2201 1623 2233 Pius:

276 2247 321 2277 *si
337 2248 367 2278 d.
392 2247 457 2278 cod.
548 2247 601 2277 eia
626 2258 712 2286 quae
733 2248 776 2277 mi
803 2247 945 2288 Ussing:
979 2248 1099 2287 eloque
1124 2248 1157 2278 ni
1184 2247 1248 2278 cod.
1277 2247 1303 2286 (l
1319 2253 1382 2287 pro
1401 2247 1429 2287 j)
1561 2254 1622 2286 951

292 2301 395 2322 sanus
411 2290 476 2323 cod.
567 2290 647 2320 mihi
664 2290 739 2321 add.
757 2290 884 2322 Ritschl
1008 2301 1077 2330 952
1100 2301 1158 2322 ses
1174 2290 1239 2322 cod.
1259 2296 1269 2330 (
1274 2296 1338 2331 pro
1353 2291 1421 2321 seis
1432 2291 1458 2331 2)
