1742 2718
691 49 954 89 EPIDICVS
1440 46 1487 83 V.
1507 45 1522 82 1

71 169 137 213 615
161 169 223 207 ST.
256 166 352 217 quid
372 173 431 205 est
450 163 552 203 tibi?
599 165 668 201 ΕΡ.
700 162 797 212 quin
817 168 859 199 tu
881 159 976 199 mihi
1000 160 1169 198 adornas
1189 159 1239 197 ad
1260 159 1390 207 fugam
1413 155 1492 194 uia-

1366 221 1488 259 ticum

157 297 253 346 priu’
273 309 391 346 quam
418 296 565 346 pereo?
621 306 713 331 nam
734 306 802 342 per
822 291 960 329 urbem
982 291 1062 328 duo
1082 287 1290 327 defloccati
1311 300 1424 324 senes
1512 299 1552 322 10

156 361 376 410 quaeritant
397 374 469 406 me,
493 359 533 396 in
554 357 736 396 manibus
757 363 912 406 gestant
932 355 1093 404 copulas
1115 366 1249 391 secum
1270 351 1397 389 simul.

157 428 220 464 ST.
253 426 354 463 habe
374 425 526 463 bonum
545 422 735 460 animum.
795 422 864 458 ΕΡ.
897 419 1044 469 quippe
1064 431 1137 468 ego
1157 416 1252 467 quoi
1273 415 1429 454 libertas
1449 414 1489 452 in

1197 482 1346 520 mundo
1367 480 1486 518 sitast.

158 557 219 593 ST.
252 568 324 604 ego
358 563 396 593 te
426 551 604 592 seruabo.
665 554 734 590 ΕΡ.
778 552 921 600 edepol
951 563 1015 587 me
1045 548 1099 586 illi
1124 547 1263 586 melius
1293 546 1323 584 si
1358 545 1490 583 nancti

1368 613 1487 648 fuant.

69 690 139 723 620
158 686 227 722 sed
248 684 334 734 quis
355 686 453 722 haec
473 683 531 721 est
551 682 781 721 muliercula
801 689 838 719 et
859 680 923 718 ille
942 680 1196 729 grauastellus
1217 677 1285 727 qui
1306 676 1413 714 uenit
1430 678 1446 713 ?

158 750 221 787 ST.
244 749 308 787 hic
332 756 390 787 est
416 748 582 795 danista,
604 749 702 786 haec
723 747 788 785 illa
814 753 872 784 est
898 753 1031 783 autem
1059 757 1178 794 quam
1207 740 1312 794 [ego]
1335 740 1412 779 emi
1439 742 1489 778 de
1515 753 1550 784 15

576 820 579 822 '
941 811 1096 860 praeda.
1158 810 1226 845 ΕΡ.
1259 805 1490 844 haecinest?

159 881 221 918 ST.
254 881 351 918 haec
371 887 440 918 est.
499 886 610 917 estne
630 878 683 916 ita
708 885 750 915 ut
776 876 848 914 tibi
876 875 985 914 dixi?
1014 881 1172 923 aspecta
1193 880 1230 910 et
1251 871 1488 920 contempla,

1301 935 1468 986 Epidice
1485 951 1492 973 :

159 1023 286 1059 usque
303 1010 354 1048 ab
374 1008 588 1059 unguiculo
607 1009 659 1046 ad
679 1007 865 1057 capillum
886 1011 1123 1044 summumst
1144 1001 1418 1041 festiuissuma.

159 1082 270 1113 estne
282 1074 498 1113 consimilis
511 1074 622 1124 quasi
635 1086 758 1123 quom
771 1072 927 1122 signum
935 1070 1086 1121 pictum
1098 1069 1262 1119 pulchre
1274 1065 1493 1117 aspexeris?

71 1144 136 1189 625
160 1141 229 1178 ΕΡ.
261 1153 284 1178 e
303 1139 380 1178 tuis
396 1139 525 1177 uerbis
543 1152 677 1177 meum
692 1139 867 1175 futurum
882 1136 1034 1174 corium
1050 1135 1258 1185 pulchrum
1275 1131 1489 1183 praedicas,

158 1204 278 1254 quem
298 1205 458 1254 Apelles
477 1218 524 1242 ac
545 1202 684 1242 Zeuxis
705 1203 786 1240 duo
806 1202 969 1251 pingent
989 1198 1199 1249 pigmentis
1220 1196 1372 1236 ulmeis,
1514 1207 1554 1229 20

158 1271 220 1308 ST.
252 1269 294 1308 di
309 1269 535 1307 inmortales
553 1270 559 1304 1
589 1266 686 1304 sicin
702 1264 796 1303 iussi
811 1265 862 1302 ad
879 1277 942 1301 me
958 1262 1032 1301 ires
1048 1264 1064 1300 ?
1111 1261 1279 1310 pedibus
1296 1259 1492 1309 plumbeis

158 1334 226 1384 qui
245 1333 472 1384 perhibetur
491 1331 588 1382 priu'
608 1330 782 1369 uenisset
802 1342 922 1379 quam
942 1335 984 1366 tu
1004 1325 1202 1365 aduenisti
1222 1324 1329 1363 mihi.

162 1400 237 1437 DA.
270 1399 367 1436 haec
401 1397 543 1447 edepol
575 1401 768 1434 remorata
802 1394 894 1431 med
926 1400 994 1430 est.
1055 1393 1118 1430 ST.
1152 1389 1349 1440 siquidem
1383 1388 1493 1427 istius

1372 1454 1494 1503 gratia

71 1534 141 1578 630
159 1528 200 1566 id
220 1529 446 1567 remoratu's
466 1527 575 1576 quod
595 1525 668 1563 ista
688 1523 825 1570 uoluit,
848 1522 1014 1560 nimium
1035 1519 1232 1559 aduenisti
1252 1519 1342 1558 cito.

161 1594 237 1632 DA.
268 1606 340 1642 age
372 1605 455 1642 age,
495 1592 658 1641 apsolue
695 1587 796 1641 <me)
828 1596 947 1638 atque
985 1593 1191 1637 argentum
1231 1598 1408 1632 numera,
1443 1598 1493 1622 ne
1514 1597 1554 1629 ²5

1166 1650 1332 1690 comites
1352 1663 1491 1688 morer.

202 1764 266 1803 615
289 1763 331 1793 ad
347 1773 411 1793 om.
432 1762 464 1791 A
580 1762 644 1792 616
662 1765 737 1801 post
751 1762 814 1800 617
832 1759 865 1789 P
972 1760 1036 1797 617
1055 1762 1088 1788 te
1104 1756 1137 1786 A
1229 1753 1344 1795 simul]
1364 1753 1448 1784 siaui
1466 1753 1500 1782 P

162 1806 206 1847 (A
217 1812 280 1847 pro
293 1805 338 1846 M,
354 1806 367 1836 I
381 1811 442 1846 pro
454 1805 495 1846 L)
600 1806 665 1835 618
688 1804 828 1845 bonum]
845 1812 925 1833 num
939 1802 972 1832 A
1066 1802 1130 1839 619
1153 1798 1223 1839 me]
1242 1809 1286 1829 ne
1301 1797 1497 1829 Gulielmius

159 1852 226 1881 620
248 1850 473 1889 grauastellus
490 1848 530 1888 P,
550 1847 681 1879 Paulus
702 1849 766 1887 96:
794 1846 986 1877 rauistellus
1010 1844 1058 1884 A,
1077 1843 1209 1874 Paulus
1233 1852 1295 1881 273
1384 1851 1449 1880 que
1466 1840 1500 1870 P

160 1894 298 1924 aduenit
308 1891 396 1924 codd.
411 1892 563 1930 Pauli96
629 1893 689 1922 621
706 1892 772 1922 emi
784 1901 827 1921 ex
838 1889 884 1921 P:
899 1900 962 1929 ego
973 1889 1040 1919 emi
1052 1888 1094 1918 de
1105 1887 1138 1916 A
1209 1887 1273 1915 622
1288 1886 1334 1915 ita
1345 1883 1496 1914 Mueller:

161 1939 223 1968 ista
239 1937 272 1967 A
291 1949 297 1967 ;
323 1947 387 1966 om.
405 1936 439 1966 P
524 1936 570 1976 et]
589 1936 672 1966 haec
688 1934 722 1965 P
849 1935 914 1972 623
931 1932 1058 1972 ungulo
1075 1931 1108 1960 A
1246 1930 1311 1967 624
1336 1928 1386 1958 vel
1406 1928 1494 1958 estn’

161 1990 243 2010 cons
270 1981 328 2020 (sq.
356 1981 458 2019 spat.)
484 1980 618 2018 signum
643 1978 832 2020 P(propter
840 1978 1024 2017 fenestram
1046 1976 1080 2005 in
1101 1973 1263 2012 archetypi
1277 1973 1406 2013 pagina
1416 1983 1429 2008 ;
1460 1971 1496 2010 cf

160 2035 191 2055 v.
216 2025 298 2062 6413
332 2023 510 2053 considera
533 2032 558 2053 s.
586 2021 649 2064 3³)
750 2021 928 2061 aspexeris
951 2020 1010 2050 A:
1041 2018 1166 2049 uideris
1188 2017 1220 2048 Ρ
1366 2016 1495 2053 626-37

156 2071 321 2108 perpauca
336 2066 491 2106 leguntur
503 2067 538 2096 in
554 2065 586 2095 A
730 2065 796 2095 626
820 2064 972 2104 appelles
988 2063 1022 2093 P
1109 2061 1249 2100 pincent
1265 2058 1299 2089 P
1313 2059 1357 2097 (C
1370 2064 1432 2098 pro
1450 2058 1495 2097 G)

161 2112 224 2150 627
250 2110 334 2141 sicin
355 2110 436 2140 iussi
452 2110 494 2140 ad
512 2119 566 2140 rne
584 2109 632 2139 ire
649 2108 734 2138 Brt'x
751 2109 832 2147 (ires
843 2105 925 2145 Leo)
941 2118 947 2136 :
973 2105 1065 2136 socio
1084 2105 1169 2144 (scio
1187 2103 1234 2140 Β)
1250 2103 1331 2133 iussi
1349 2102 1497 2132 admirer

162 2153 252 2193 P<A
269 2164 300 2184 n.
314 2153 354 2190 l.)
372 2153 409 2193 (i.
429 2163 459 2192 5.
481 2163 512 2192 p.
536 2153 632 2185 1085:
659 2162 778 2182 soccos
794 2151 877 2182 iussi
897 2150 1047 2180 adimere
1062 2147 1134 2178 Ital.
1153 2159 1159 2179 :
1190 2147 1217 2178 si
1237 2147 1327 2177 Iouis
1343 2147 1436 2176 iussu
1454 2146 1496 2175 ad

163 2207 216 2227 me
241 2197 305 2227 iret
327 2196 464 2228 Palmer
549 2195 716 2236 plumbeis
732 2194 836 2225 Brix:
862 2193 1042 2233 pulmunes
1058 2191 1092 2222 P
1106 2191 1154 2231 (A
1175 2201 1207 2222 n.
1236 2190 1277 2230 l.)
1297 2201 1304 2220 :
1327 2189 1498 2230 plumipes

163 2240 302 2270 Palmer
388 2239 543 2279 Oedipus
563 2240 591 2269 si
615 2239 657 2269 ad
673 2249 726 2268 me
743 2238 807 2268 iret
824 2238 967 2278 pedibus
983 2235 1127 2273 turgidis
1149 2233 1374 2273 Wagem’ngen
1394 2231 1497 2265 iBerl.

163 2283 248 2314 Phil.
271 2282 379 2315 Woch.
397 2283 445 2322 18,
463 2284 561 2322 1005)
666 2283 732 2312 628
754 2281 925 2323 uen(is)se
936 2281 968 2310 A
1050 2279 1112 2317 631
1129 2287 1181 2308 me
1193 2276 1269 2308 add.
1286 2275 1498 2308 Camerarius

166 2328 214 2367 (A
234 2338 265 2359 n.
287 2327 322 2367 l.)
415 2336 553 2357 numera
571 2326 619 2356 bis
636 2325 674 2364 P,
691 2325 723 2354 A
743 2335 774 2356 n.
795 2325 814 2356 l.
