1742 2718
645 64 1000 102 MENAECHMI
1436 60 1483 95 V.
1506 69 1536 95 v

161 180 276 218 MEN.
308 177 404 216 abiit
433 189 601 223 socerus,
630 175 711 213 abit
741 173 929 213 medicus
990 185 1095 210 nunc
1125 172 1231 209 solus
1259 183 1355 208 sum.
1417 183 1487 219 pro

1287 234 1485 284 Iuppiter!

160 306 255 357 quid
277 306 368 345 illuc
389 312 446 344 est
467 305 576 355 quod
597 305 687 342 med
710 303 817 341 hisce
838 302 1018 340 homines
1040 299 1208 339 insanire
1229 298 1486 350 praedicant?
1507 311 1545 343 55

161 385 251 409 nam
283 370 479 421 equidem,
509 377 719 420 postquam
749 375 889 418 gnatus
920 381 1018 413 sum,
1043 378 1257 415 numquam
1289 362 1486 413 aegrotaui

1239 442 1362 467 unum
1384 427 1489 466 diem

75 508 144 552 960
163 514 291 551 neque
312 514 384 550 ego
406 499 559 538 insanio
581 512 709 548 neque
731 511 881 547 pugnas
902 510 1032 546 neque
1053 509 1125 546 ego
1146 494 1223 533 litis
1244 493 1394 543 coepio.

162 568 292 604 saluos
314 567 443 603 saluos
463 564 561 602 alios
582 563 711 609 uideo,
736 562 830 601 noui
849 560 958 613 (ego)
977 560 1168 607 homines,
1191 561 1396 608 adloquor.

162 645 212 668 an
234 630 287 667 illi
309 642 512 680 perperam
533 627 702 666 insanire
725 641 788 665 me
807 626 928 672 aiunt,
952 625 1024 675 ipsi
1046 624 1278 662 insaniunt?

163 694 258 746 quid
280 707 353 744 ego
374 706 480 732 nunc
500 692 671 731 faciam?
708 693 874 730 domum
897 690 950 728 ire
970 689 1087 740 cupio
1108 704 1114 726 z
1144 691 1239 726 uxor
1260 702 1339 727 non
1362 687 1477 733 sinit3
1514 696 1556 728 60

165 762 243 798 huc
281 766 413 797 autem
449 771 568 797 nemo
607 756 841 795 intromittit.
912 754 1019 793 nimi'
1059 761 1296 804 prouentum
1331 760 1389 791 est
1432 765 1496 789 ne-

561 819 565 822 *
1356 817 1493 868 quiter.

78 893 144 938 965
166 890 229 929 hic
250 903 317 928 ero
330 902 455 939 usque
473 902 484 936 3
511 889 562 927 ad
576 894 735 926 noctem
756 888 906 933 saltem,
921 887 1050 931 credo,
1070 884 1305 923 intromittar
1318 884 1493 922 domum.

680 998 975 1034 MESSENIO
1514 997 1560 1034 vi

223 1083 328 1120 MEs.
362 1082 599 1131 Spectamen
621 1079 731 1118 bono
750 1091 865 1116 seruo
886 1077 926 1116 id
947 1083 1016 1123 est,
1040 1075 1107 1127 qui
1128 1089 1210 1114 rem
1230 1074 1364 1114 erilem

222 1153 414 1197 procurat,
438 1145 558 1191 uidet,
582 1145 765 1183 conlocat
785 1141 1020 1192 cogitatque,

223 1219 266 1250 ut
285 1218 448 1261 apsente
469 1224 535 1249 ero
556 1223 637 1248 rem
659 1208 713 1247 eri
734 1207 941 1258 diligenter

279 1283 425 1314 tutetur
445 1288 565 1325 quam
586 1274 617 1313 si
637 1274 722 1325 ipse
741 1273 845 1312 adsit
864 1281 931 1311 aut
951 1272 1103 1312 rectius.

84 1355 154 1391 970
226 1349 376 1391 tergum
398 1353 516 1390 quam
536 1341 679 1389 gulam,
702 1352 814 1377 crura
834 1351 953 1388 quam
974 1345 1151 1376 uentrem
1173 1343 1327 1387 oportet
1523 1352 1541 1384 5

279 1405 433 1456 potiora
452 1418 538 1443 esse
558 1403 653 1455 quoi
673 1417 741 1442 cor
761 1404 941 1442 modeste
962 1402 1127 1441 situmst.

333 1469 558 1508 recordetur
577 1469 629 1516 id,
652 1468 720 1519 qui
741 1468 853 1507 nihili
873 1475 975 1515 sunt,
998 1467 1095 1518 quid
1115 1466 1169 1506 eis
1190 1466 1289 1517 preti

173 1537 287 1575 detur
307 1535 358 1573 ab
379 1534 458 1573 suis
478 1534 562 1582 eris,
586 1533 749 1584 ignauis,
772 1532 948 1584 inprobis
969 1532 1060 1571 uiris
1080 1548 1087 1571 :
1304 1519 1312 1523 ⁵

444 1599 617 1645 uerbera,
641 1599 868 1649 compedes,

88 1675 153 1712 975
228 1666 369 1712 molae,
393 1662 566 1717 [magna]
588 1663 791 1710 lassitudo,
814 1664 949 1710 fames,
971 1662 1080 1714 frigu’
1101 1663 1254 1710 durum,
1525 1679 1566 1701 10

389 1731 487 1768 haec
507 1729 630 1780 pretia
650 1735 741 1767 sunt
761 1728 951 1779 ignauiae.

175 1794 215 1834 id
236 1808 309 1846 ego
330 1796 431 1833 male
452 1795 599 1832 malum
621 1792 755 1832 metuo
772 1808 779 1832 :
814 1800 1021 1844 propterea
1041 1793 1192 1832 bonum
1213 1806 1299 1832 esse
1319 1799 1506 1831 certumst

1373 1857 1505 1907 potius

219 1974 283 2005 957
298 1964 378 2004 fort.
408 1974 437 1995 a.
472 1973 589 1995 socrus
620 1963 690 1994 abit
717 1962 832 2004 (Arch.
858 1962 934 1995 Lat.
963 1962 1042 1994 Lex.
1074 1972 1123 2001 12,
1152 1961 1234 2001 592)
1324 1972 1414 1992 nunc
1447 1960 1504 1993 del.

180 2008 324 2047 Gnatus,
352 2007 501 2047 rhythmo
526 2007 695 2038 consulens
868 2008 933 2046 958
956 2004 1091 2049 (nunc)
1106 2016 1160 2036 me
1188 2006 1249 2046 (ita
1269 2005 1352 2043 cod.)
1373 2003 1512 2035 Mueller

180 2051 311 2092 (Rhein.
339 2051 427 2082 Mus.
448 2059 500 2091 54,
527 2052 606 2091 393)
634 2051 686 2091 (ef.
708 2051 788 2090 957)
893 2050 947 2081 hic
964 2049 1029 2080 cod.
1051 2049 1102 2090 tcf.
1131 2059 1195 2089 997
1216 2049 1283 2079 illic
1300 2054 1363 2089 pro
1387 2048 1507 2088 illisce)

178 2097 243 2135 960
260 2094 378 2134 coepio
404 2097 542 2125 testatur
560 2095 692 2125 Nonius
715 2095 779 2133 89:
803 2094 902 2134 cupio
918 2093 983 2124 cod.
1118 2094 1181 2132 961
1207 2103 1272 2132 ego
1289 2092 1365 2123 add.
1386 2091 1512 2122 Ritschl

180 2136 287 2180 (hos)
302 2139 390 2169 hom.
404 2137 542 2168 Mueller
553 2137 685 2178 (Rhein.
702 2137 790 2168 Mus.
812 2147 863 2177 54⁷
878 2138 958 2177 393)
1019 2137 1100 2176 sort.
1118 2136 1272 2167 homines
1292 2137 1404 2175 uideo,
1426 2136 1506 2166 noui

180 2184 245 2221 962
270 2191 448 2221 perperam
467 2181 566 2213 Ital.:
590 2182 770 2221 perderam
793 2181 858 2212 cod.
888 2182 934 2222 (D
950 2185 1013 2220 pro
1030 2180 1075 2216 Ρ)
1229 2182 1293 2220 965
1318 2189 1378 2210 ero
1400 2179 1507 2210 Pius:

182 2236 265 2264 ergo
282 2225 346 2256 cod.
438 2235 518 2256 usce
535 2224 599 2257 cod.
734 2226 800 2264 968
824 2223 937 2266 (tarn)
962 2234 1031 2254 rem
1049 2223 1184 2264 Ritschl,
1204 2224 1257 2254 cui
1268 2223 1380 2254 hiatus
1395 2223 1428 2253 in
1437 2223 1508 2262 fine

182 2268 374 2300 hemistichii
386 2268 525 2309 displicet
640 2270 706 2308 969
729 2268 779 2299 vel
791 2268 886 2308 quasi
1006 2277 1070 2306 972
1094 2267 1270 2309 re[corde]
1289 2267 1447 2299 cordetur
1463 2266 1504 2305 Β,

184 2312 270 2342 unde
284 2313 386 2344 corde
409 2313 624 2344 reccordetur
638 2311 780 2353 Spengel
797 2312 908 2353 (troch.
926 2313 1099 2352 septenar.)
1223 2321 1287 2351 975
1312 2320 1432 2349 magna
1449 2309 1506 2340 del.

183 2356 315 2396 Rimas,
335 2357 432 2387 metri
442 2366 542 2387 causa
