1742 2718
88 508 152 551 835

88 897 157 939 840

92 1354 157 1399 845

91 1813 160 1857 850

657 66 1012 105 MENAECHMI
1447 62 1493 98 V.
1516 60 1546 98 ii

173 181 287 218 MEN.
311 178 406 230 quid
423 178 518 217 mihi
534 177 691 216 meliust
711 190 842 227 quarn,
861 176 1022 226 quando
1045 174 1096 212 illi
1119 186 1181 211 me
1203 171 1371 210 insanire
1392 184 1497 221 prae-

1352 236 1496 281 dicant,

173 323 246 360 ego
267 311 358 348 med
379 309 613 347 adsimulem
634 308 813 353 insanire,
837 314 880 344 ut
900 306 986 344 illos
1006 320 1029 344 a
1050 318 1112 343 me
1132 311 1367 353 apsterrcam
1384 303 1401 339 ?
1517 311 1558 340 80

175 377 258 413 ΜΑ.
291 384 332 413 ut
352 374 610 424 pandiculans
631 372 840 412 oscitatur!
879 371 975 421 quid
996 384 1101 409 nunc
1122 369 1272 416 faciam,
1290 367 1341 405 mi
1364 367 1500 416 pater?

174 442 236 478 SE.
261 441 437 478 concede
452 441 541 486 huc,
559 451 647 476 mea
667 445 773 485 nata,
786 437 836 475 ab
858 436 957 475 istoc
970 449 1089 486 quam
1104 442 1233 485 potest
1247 433 1497 482 longissume.

176 507 288 543 ΜΕΝ.
322 505 449 542 euhoe
478 511 596 553 atque
623 504 762 549 euhoe,
796 501 964 549 Bromie,
994 514 1074 550 quo
1108 513 1171 537 me
1200 498 1240 536 in
1270 498 1409 536 siluam
1439 510 1502 533 ue—

1194 570 1330 601 natum
1352 574 1470 600 uocas
1487 563 1503 599 ?

173 634 302 682 audio,
326 635 396 672 sed
417 647 497 671 non
518 633 625 671 abire
645 645 807 682 possum
829 632 880 670 ab
900 630 961 669 his
982 629 1218 680 regionibus,

174 701 227 738 ita
246 700 310 737 illa
331 713 393 737 me
413 699 463 737 ab
485 700 597 736 laeua
616 697 770 735 rabiosa
789 696 936 734 femina
954 697 1136 734 adseruat
1157 707 1284 739 canes,
1521 695 1563 735 85

174 773 287 816 poste
306 772 439 802 autem
460 763 567 817 illinc
587 763 717 800 hircus
739 764 882 809 †a1us†‚
906 761 974 811 qui
994 774 1111 810 saepe
1131 766 1257 798 aetate
1278 758 1318 796 in
1339 770 1408 796 sua

176 830 346 881 perdidit
366 829 495 868 ciuem
515 829 769 866 innocentem
791 829 889 865 falso
909 825 1147 865 testimonio.

176 897 239 934 SE.
272 908 345 934 uae
376 894 493 945 capiti
525 901 594 932 tuo
611 896 617 931 1
695 894 810 931 MEN.
843 905 948 940 ecce,
981 892 1128 941 Apollo
1161 888 1259 927 mihi
1292 902 1339 927 ex
1373 888 1503 925 oraclo

1339 952 1503 1002 imperat

173 1033 216 1064 ut
236 1038 308 1076 ego
329 1024 407 1063 illic
427 1025 564 1062 oculos
585 1037 743 1062 exuram
764 1019 1050 1073 lampadi[bu]s
1071 1019 1310 1059 ardentibus.

176 1093 259 1129 MA.
291 1090 387 1140 perii
405 1093 410 1127 1
459 1089 513 1127 mi
533 1097 652 1140 pater,
676 1088 847 1126 minatur
867 1086 964 1125 mihi
985 1087 1122 1124 oculos
1143 1097 1311 1123 exurere.
1521 1097 1564 1130 90

176 1158 291 1194 ΜΕΝ.
325 1155 359 1194 ei
380 1155 476 1193 mihi
494 1158 500 1193 1
532 1154 701 1192 insanire
717 1167 781 1191 me
801 1153 922 1199 aiunt,
940 1153 1042 1190 ultro
1058 1164 1179 1201 quom
1196 1149 1269 1198 ipsi
1290 1146 1502 1186 insaniunt.

176 1223 239 1260 SE.
273 1221 364 1269 filia,
391 1222 511 1259 heus!
571 1221 655 1257 MA.
688 1219 785 1269 quid
815 1219 905 1256 est?
960 1218 1025 1255 SE.
1055 1214 1151 1264 quid
1181 1213 1361 1262 agimus?
1409 1212 1507 1262 quid

1002 1282 1033 1320 si
1054 1295 1127 1331 ego
1147 1282 1225 1318 huc
1246 1291 1379 1317 seruos
1400 1277 1507 1316 cito?

178 1351 256 1398 ibo,
278 1352 475 1390 abducam
497 1349 563 1400 qui
584 1351 690 1387 hunc
711 1348 803 1386 hinc
823 1349 962 1386 tollant
983 1353 1021 1385 et
1042 1344 1151 1384 domi
1172 1343 1401 1382 deuinciant

177 1417 273 1468 priu'
313 1429 433 1466 quam
466 1415 669 1453 turbarum
704 1413 801 1464 quid
840 1412 956 1451 faciat
994 1409 1173 1461 amplius,
1253 1410 1368 1446 MEN.
1401 1407 1505 1446 enim

1301 1520 1309 1523 Α
1336 1474 1479 1511 haereo
1497 1487 1507 1519 ,-

176 1548 217 1587 ni
250 1561 404 1598 occupo
437 1547 587 1597 aliquid
622 1545 718 1584 mihi
750 1544 970 1591 consilium,
1006 1543 1047 1580 hi
1081 1543 1247 1580 domum
1282 1552 1345 1577 me
1378 1539 1429 1576 ad
1464 1551 1505 1575 se
1524 1551 1565 1583 95

1315 1604 1502 1641 auferent.

176 1679 316 1730 pugnis
337 1692 400 1717 me
420 1685 533 1716 uotas
554 1677 593 1715 in
613 1676 744 1715 huiius
765 1689 832 1714 ore
853 1674 1066 1724 quicquam
1087 1684 1256 1721 parcere,

176 1743 241 1781 nei
260 1757 283 1780 a
303 1742 400 1781 meis
421 1741 544 1780 oculis
564 1741 753 1791 apscedat
773 1740 813 1778 in
834 1740 978 1777 malam
1001 1749 1184 1787 magnam
1206 1747 1374 1773 crucem.

177 1808 318 1846 faciam
357 1808 466 1857 quod
504 1807 626 1853 iubes,
661 1806 817 1855 Apollo.
889 1805 954 1842 SE.
990 1804 1081 1852 fuge
1115 1802 1281 1839 domum
1316 1805 1508 1848 quantum

1367 1870 1508 1913 potest,

222 1979 285 2018 832
309 1988 374 2017 ego
394 1988 446 2008 me
466 1978 524 2019 (ita
543 1977 626 2018 cod.)
645 1975 724 2019 (ut)
740 1975 866 2006 Ritschl
998 1975 1062 2012 834
1088 1974 1201 2011 potest
1224 1979 1302 2000 corr.
1326 1972 1423 2008 potes
1439 1966 1505 1998 cod.

178 2026 216 2053 ut
229 2022 293 2054 vid.
393 2022 456 2061 835
482 2021 591 2052 euhoe
605 2025 706 2060 atque
720 2020 830 2050 euhoe
845 2018 960 2058 scrip3i
975 2017 1028 2057 (cf.
1049 2015 1096 2047 acl
1111 2015 1183 2046 Cas.
1199 2012 1277 2054 727)
1294 2024 1301 2044 :
1325 2011 1402 2042 eubi
1415 2011 1506 2052 (eum

177 2065 241 2106 B¹)
267 2070 369 2105 atque
394 2066 460 2096 heu
485 2065 574 2097 cod.:
602 2065 724 2103 euhoe,
749 2063 894 2101 Bacche,
923 2061 1054 2092 Richter
1193 2057 1257 2096 838
1281 2060 1358 2097 post
1381 2060 1415 2085 te
1439 2054 1503 2085 cod.

177 2109 224 2140 illi
241 2111 330 2140 circo
347 2108 437 2140 salus
453 2109 518 2139 cod.
537 2121 544 2140 :
569 2119 645 2139 corr.
662 2106 847 2138 Beroaldus
935 2105 1051 2135 caluus
1067 2101 1212 2139 Mueller,
1228 2100 1287 2131 sed
1289 2101 1371 2140 sort.
1388 2098 1461 2129 alus
1474 2097 1511 2127 id

177 2153 265 2192 quod
282 2153 417 2184 ‘olens’
435 2152 485 2193 (LJ‘Z
497 2155 504 2169 ‘
520 2152 621 2182 alium
633 2153 658 2192 ’)
759 2152 823 2190 840
839 2160 884 2180 ex
896 2149 1008 2180 oraclo
1025 2147 1070 2177 mi
1083 2146 1216 2186 Rz'tschl‚
1234 2155 1316 2175 nam
1335 2142 1417 2174 mihi
1438 2141 1443 2181 Ι
1464 2151 1506 2171 ex

176 2196 318 2236 displicet
404 2195 550 2236 imperas
568 2196 705 2236 Langen
817 2195 881 2234 843
905 2194 978 2232 ipse
992 2191 1057 2223 cod.
1071 2191 1096 2231 (ἰ
1103 2196 1165 2231 pro
1182 2189 1278 2230 ipsei,
1290 2199 1354 2228 seq.
1370 2187 1394 2227 i)
1409 2187 1504 2225 (corr.

176 2238 238 2279 ΒΞ)
349 2241 412 2279 847
430 2240 563 2279 aliquod
580 2239 639 2270 alii
745 2239 810 2277 849
834 2238 867 2267 ni
883 2248 903 2267 a
919 2237 1005 2267 meis
1027 2233 1148 2265 Vahlen
1165 2237 1195 2265 et
1208 2232 1319 2264 eadem
1337 2234 1375 2262 ut
1388 2228 1451 2260 vid.
1472 2229 1506 2258 in

176 2283 242 2314 cod.
262 2283 320 2314 sed
332 2283 592 2323 antiquasorma
609 2282 663 2313 nei
680 2292 699 2312 a
716 2281 792 2312 miis
804 2281 863 2322 (ne
879 2280 944 2311 iam
954 2279 1007 2310 his
1017 2276 1080 2318 B²)
1161 2279 1194 2308 in
1212 2286 1369 2316 magnam
1386 2272 1507 2304 malam

176 2337 309 2358 crucem
325 2326 566 2359 Sonnenschein
