1742 2718
710 83 981 122 ASINARIA
1459 82 1504 118 V.
1528 81 1555 117 ii

180 201 248 238 ΡΑ.
282 212 427 238 censen
457 205 497 236 tu
528 196 638 235 illum
669 195 789 234 hodie
819 195 989 245 primum
1025 193 1078 231 ire
1112 193 1320 231 adsuetum
1355 206 1439 230 esse
1469 192 1506 229 in

1309 270 1477 306 ganeum
1493 259 1509 294 ?

178 332 281 369 ART.
315 328 378 367 ille
399 335 551 367 ecastor
571 325 794 377 suppilabat
815 338 889 370 me,
913 324 1022 374 quod
1042 322 1203 361 ancillas
1225 335 1332 360 meas

179 394 406 445 suspicabar
424 401 543 442 atque
563 390 729 430 insontis
751 389 911 428 miseras
932 388 1166 427 cruciabam.
1226 389 1331 425 ARG.
1363 394 1480 437 pater,

93 467 161 509 890
180 460 272 499 iube
292 458 375 498 dari
392 458 530 496 uinum
545 472 555 505 3
579 457 657 495 iam
674 456 827 495 dudum
847 456 994 493 factum
1016 461 1074 492 est
1090 466 1211 503 quom
1228 451 1397 502 primum
1415 452 1508 489 bibi.
1530 464 1572 494 40

182 526 258 562 DE.
291 525 352 571 da,
378 536 509 573 puere,
535 522 586 560 ab
616 534 785 560 summo.
842 533 913 570 age
943 526 984 557 tu
1014 517 1170 557 interibi
1199 517 1250 556 ab
1280 517 1432 555 insumo
1461 518 1512 555 da

1344 581 1507 620 sanium.

181 656 284 692 ART.
315 652 411 703 perii
432 652 582 699 misera,
605 659 648 690 ut
667 651 866 690 osculatur
885 649 1080 695 carnufex,
1104 647 1233 698 capuli
1254 649 1375 686 decus
1392 649 1398 684 ἕ

183 722 260 758 DE.
291 719 434 768 edepol
453 717 627 756 animam
648 715 870 755 suauiorem
886 714 1089 764 aliquanto
1106 726 1225 763 quam
1242 711 1371 751 uxoris
1388 725 1509 750 meae.

183 787 257 823 ΡΗ.
289 783 353 823 dic
372 783 527 829 amabo,
549 796 600 823 an
617 783 737 820 foetet
756 779 889 819 anima
903 778 1033 818 uxoris
1053 780 1172 817 tuae?
1221 780 1296 816 DE.
1329 784 1512 815 nauteam

94 856 160 899 895
182 850 317 889 bibere
337 848 481 895 malim,
505 848 537 886 si
557 860 765 886 necessum
786 845 844 893 sit,
868 859 987 895 quam
1008 844 1114 882 illam
1135 842 1354 883 oscularier.
1533 851 1574 883 45

182 917 285 953 ART.
317 914 381 952 ain
403 912 594 952 tande'm?
623 913 766 961 edepol
786 924 837 949 ne
857 913 899 949 tu
919 910 1020 948 istuc
1041 923 1131 948 cum
1153 910 1257 946 malo
1278 921 1422 958 magno
1445 914 1514 946 tuo

183 979 313 1020 dixisti
333 979 372 1017 in
394 993 467 1017 me.
529 978 623 1025 sine,
647 977 783 1016 uenias
804 976 926 1015 modo
947 977 1123 1021 domum,
1147 976 1236 1013 faxo
1256 981 1299 1013 ut
1320 973 1419 1013 scias

183 1044 279 1095 quid
301 1043 435 1095 pericli
455 1043 504 1081 sit
524 1044 682 1082 dotatae
702 1041 812 1080 uxori
833 1040 973 1079 uitium
994 1039 1135 1079 dicere.

184 1112 258 1148 ΡΗ.
291 1109 408 1148 miser
428 1115 579 1147 ecastor
599 1121 650 1146 es.
701 1109 805 1145 ART.
837 1113 989 1145 ecastor
1004 1104 1146 1155 dignus
1164 1112 1232 1143 est.
1282 1106 1387 1143 ARG.
1419 1103 1516 1154 quid

1289 1169 1356 1216 ais,
1379 1170 1516 1220 pater?

96 1254 168 1290 900
184 1238 329 1290 ecquid
359 1246 523 1277 matrem
549 1239 687 1276 amas?
746 1238 822 1275 DE.
853 1249 979 1286 egone
1006 1234 1142 1274 illam?
1170 1248 1277 1273 nunc
1300 1248 1402 1280 amo,
1425 1234 1518 1284 quia
1537 1249 1577 1280 50

1290 1313 1371 1337 non
1392 1300 1513 1337 adest.

186 1372 290 1409 ARG.
322 1369 420 1420 quid
451 1381 572 1419 quom
604 1368 747 1406 adest?
804 1367 880 1404 DE.
912 1364 1073 1416 periisse
1104 1364 1233 1415 cupio.
1302 1366 1376 1402 PH.
1412 1370 1517 1401 amat

944 1432 1067 1470 homo
1088 1429 1152 1468 hic
1172 1437 1220 1476 te,
1243 1436 1286 1468 ut
1305 1428 1515 1480 praedicat.

186 1502 291 1538 ART.
322 1498 372 1538 ne
392 1498 457 1537 illa
477 1505 628 1538 ecastor
648 1499 847 1536 faenerato
867 1495 1038 1534 funditat
1055 1510 1062 1532 :
1083 1508 1175 1533 nam
1196 1494 1227 1532 si
1247 1495 1413 1533 domum

188 1565 344 1605 redierit
364 1564 498 1612 hodie,
518 1564 737 1603 osculando
757 1576 831 1613 ego
850 1561 1016 1600 ulciscar
1036 1560 1310 1611 potissumum.

188 1634 293 1671 ARG.
316 1631 410 1680 iace,
428 1639 548 1682 pater,
567 1632 677 1677 talos,
695 1637 738 1668 ut
757 1642 874 1680 porro
894 1642 967 1667 nos
987 1627 1186 1666 iaciamus.
1225 1629 1300 1665 DE.
1324 1641 1517 1665 maxume.

100 1709 166 1746 905
189 1706 238 1746 te,
268 1697 527 1743 Philaenium,
554 1695 650 1734 mihi
677 1703 796 1746 atque
820 1693 950 1733 uxoris
974 1701 1153 1733 mortem.
1204 1694 1281 1732 hoc
1304 1692 1518 1732 Venerium
1542 1702 1579 1733 55

1447 1765 1515 1796 est.

188 1828 310 1879 pueri,
332 1827 508 1879 plaudite
528 1835 566 1866 et
588 1826 642 1865 mi
663 1827 715 1866 ob
736 1826 883 1865 iactum
904 1826 1093 1863 cantharo
1115 1825 1285 1862 mulsum
1308 1824 1409 1862 date.

189 1896 293 1932 ART.
325 1907 406 1932 non
427 1907 531 1944 queo
551 1894 701 1932 durare.
762 1893 830 1929 PA.
863 1890 895 1929 si
916 1904 998 1929 non
1018 1888 1191 1929 didicisti
1211 1888 1429 1935 fulloniam,

233 1999 295 2038 887
320 1997 371 2028 vel
385 1997 485 2028 illunc
530 1994 619 2038 (an)
636 1996 814 2027 adsuetum
839 1993 1013 2034 Langrelzr
1146 1994 1212 2032 890
1236 1992 1307 2022 dari
1324 1991 1520 2023 Acidalius:

191 2043 273 2073 dare
288 2041 358 2072 cod.
491 2042 555 2080 894
580 2041 663 2070 inter
675 2041 740 2079 898
757 2042 785 2069 et
799 2048 865 2078 900
875 2037 994 2077 legitur
1003 2047 1017 2075 ;
1040 2037 1105 2075 899
1122 2036 1207 2066 inter
1220 2037 1284 2075 895
1301 2038 1330 2065 et
1344 2036 1427 2075 8963
1444 2037 1517 2074 895,

191 2087 255 2125 899
267 2088 341 2125 post
354 2085 419 2124 906
436 2084 469 2114 in
487 2094 598 2124 marg.
615 2084 735 2124 repetiti
746 2084 825 2113 sunt
842 2081 938 2121 (inter
949 2090 1102 2111 versuum
1119 2082 1302 2110 contextum
1317 2078 1386 2119 PE)
1404 2089 1412 2117 ;
1437 2080 1522 2109 mira

191 2128 333 2159 turbatio
360 2128 458 2158 totius
489 2128 549 2158 loci
691 2127 756 2166 894
782 2131 859 2155 tuae
884 2124 979 2154 uxori
1003 2122 1094 2153 codd.
1118 2123 1222 2153 Nonii
1249 2132 1313 2161 233
1457 2123 1520 2161 895

193 2182 334 2202 necesse
351 2171 394 2202 sit
411 2170 502 2202 codd.
518 2170 622 2201 Nonii
642 2172 662 2201 8
676 2181 682 2201 ε
709 2178 885 2200 necessum
904 2171 956 2197 est
973 2166 1052 2203 cod„
1061 2166 1144 2205 fort.
1162 2170 1236 2196 recte
1371 2166 1522 2205 896-898

192 2226 266 2245 cum
289 2225 365 2254 902.
387 2225 451 2254 903
477 2215 584 2245 locum
609 2217 739 2244 mutare
761 2212 844 2242 iubet
866 2210 1040 2241 Fleckeisen
1182 2211 1247 2249 896
1269 2215 1316 2240 vel
1340 2213 1396 2239 a'i'n
1487 2214 1521 2238 tu

192 2257 339 2300 (hodie)
356 2257 493 2288 Mueller
579 2268 701 2297 magno
718 2256 807 2287 malo
823 2254 874 2286 PE
986 2254 1048 2293 897
1074 2263 1103 2284 s.
1115 2254 1272 2284 reuenias
1292 2251 1396 2293 Goetz,
1411 2250 1523 2281 Loewe

193 2305 230 2332 ut
245 2301 303 2333 del.
320 2301 491 2332 Fleckeisen
1044 2307 1110 2336 902
1133 2297 1189 2327 ille
1214 2299 1290 2338 (pro
1313 2295 1384 2337 -ae)
1411 2298 1523 2326 castor

193 2344 280 2376 codd.
300 2344 399 2375 Nom‘z
415 2355 478 2384 312
492 2356 499 2377 ι
527 2345 582 2376 ille
599 2349 733 2376 ecastor
747 2341 816 2374 cod.
969 2350 1033 2380 904
1058 2340 1227 2372 iaceamus
1243 2338 1312 2370 cod.
1457 2347 1520 2376 907

193 2388 382 2420 fullonicam
399 2388 463 2420 cod.
