1742 2718
122 361 186 398 525

122 684 188 720 530

124 1079 187 1116 535

127 1533 193 1569 540

683 46 1059 83 CISTELLARIA
1481 45 1534 81 ΙΙ.
1557 44 1570 80 i

207 158 245 196 di
269 170 331 196 me
352 170 502 203 omnes,
526 155 655 206 magni
677 156 896 206 minutique
917 162 955 194 et
975 155 1092 194 etiam
1114 156 1313 206 patellarii,
1560 169 1599 200 55

208 222 329 261 faxint
351 236 400 261 ne
421 236 494 273 ego
513 220 622 274 (dem
643 220 778 272 uiuae>
797 221 911 259 uiuos
932 221 1085 259 sauium
1108 221 1277 267 Selenio,

208 287 280 324 nisi
302 300 374 336 ego
397 294 513 336 teque
534 293 720 336 tuamque
742 286 861 324 filiam
882 300 1007 336 aeque
1029 285 1148 324 hodie
1169 294 1471 336 optruncauerO,

207 359 319 402 poste
339 359 470 390 autem
491 365 582 389 cum
602 351 729 401 primo
750 351 827 389 luci
848 364 931 389 cras
952 350 1025 389 nisi
1045 352 1165 389 ambo
1185 351 1381 396 occidero,

207 424 244 454 ct
265 416 449 466 equidem
472 417 601 454 hercle
621 415 694 454 nisi
716 417 862 466 pedatu
883 415 997 454 tertio
1017 416 1146 454 omnis
1166 415 1359 461 ecflixero,

206 481 279 519 nisi
300 489 341 519 tu
362 481 467 519 illam
488 480 651 519 remittis
671 482 722 519 ad
744 495 816 519 me.
877 480 955 519 dixi
977 494 1077 531 quae
1098 481 1216 519 uolui.
1276 482 1374 518 uale.
1395 505 1430 507 m
1557 482 1599 513 60

208 548 289 584 ΜΕ.
322 545 417 584 abiit
437 545 538 584 intro
559 545 688 583 iratus.
747 545 844 596 quid
864 559 937 595 ego
958 559 1064 583 nunc
1084 547 1230 595 agam?
1259 545 1290 583 si
1312 544 1468 583 redierit

206 611 270 648 illa
289 612 339 649 ad
361 611 477 656 hunc,
501 609 649 648 ibidem
670 610 745 648 loci
767 624 826 649 res
847 610 940 648 erit:
971 609 1039 648 ubi
1060 610 1197 648 odium
1218 610 1424 660 occeperit,

207 676 311 713 illam
333 676 522 721 extrudet,
546 682 629 713 tum
650 676 752 714 hanc
773 689 933 714 uxorem
956 675 1162 713 Lemniam
1183 676 1302 713 ducet
1322 677 1499 714 domum.

207 742 276 779 sed
291 748 423 779 tamen
437 740 503 778 ibo
517 748 555 778 et
568 754 794 790 persequar:
816 753 953 778 amans
967 739 1017 778 ne'
1033 739 1129 789 quid
1143 739 1269 786 faciat,
1280 747 1396 778 cauto
1405 747 1533 790 opust.

207 813 418 856 postremo,
441 804 603 854 quando
622 818 750 855 aequa
770 806 853 855 lege
875 804 1036 855 pauperi
1056 818 1148 843 cum
1169 804 1292 843 diuite
1556 805 1597 846 65

209 885 288 908 non
309 870 409 917 licet,
432 871 595 920 perdam
615 883 775 920 operam
796 869 926 920 potius
947 883 1066 919 quam
1087 869 1231 908 carebo
1252 869 1340 907 filia.

208 936 277 974 sed
312 934 399 985 quis
437 934 501 973 hic
535 942 593 973 est
627 934 694 984 qui
728 941 833 973 recta
866 936 995 985 platea
1028 948 1185 973 cursum
1220 935 1298 972 huc
1332 934 1537 973 contendit

1395 1013 1508 1038 suom
1523 1002 1538 1037 ?

209 1073 247 1104 et
267 1066 363 1105 illud
384 1079 512 1116 paueo
532 1073 570 1104 et
591 1067 667 1104 hoc
688 1065 868 1114 formido,
891 1065 945 1104 ita
965 1072 1048 1104 tota
1068 1079 1155 1104 sum
1177 1065 1319 1105 misera
1338 1064 1378 1103 in
1398 1072 1517 1103 metu.

721 1179 1022 1215 LAMPADIO
1561 1174 1589 1210 ii

212 1262 281 1298 LA.
313 1261 447 1298 Anum
468 1266 638 1298 sectatus
658 1273 745 1298 sum
766 1261 937 1299 clamore
958 1274 1026 1311 per
1046 1260 1140 1308 uias,

212 1324 480 1363 miserrumam
500 1325 631 1364 habui.
692 1333 733 1363 ut
753 1325 866 1364 illaec
885 1325 1005 1364 hodie
1025 1333 1123 1375 quot
1144 1325 1272 1364 modis

211 1390 447 1429 moderatrix
465 1389 655 1442 (linguae)
674 1391 746 1429 fuit
765 1398 884 1441 atque
905 1390 1214 1429 immemorabilis
1232 1394 1239 1429 l

211 1464 308 1507 quot
328 1456 382 1494 illi
402 1455 624 1502 blanditias,
647 1455 744 1505 quid
764 1455 818 1494 illi
838 1455 1000 1506 promisi
1020 1455 1126 1503 boni,

211 1529 308 1572 quot
328 1520 556 1560 admoeniui
576 1520 753 1568 fabricas,
776 1528 873 1570 quot
892 1520 1064 1558 fallacias
1297 1521 1304 1525 “
1562 1533 1579 1564 5

212 1587 251 1625 in
273 1585 526 1637 quaestione!
584 1585 648 1623 uix
670 1584 863 1634 exsculpsi
884 1591 927 1622 ut
947 1584 1103 1631 diceret,

212 1651 305 1701 quia
324 1650 359 1690 ei
379 1649 540 1701 promisi
559 1650 711 1689 dolium
731 1649 813 1687 uini
833 1651 936 1688 dare.

255 1764 672 1800 PHANOSTRATA
785 1762 1085 1798 LAMPADIO
1199 1762 1499 1798 MELAENIS
1563 1761 1604 1797 iii

216 1846 289 1881 PH.
322 1842 470 1881 Audire
490 1856 631 1881 uocem
652 1841 737 1881 uisa
757 1855 844 1880 sum
865 1848 956 1880 ante
976 1840 1085 1880 aedis
1106 1842 1228 1880 modo

215 1908 290 1947 mei
312 1907 563 1958 Lampadisci
584 1907 696 1946 serui.
757 1909 827 1945 LA.
860 1921 941 1945 non
962 1908 1080 1945 surda
1100 1920 1152 1953 es,
1176 1920 1264 1945 era:

257 2023 321 2052 522
345 2013 466 2044 minuti
491 2016 525 2043 et
550 2013 652 2043 etiarn
677 2011 710 2042 A
730 2024 737 2042 :
772 2012 959 2051 minutique
985 2016 1018 2042 et
1039 2011 1073 2041 P
1170 2010 1272 2050 deficit
1294 2010 1327 2040 A
1478 2020 1542 2049 523

214 2057 370 2087 lacunam
414 2056 519 2097 spatio
559 2059 650 2086 notat
681 2055 741 2086 B:
781 2054 904 2097 (dem)
938 2055 1026 2093 Ital„
1063 2053 1206 2096 (uiuae)
1239 2054 1352 2093 Bothe,
1383 2053 1542 2086 Benoist:

216 2099 444 2142 <oppingam)
455 2099 582 2131 Schocll
624 2099 720 2130 senio
733 2098 798 2130 cod.
814 2099 958 2138 (selenio
970 2098 1015 2137 J)
1083 2107 1146 2137 524
1168 2103 1214 2129 te.
1227 2102 1272 2128 tu.
1290 2097 1310 2129 f.
1324 2108 1445 2137 meque
1459 2098 1540 2136 cod.‚

215 2143 274 2174 sed
292 2143 391 2174 filiam
411 2143 492 2174 verb.
511 2142 704 2182 dactylicum
719 2142 753 2172 in
772 2146 888 2182 quarto
899 2141 979 2182 pede
994 2142 1050 2173 vix
1061 2141 1262 2181 ferendum:
1297 2151 1373 2172 corr.
1393 2141 1544 2181 qugffert:

215 2188 348 2226 vixteq’
364 2185 450 2226 meq'
468 2191 512 2218 tu.
529 2186 550 2217 f.
657 2194 720 2224 525
743 2190 861 2225 postea
878 2185 944 2216 cod.
1059 2186 1123 2224 526
1148 2185 1302 2216 efflixero
1321 2186 1431 2215 omnis
1444 2186 1544 2216 tertio

218 2231 282 2261 Leo
436 2240 501 2270 530
523 2234 594 2260 tum
617 2228 837 2260 Dz'ssaldeus:
869 2239 943 2259 cum
967 2228 1031 2259 cod.
1181 2239 1240 2268 531
1269 2239 1387 2260 amens
1410 2228 1464 2266 Bl,
1490 2228 1548 2259 sed

217 2274 342 2314 nequid
365 2274 421 2304 vix
437 2273 615 2314 serendum
761 2272 822 2303 sed
853 2276 966 2303 tamen
994 2282 1114 2303 amens
1145 2282 1188 2303 ne
1213 2273 1293 2312 quid
1321 2273 1418 2303 faciat
1445 2277 1543 2303 cauto

217 2323 325 2358 opust.
368 2317 422 2348 ibo
439 2321 473 2348 et
488 2326 674 2357 persequar
690 2316 755 2346 Leo
885 2325 948 2355 534
972 2316 1037 2346 hue
1061 2315 1135 2347 Ital.
1154 2327 1161 2346 :
1185 2316 1240 2347 hic
1263 2316 1329 2347 cod.
1479 2324 1543 2355 535

216 2363 267 2393 vel
287 2361 366 2392 illuc
512 2361 576 2400 538
599 2360 735 2398 linguae
759 2358 836 2390 add.
859 2359 983 2400 Ussing
1126 2368 1190 2398 539
1213 2359 1262 2390 vel
1274 2359 1341 2390 illie
