1742 2718
636 47 992 90 MENAECHMI
1443 41 1472 78 Ι.
1494 39 1522 76 ii

154 182 245 208 nam
266 167 297 207 si
318 166 409 206 foris
429 172 557 212 cenat,
576 164 753 214 profecto
774 160 847 207 me,
871 159 977 198 haud
998 169 1170 203 uxorem,
1192 153 1399 193 ulciscitur.

157 236 270 273 ΜΕΝ.
303 246 401 271 euax
420 234 426 269 !
456 229 580 279 iurgio
600 229 730 266 hercle
752 227 912 264 tandem
934 235 1094 262 uxorem
1115 219 1228 269 abegi
1248 219 1298 257 ab
1319 218 1445 256 ianua.

209 297 276 337 ubi
297 304 387 336 sunt
406 303 599 334 amatores
620 292 776 331 mariti?
805 292 911 329 dona
931 288 1027 339 quid
1048 293 1201 325 cessant
1222 283 1317 322 mihi

209 363 383 401 conferre
404 372 542 399 omnes
562 357 877 407 congratulantes
898 353 989 403 quia
1009 350 1180 402 pugnaui
1201 348 1376 387 fortiter?
1502 363 1543 384 20

73 441 138 476 130
156 428 258 466 hanc
279 427 400 464 modo
420 423 528 463 uxori
549 423 653 461 intus
674 422 817 471 pallam
839 417 1031 468 surrupui,
1051 417 1101 455 ad
1123 421 1294 454 scortum
1315 414 1407 451 fero.

210 491 264 529 sic
285 491 506 535 hocdecet‚
530 487 613 526 dari
634 488 758 525 facete
779 485 900 523 uerba
920 482 1075 521 custodi
1095 488 1215 519 catae.

210 558 286 594 hoc
317 554 467 593 facinus
500 553 756 602 pulchrumst,
789 551 865 587 hoc
900 548 1116 598 probumst,
1148 547 1224 584 hoc
1258 542 1483 593 lepidumst,

1053 613 1130 650 hoc
1151 612 1335 648 factumst
1354 607 1462 645 fabre
1478 621 1485 644 :

268 699 357 724 meo
378 687 482 722 malo
501 697 524 721 a
544 684 646 720 mala
665 680 808 731 apstuli
829 681 915 726 hoc,
939 679 989 716 ad
1011 679 1201 716 damnum
1222 675 1425 713 deferetur.

268 750 393 789 auorti
414 750 599 799 praedam
620 747 670 785 ab
691 745 871 784 hostibus
892 750 1069 781 nostrum
1091 742 1214 779 salute
1235 738 1397 777 socium.
1511 748 1548 780 25

78 824 140 862 135
162 818 231 854 PE.
263 817 360 854 heus
376 816 607 853 adulescens
626 815 632 850 1
662 824 788 861 ecqua
808 810 848 847 in
868 808 964 847 istac
981 821 1068 857 pars
1085 806 1184 844 inest
1200 805 1345 854 praeda
1366 802 1490 840 mihi?

161 882 276 920 MEN.
309 880 428 931 perii!
459 879 499 917 in
526 877 687 916 insidias
717 874 872 914 deueni.
933 875 1011 910 PE..
1035 872 1157 909 immo
1178 870 1217 907 in
1238 868 1488 919 praesidium,

1313 948 1363 972 ne
1384 933 1488 971 time.

160 1013 276 1050 ΜΕΝ.
327 1010 414 1060 quis
452 1010 574 1048 homo
613 1009 700 1046 est?
775 1008 844 1044 PE.
886 1018 959 1055 ego
997 1016 1094 1042 sum.
1174 1003 1289 1039 ΜΕΝ.
1342 1013 1366 1038 o
1404 1011 1492 1036 mea

730 1069 1019 1117 Commoditas,
1040 1082 1064 1107 o
1085 1080 1172 1106 mea
1193 1063 1489 1116 Opportunitas,

161 1143 279 1181 salue.
339 1142 408 1178 PE.
441 1141 559 1178 salue.
634 1128 749 1176 ΜΕΝ.
782 1136 878 1187 quid
907 1134 1017 1185 agis?
1089 1135 1156 1170 ΡΕ.
1189 1139 1306 1169 teneo
1335 1131 1494 1169 dextera

1166 1195 1325 1247 genium
1347 1208 1490 1233 meum.

165 1273 280 1311 ΜΕΝ.
321 1283 402 1309 non
436 1268 599 1320 potuisti
628 1267 741 1318 magi’
775 1279 843 1317 per
876 1273 1032 1314 tempus
1066 1262 1120 1301 mi
1153 1260 1341 1300 aduenire
1375 1272 1493 1309 quam
1517 1273 1557 1304 30

1317 1323 1492 1364 aduenis.

82 1414 148 1448 140
167 1403 237 1439 PE.
269 1400 323 1439 ita
342 1413 414 1451 ego
436 1401 568 1439 soleo:
599 1395 893 1437 commoditatis
914 1394 1043 1434 omnis
1063 1393 1248 1432 articulos
1268 1390 1361 1429 scio.

166 1468 283 1505 MEN.
314 1466 382 1504 uin
412 1473 454 1503 tu
484 1464 634 1503 facinus
661 1464 906 1501 luculentum
936 1459 1158 1510 inspicere?
1228 1459 1297 1495 PE.
1338 1454 1425 1506 quis
1456 1454 1497 1493 id

1195 1521 1299 1560 coxit
1316 1521 1499 1570 coquos?

165 1596 243 1634 iam
264 1596 397 1643 sciam,
420 1596 452 1634 si
472 1595 568 1645 quid
588 1594 847 1640 titubatumst‚
871 1591 940 1630 ubi
960 1589 1141 1640 reliquias
1162 1588 1310 1627 uidero.

168 1664 284 1700 ΜΕΝ.
324 1661 389 1700 dic
427 1660 492 1708 mi,
529 1672 770 1709 enumquam
810 1665 851 1695 tu
889 1655 1023 1695 uidisti
1061 1655 1235 1693 tabulam
1274 1652 1420 1702 pictam
1458 1650 1498 1688 in

1352 1716 1499 1767 pariete

169 1792 238 1830 ubi
257 1791 390 1841 aquila
409 1789 675 1830 Catameitum
695 1795 847 1838 raperet
867 1794 934 1825 aut
955 1785 1023 1824 ubi
1046 1787 1183 1823 Venus
1205 1782 1449 1821 Adoneum?
1521 1792 1559 1825 35

87 1865 150 1903 145
172 1859 240 1895 PE.
272 1869 399 1906 saepe.
460 1856 530 1894 sed
550 1854 647 1905 quid
667 1854 763 1892 istae
782 1854 957 1902 picturae
976 1852 1027 1889 ad
1048 1864 1111 1888 me
1127 1848 1322 1887 attinent?
1383 1848 1498 1884 ΜΕΝ.

1181 1927 1252 1964 age
1273 1926 1336 1950 me
1356 1910 1498 1962 aspice.

172 1987 317 2038 ecquid
336 1986 531 2025 adsimulo
552 1985 757 2024 similiter?
814 1985 883 2022 PE.
915 1982 983 2033 qui
1003 1981 1089 2020 istic
1110 1987 1168 2019 est
1190 1980 1348 2018 ornatus
1369 1977 1488 2016 tuos?

221 2091 348 2130 126-58
370 2089 453 2120 deest
477 2089 511 2119 A
657 2089 719 2119 126
740 2086 791 2118 vel
804 2086 959 2126 profecto
976 2085 1051 2115 med
1211 2093 1269 2122 127
1293 2081 1409 2113 hercle
1432 2090 1501 2111 om.

174 2135 241 2167 cod.
264 2133 420 2164 Varronis
434 2133 478 2164 L.
494 2133 534 2164 L.
555 2143 584 2172 7,
604 2142 646 2171 93
757 2140 817 2169 130
831 2130 913 2169 sort.
931 2126 1062 2171 (hanc)
1078 2128 1165 2158 hanc
1183 2126 1316 2166 (iamb.)
1440 2133 1501 2162 135

165 2179 250 2218 fort.
263 2177 379 2217 ecquis
395 2175 431 2206 in
448 2176 467 2207 i.
537 2176 662 2216 praeda
677 2174 908 2205 Camerarius:
932 2183 991 2212 pre
1008 2170 1073 2203 cod.
1089 2183 1095 2202 :
1120 2170 1248 2210 praemi
1263 2169 1336 2200 Ital.
1442 2169 1502 2206 136

176 2221 316 2252 deuenit
334 2224 424 2259 (corr.
442 2218 501 2257 B‘2)
521 2219 586 2251 cod.
696 2227 757 2257 139
771 2217 822 2248 vel
834 2226 934 2255 mage
1044 2224 1100 2253 141
1118 2223 1247 2253 quocus
1263 2212 1326 2244 cod.
1441 2221 1500 2249 143

176 2274 377 2303 enumquam
407 2263 490 2294 Brix
503 2263 559 2305 (ex
571 2262 701 2292 Auson.
719 2271 771 2300 24,
791 2271 818 2300 1,
837 2270 870 2299 p.
891 2269 946 2289 121
965 2258 1058 2297 Sch.)
1073 2269 1081 2288 t
1106 2267 1253 2296 numqua
1271 2256 1331 2296 (Β)
1343 2255 1394 2286 vel
1407 2265 1500 2284 num-

177 2318 276 2347 quam
296 2307 398 2347 (PCD)
414 2306 481 2337 cod.
613 2315 674 2344 145
698 2305 746 2335 vel
762 2305 866 2334 istaec
987 2303 1047 2341 146
1070 2301 1145 2340 quis
1161 2300 1227 2340 alii,
1245 2299 1302 2330 sed
1314 2299 1350 2338 cs.
1369 2298 1503 2338 Seyffert

180 2351 281 2394 (Berl.
299 2350 384 2381 Phil.
407 2349 514 2380 Woch.
535 2359 584 2389 13,
604 2349 682 2390 278)
770 2348 820 2378 vel
834 2350 987 2377 ornatust
