1742 2718
673 95 1020 135 AMPHITRVO
1445 93 1498 129 11.
1520 91 1533 126 i

91 223 154 261 595
176 224 306 261 neque
326 209 396 248 tibi
418 209 517 246 istuc
538 207 680 245 mirum
699 203 878 257 (mirum)
892 203 1005 253 magi'
1025 203 1183 241 uidetur
1202 214 1322 251 quam
1343 201 1449 238 mihi.

176 278 258 314 AM.
282 288 362 324 quo
383 274 533 312 modo?
588 273 653 311 So.
676 271 811 318 nihilo,
830 270 1003 319 inquam,
1023 267 1165 305 mirum
1186 265 1300 316 magi'
1321 265 1391 303 tibi
1408 265 1506 302 istuc

1246 344 1364 380 quarn
1388 329 1480 367 mihi
1501 344 1507 371 ς

175 418 314 455 neque,
338 405 390 442 ita
412 417 474 442 me
494 403 534 441 di
555 410 698 449 ament,
723 401 934 439 credebam
955 398 1082 448 primo
1103 396 1284 434 mihimet
1305 394 1449 441 Sosiae,

174 472 303 508 donec
325 468 436 507 Sosia
456 468 532 505 illic
553 474 709 517 egomet
730 466 820 504 fecit
842 464 915 503 sibi
936 463 992 502 uti
1013 464 1225 501 crederem.

175 535 313 573 ordine
351 547 480 580 omne,
515 532 570 570 uti
610 532 786 581 quidque
825 537 957 568 actum
998 535 1066 575 est,
1103 528 1198 565 dum
1238 526 1345 575 apud
1384 524 1507 562 hostis

1320 590 1504 636 sedimus,

1529 466 1568 497 55

89 672 159 705 600
178 664 433 703 edissertauit.
493 671 576 701 tum
599 664 763 701 formam
786 674 863 699 una
882 659 1043 709 apstulit
1063 672 1155 696 cum
1176 656 1348 695 nomine.

177 744 306 780 neque
327 731 413 767 lact⁷
434 729 543 767 lactis
560 727 682 778 magis
704 735 761 765 est
783 726 908 764 simile
925 738 1044 775 quarn
1061 724 1125 761 ille
1141 736 1215 773 ego
1236 722 1399 760 similest
1416 720 1503 758 mei.

175 809 266 833 narn
288 802 329 832 ut
345 796 497 833 dudum
513 802 603 832 ante
624 795 753 830 lucem
773 806 796 830 a
816 798 931 841 portu
953 804 1016 828 me
1036 787 1270 839 praemisisti
1287 788 1507 825 domum—-

174 863 256 899 AM.
289 860 384 910 quid
406 859 548 910 igitur?
598 860 662 897 So.
696 857 792 908 priu'
814 857 939 894 multo
958 862 1050 893 ante
1070 853 1179 892 aedis
1201 853 1355 891 stabam
1376 865 1494 901 quam
1527 857 1570 889 60

1165 919 1232 956 illo
1252 919 1503 956 adueneram.

175 993 258 1030 AM.
291 1005 399 1042 quas,
424 992 586 1038 malum,
607 991 760 1039 nugas?
789 987 889 1026 satin
910 995 952 1026 tu
980 1000 1097 1024 sanus
1118 987 1189 1024 es?
1246 986 1310 1022 So.
1344 983 1398 1021 sic
1419 997 1505 1021 sum

1319 1057 1361 1087 ut
1382 1049 1504 1087 uides

89 1129 157 1174 605
179 1124 260 1161 AM.
295 1123 387 1161 huic
407 1121 559 1161 homini
580 1119 814 1170 nescioquid
835 1126 893 1157 est
914 1118 1006 1156 mali
1028 1118 1130 1155 mala
1150 1116 1352 1155 obiectum
1374 1128 1504 1162 manu,

177 1196 386 1238 postquam
406 1201 429 1225 a
450 1200 512 1224 me
532 1185 639 1224 abiit.
698 1187 762 1224 So.
790 1186 923 1232 fateor,
947 1197 1039 1221 nam
1060 1196 1147 1221 sum
1175 1189 1340 1232 optusus
1367 1179 1506 1230 pugnis

1310 1259 1504 1296 pessume.

175 1321 258 1356 AM.
290 1318 377 1368 quis
397 1326 436 1356 te
456 1316 707 1356 uerberauit?
751 1317 814 1354 So.
845 1321 1002 1364 egomet
1023 1320 1185 1360 memet,
1204 1311 1272 1362 qui
1293 1325 1399 1349 nunc
1420 1324 1506 1349 sum

1384 1375 1504 1414 domi.

176 1451 257 1487 AM.
291 1462 387 1487 caue
408 1448 632 1498 quicquam,
656 1446 730 1484 nisi
752 1447 861 1495 quod
882 1444 1030 1495 rogabo
1050 1451 1102 1491 te,
1124 1442 1220 1481 mihi
1241 1441 1501 1492 responderis.
1528 1451 1568 1491 65

177 1514 357 1552 omnium
378 1513 548 1564 primum
569 1512 642 1550 iste
662 1511 730 1561 qui
751 1511 799 1549 sit
820 1509 945 1557 Sosia,
964 1510 1041 1547 hoc
1062 1508 1141 1547 dici
1162 1510 1266 1546 uolo.
1303 1520 1310 1524 ·

89 1586 160 1620 610
179 1583 243 1619 So.
276 1588 364 1618 tuos
388 1587 446 1618 est
473 1591 618 1617 seruos.
677 1579 759 1615 ΑΜ.
792 1575 889 1614 mihi
919 1574 1081 1625 quidem
1112 1587 1193 1612 uno
1217 1581 1255 1612 te
1282 1575 1370 1624 plus
1390 1572 1507 1611 etiam

1184 1646 1241 1677 est
1262 1652 1380 1688 quam
1402 1639 1504 1684 uolo,

177 1724 307 1761 neque
327 1718 538 1760 postquam
559 1722 646 1747 sum
667 1716 782 1746 natus
803 1706 924 1746 habui
945 1705 1016 1744 nisi
1040 1713 1078 1744 te
1099 1717 1255 1743 seruom
1277 1703 1440 1742 Sosiam.

176 1778 240 1814 So.
272 1784 311 1814 at
331 1789 404 1826 ego
425 1789 542 1822 nunc,
565 1774 815 1824 Amphitruo,
838 1772 952 1811 dieo:
983 1771 1137 1810 Sosiam
1158 1783 1314 1808 seruom
1335 1777 1446 1807 tuom

175 1849 326 1891 praeter
353 1855 416 1879 me
443 1842 620 1887 alterum,
644 1839 817 1889 inquam,
847 1836 1065 1876 adueniens
1092 1835 1233 1874 faciam
1260 1842 1304 1873 ut
1331 1835 1508 1872 offendas
1530 1848 1571 1882 70

1385 1898 1505 1946 domi,

180 1974 295 2010 Dauo
322 1979 556 2022 prognatum
584 1978 692 2021 patre
720 1970 862 2008 eodem
893 1981 972 2018 quo
1000 1980 1073 2017 ego
1100 1980 1198 2013 sum,
1222 1967 1357 2011 forma,
1381 1972 1509 2002 aetate

1415 2038 1508 2068 ltem

91 2112 158 2157 615
180 2116 257 2153 qua
277 2116 350 2153 ego
371 2116 468 2141 sum.
510 2101 606 2152 quid
626 2108 743 2152 opust
763 2099 923 2139 uerbis?
951 2098 1130 2149 geminus
1152 2097 1263 2136 Sosia
1283 2096 1347 2134 hic
1367 2097 1509 2134 factust

1426 2160 1506 2198 tibi.

223 2282 286 2312 595
311 2273 430 2303 mirum
448 2270 524 2302 add.
544 2269 686 2311 Spengel
889 2269 953 2307 598
978 2268 1032 2298 ille
1059 2268 1120 2303 (ita
1136 2266 1223 2307 cod.)
1250 2269 1386 2305 egomet
1413 2262 1511 2307 (me)

181 2315 321 2346 Mueller
345 2315 478 2354 (Rham.
500 2314 589 2346 Mus.
610 2324 661 2353 54,
688 2312 766 2352 382)
901 2313 961 2342 601
989 2311 1085 2342 lactis
1106 2310 1206 2342 Ital.:
1232 2309 1310 2341 lacti
1330 2307 1396 2340 cod.
1418 2309 1455 2348 (i.
1473 2313 1509 2346 9)

181 2361 245 2398 614
270 2363 471 2399 pregnatum
488 2357 554 2388 cod.
689 2359 753 2394 615
778 2356 869 2395 quod
886 2355 951 2386 cod.
