1742 2718
50 181 94 218 45

51 503 97 541 50

52 827 94 866 55

599 60 916 100 MERCATOR
1413 62 1441 97 I.
1468 61 1475 68 '

222 168 261 207 ui
282 182 436 207 summa
456 176 498 208 ut
519 167 695 219 quidque
716 175 869 218 poterat
889 168 1065 218 rapiebat
1086 169 1261 207 domurn.

221 233 440 283 obiurigare
461 240 569 283 pater
590 234 686 270 haec
707 239 844 270 noctes
865 239 903 270 et
924 232 1019 279 dies,

221 297 437 348 perfidiam,
462 296 691 335 iniustitiam
713 298 903 335 lenonum
925 310 1179 347 expromere;

221 361 379 400 lacerari
400 361 530 400 ualide
550 374 661 399 suam
683 374 777 407 rem,
800 360 902 399 illius
922 361 1106 411 augerier.

221 440 379 465 summo
399 427 496 464 haec
518 427 689 464 clamore
705 441 715 473 ,-
744 426 942 464 interdum
964 439 1145 465 mussans
1165 426 1351 478 conloqui
1371 442 1380 466 ε

221 492 405 538 abnuere,
428 491 601 542 negitare
621 493 723 530 adeo
744 505 808 530 me
828 499 966 529 natum
987 505 1112 530 suom.

221 557 499 596 conclamitare
519 564 602 595 tota
621 558 718 596 urbe
738 564 776 595 et
796 556 1022 607 praedicere

221 635 360 660 omnes
380 629 558 660 tenerent
579 621 805 659 mutuitanti
826 622 995 660 credere.

220 700 395 725 amorem
418 688 562 725 multos
583 686 711 725 inlexe
732 686 772 724 in
792 685 1047 736 dispendium
1067 701 1074 724 ε

220 750 560 802 intemperantem,
583 765 664 790 non
686 752 922 798 modestum,
946 750 1130 789 iniurium

221 818 385 864 trahere,
406 808 608 855 exhaurire
629 830 693 855 me
713 818 823 866 quod
843 816 994 866 quirem
1015 817 1066 855 ab
1088 830 1129 855 se
1151 818 1273 856 domo
1289 831 1302 866 3

220 881 370 920 ratione
391 895 575 932 pessuma
594 895 618 920 a
638 895 701 920 me
721 895 768 920 ea
787 895 888 931 quae
909 881 1017 931 ipsus
1037 889 1202 932 optuma

221 946 350 984 omnis
371 946 524 985 labores
545 946 761 984 inuenisset
782 947 980 996 perferens

218 1011 362 1049 amoris
383 1011 422 1049 ui
443 1011 686 1050 diffunditari
705 1025 752 1050 ac
772 1011 909 1050 didier.

220 1076 446 1115 conuicium
467 1084 526 1115 tot
545 1090 609 1115 me
628 1090 755 1115 annos
776 1076 854 1114 iam
875 1089 916 1114 se
937 1089 1096 1126 pascere
1111 1091 1122 1125 3

221 1142 329 1191 quod
351 1141 424 1180 nisi
445 1143 621 1192 puderet,
643 1156 694 1181 ne
714 1142 866 1182 luberet
885 1143 1030 1181 uiuere.

221 1220 306 1245 sese
327 1208 525 1257 extemplo
545 1220 592 1245 ex
612 1206 776 1257 ephebis
797 1215 1009 1258 postquam
1030 1207 1251 1256 excesserit,

220 1285 312 1319 non,
336 1279 377 1310 ut
398 1285 481 1322 ego,
504 1270 628 1310 amori
648 1285 779 1322 neque
799 1272 976 1312 desidiae
997 1272 1037 1310 in
1057 1271 1141 1311 otio

220 1350 380 1386 operam
401 1336 559 1375 dedisse
579 1350 709 1387 neque
729 1344 967 1386 potestatem
988 1336 1063 1376 sibi

220 1402 338 1440 fuisse
353 1416 363 1449 3
390 1403 492 1440 adeo
512 1409 593 1440 arte
613 1401 833 1441 cohibitum
854 1416 940 1442 esse
958 1401 1036 1454 (se)
1054 1416 1077 1440 a
1096 1410 1206 1453 patre
1224 1418 1232 1442 :

219 1468 344 1505 multo
365 1480 484 1517 opere
503 1466 698 1505 inmundo
719 1467 864 1506 rustico
884 1481 926 1506 se
947 1467 1159 1507 exercitum

219 1545 350 1582 neque
370 1531 445 1570 nisi
466 1531 606 1582 quinto
625 1546 733 1571 anno
753 1545 913 1583 quoque
934 1532 1094 1572 solitum
1115 1533 1242 1573 uisere

219 1597 357 1636 urbem
376 1604 496 1647 atque
516 1599 715 1648 externplo
735 1597 839 1645 inde,
861 1605 906 1636 ut
926 1598 1183 1649 spectauisset
1202 1600 1376 1650 peplum,

219 1676 283 1702 rus
303 1676 437 1701 rusum
457 1662 666 1701 confestim
687 1662 787 1714 exigi
807 1663 966 1702 solitum
986 1678 1010 1702 a
1029 1671 1148 1714 patre.

218 1728 273 1767 ibi
292 1729 417 1766 multo
436 1727 607 1778 primum
627 1742 713 1767 sese
733 1728 981 1767 familiarium

155 1843 196 1873 45
221 1833 252 1864 ui
275 1837 384 1864 sumat
404 1833 549 1873 quicque
569 1832 719 1874 (quoque
738 1833 784 1872 Β)
805 1838 841 1864 ut
858 1832 940 1872 (om.
964 1834 1055 1875 PCD)
1066 1843 1099 1873 p.
1119 1834 1184 1865 cod.
1203 1845 1210 1865 z
1227 1845 1304 1866 corr.
1325 1835 1440 1866 Came·

113 1877 230 1916 rarius,
251 1877 378 1907 Rilsclzl
494 1887 535 1916 47
560 1877 719 1908 lenonum
736 1877 933 1909 iniustitiam
950 1878 1084 1917 Ritscha
1105 1878 1256 1918 rhythmo
1271 1880 1443 1910 consulens

112 1931 155 1959 49
178 1930 333 1951 mussans
350 1920 455 1951 Pius:
477 1930 591 1951 mussa
606 1920 670 1951 cod.
804 1931 848 1960 50
872 1921 1016 1961 negitari
1033 1921 1098 1952 cod.
1215 1932 1257 1960 52
1282 1923 1442 1954 timerent

112 1963 240 1994 Rz'tschl
325 1968 420 1994 mutu
435 1964 519 1995 tanti
538 1964 718 2004 (mutuanti
734 1963 781 2006 Β)
803 1964 870 1996 cod.
1002 1974 1044 2004 53
1067 1965 1182 1996 inlexe
1206 1965 1440 1998 Camerarius:

113 2007 232 2038 inlexit
259 2007 323 2039 cod.
457 2017 498 2047 55
523 2008 658 2038 exurire
674 2007 740 2038 cod.
847 2009 945 2040 domo
965 2008 1198 2040 Camerarius:
1224 2010 1360 2040 domum
1376 2010 1440 2042 cod.

111 2052 154 2090 56
178 2061 369 2090 pessumam
386 2061 405 2081 e
422 2062 529 2091 eaque
546 2050 612 2082 cod.
632 2055 669 2082 ut
682 2050 744 2082 vid.
764 2051 798 2092 (i.
812 2063 835 2084 e.
856 2063 1014 2092 pessuma
1035 2063 1089 2083 me
1112 2062 1152 2083 ea
1172 2053 1272 2093 quae)
1289 2064 1295 2084 :
1320 2064 1339 2083 a
1359 2053 1436 2085 add.

116 2095 240 2134 Ussing
324 2103 364 2134 57
389 2094 533 2134 perferis
555 2094 620 2126 cod.
709 2095 753 2134 58
775 2096 880 2126 moris
896 2095 960 2127 cod.
981 2096 1032 2136 (cf.
1052 2100 1219 2127 matorum
1233 2101 1296 2137 pro
1315 2101 1438 2127 amato-

113 2148 187 2168 rum
203 2148 231 2169 v.
255 2139 308 2174 16)
354 2138 570 2169 diffunditare
589 2139 679 2178 (cum
699 2139 831 2179 didere)
853 2139 1048 2171 Gulielmius
1101 2139 1210 2170 didier
1232 2139 1438 2171 Gronovius:

113 2182 252 2212 diedere
270 2181 338 2220 (die
355 2182 455 2213 heret
472 2182 519 2223 B)
538 2181 603 2213 cod.
738 2192 782 2222 59
804 2183 993 2214 conuicium
1010 2182 1084 2214 Ital.
1101 2195 1109 2214 t
1134 2184 1323 2214 conuirium
1342 2185 1437 2224 (con—

113 2225 235 2255 iurium
245 2224 291 2263 B)
304 2224 370 2256 cod.
418 2235 456 2256 se
468 2236 609 2265 pascere
625 2224 742 2256 Dousa
757 2238 764 2257 ε
788 2227 816 2257 si
833 2231 989 2266 pasceret
1002 2226 1067 2258 cod.
1085 2227 1112 2266 (t
1125 2227 1199 2258 add.
1215 2230 1252 2258 ut
1265 2227 1300 2258 in
1317 2238 1367 2259 vv.
1381 2237 1434 2267 42,

114 2269 155 2307 78
180 2272 210 2298 et
231 2268 304 2298 aliis
325 2269 425 2300 huius
453 2269 527 2310 loci)
662 2271 704 2300 60
729 2271 873 2309 puderet
897 2269 1003 2300 Pius:
1034 2270 1168 2301 luderet
1193 2270 1259 2302 cod.
1393 2272 1434 2301 61

113 2311 301 2343 excesseris
324 2311 389 2343 cod.
526 2314 568 2343 62
591 2322 660 2343 non
679 2313 755 2344 Ital.
772 2325 779 2344 :
802 2323 918 2344 nonne
935 2313 1056 2355 (none)
1073 2313 1137 2346 cod.
1155 2325 1163 2345 :
1187 2324 1300 2345 noenu
1311 2314 1353 2355 (2)
1372 2314 1438 2345 Leo

113 2356 199 2386 mori
215 2355 283 2386 cod.
301 2355 352 2395 (cf.
370 2365 400 2386 v.
423 2355 481 2395 58)
570 2357 612 2395 64
629 2366 667 2386 se
684 2356 760 2388 add.
779 2355 990 2388 Camerarius
1077 2358 1120 2387 66
1135 2358 1274 2388 solitum
1290 2356 1418 2388 Rz'tscizi
1428 2368 1435 2387 z

113 2399 261 2438 positum
275 2398 340 2430 cod.
357 2409 363 2428 :
389 2399 430 2430 ab
441 2409 483 2430 eo
496 2399 596 2430 situm
610 2400 651 2441 (Ζ)
664 2399 730 2430 Leo
803 2400 930 2441 uisere]
946 2404 999 2431 est
1009 2399 1042 2429 Β
1054 2400 1098 2440 (v.
1116 2401 1147 2442 1>
1255 2403 1299 2440 69
1322 2411 1359 2432 se
1370 2401 1436 2433 cod.

1464 71 1478 98 1

1463 185 1505 217 45

1463 511 1506 543 50

1465 832 1504 865 55

1461 1153 1505 1186 60
