1814 2723
257 293 295 316 10

256 1339 295 1361 20

257 1727 293 1758 Ζ5

314 43 360 79 iii
739 41 787 77 T.
820 39 1000 78 MACCI
1032 39 1235 76 PLAVTI

314 154 389 191 PH.
424 152 615 199 Palinure,
640 150 820 189 Palinure
840 152 846 187 1
905 152 972 187 PA.
1005 151 1198 200 eloquere,
1223 150 1318 200 quid
1339 158 1397 189 est
1418 151 1526 200 quod
1548 149 1644 188 Pali-

1333 229 1475 253 nurum
1496 217 1644 254 uoces?

315 285 389 321 PH.
422 290 480 321 est
517 281 658 332 lepida.
719 282 786 317 PA.
820 278 927 316 nimi'
961 278 1100 328 lepida.
1172 282 1246 318 PH.
1279 293 1366 318 sum
1405 281 1512 318 deus,
1572 282 1641 318 PA.

996 343 1118 382 immo
1139 345 1261 383 homo
1281 346 1359 382 hau
1382 344 1513 394 magni
1533 344 1641 394 preti.

316 416 390 451 PH.
423 412 519 462 quid
540 410 673 449 uidisti
693 417 759 448 aut
780 408 876 459 quid
898 408 1051 447 uidebis
1074 409 1187 459 magi'
1208 409 1267 448 dis
1288 409 1608 460 aequiparabile?

315 480 383 515 ΡΑ.
416 478 518 514 male
546 477 675 514 ualere
700 482 749 521 te,
772 475 880 524 quod
911 473 964 511 mi
993 481 1153 524 aegrest.
1214 476 1287 512 PH.
1320 476 1422 513 male
1450 474 1504 512 mi
1533 474 1645 513 mori-

1388 541 1522 589 geru's,
1545 547 1640 577 tace.

317 610 384 645 PA.
418 608 515 656 ipsu’
555 619 595 643 se
635 603 829 643 excruciat
868 603 935 653 qui
974 605 1096 642 homo
1135 605 1243 654 quod
1282 611 1387 642 amat
1425 604 1533 643 uidet
1571 619 1644 643 nec
1666 613 1733 648 170

1260 668 1408 718 potitur
1427 670 1522 707 dum
1542 669 1642 707 licet.

316 740 390 774 PH.
422 744 526 775 recte
565 735 753 783 obiurgat.
828 747 921 771 sane
964 735 1042 772 hau
1084 733 1335 784 quicquamst
1380 734 1493 784 magi'
1538 735 1648 784 quod

1290 798 1446 849 cupiam
1467 798 1544 837 iam
1564 799 1643 838 diu.

318 868 383 904 PL.
409 873 498 904 tene
519 879 593 912 me,
616 865 853 914 amplectere
879 875 981 913 ergo.
1042 865 1116 901 PH.
1140 864 1217 902 hoc
1237 863 1355 902 etiam
1376 871 1434 902 est
1454 877 1572 914 quam
1593 865 1646 902 ob

1220 943 1302 967 rem
1323 929 1479 980 cupiam
1501 929 1644 968 uiuere.

316 996 407 1047 quia
443 1003 479 1034 te
511 994 694 1046 prohibet
732 995 820 1040 eru',
854 995 956 1032 clam
989 991 1089 1047 [ero]
1129 993 1267 1044 potior.
1328 997 1395 1032 PL.
1438 994 1648 1045 prohibet?

1242 1073 1316 1098 nec
1336 1060 1543 1110 prohibere
1563 1060 1648 1110 quit

316 1140 389 1165 nec
406 1124 641 1177 prohibebit,
661 1123 735 1163 nisi
752 1137 856 1162 mors
872 1137 1004 1163 meum
1021 1124 1198 1163 animum
1214 1138 1284 1174 aps
1301 1132 1339 1163 te
1354 1125 1643 1164 abalienauerit.

317 1195 385 1230 PA.
416 1191 521 1231 enim
536 1204 630 1229 uero
644 1203 800 1240 nequeo
813 1190 953 1228 durare
967 1189 1062 1239 quin
1076 1203 1150 1240 ego
1165 1204 1275 1228 erum
1288 1204 1472 1229 accusem
1488 1204 1621 1229 meum
1639 1205 1645 1228 :
1668 1198 1731 1235 175

315 1272 407 1296 nam
421 1258 571 1296 bonum
589 1262 647 1294 est
662 1254 876 1305 pauxillum
889 1267 1020 1293 amare
1033 1268 1137 1301 sane,
1153 1254 1290 1294 insane
1306 1268 1387 1293 non
1401 1255 1551 1293 bonum
1565 1262 1622 1293 est
1636 1269 1646 1302 3

315 1336 452 1362 uerum
474 1329 601 1360 totum
622 1320 805 1358 insanum
821 1333 962 1367 amare,
981 1320 1057 1358 hoc
1073 1322 1297 1370 est—quod
1318 1334 1428 1359 meus
1449 1322 1527 1359 eru'
1543 1319 1644 1359 facit.

316 1390 390 1426 PH.
424 1386 497 1425 sibi
519 1399 589 1424 sua
609 1385 782 1423 habeant
802 1398 920 1434 regna
940 1398 1060 1434 reges,
1083 1384 1157 1423 sibi
1179 1385 1336 1423 diuitias
1357 1385 1511 1433 diuites,

315 1453 389 1492 sibi
410 1454 592 1498 honores,
616 1449 690 1489 sibi
711 1449 884 1496 uirtutes,
909 1449 982 1488 sibi
1002 1463 1164 1500 pugnas,
1188 1450 1263 1488 sibi
1282 1450 1452 1500 proelia:

315 1519 411 1556 dum
450 1516 504 1555 mi
542 1515 764 1566 apstineant
802 1513 990 1562 inuidere,
1027 1514 1100 1553 sibi
1132 1514 1300 1565 quisque
1332 1515 1505 1553 habeant
1538 1517 1646 1565 quod
1669 1520 1736 1553 180

1442 1594 1556 1619 suom
1576 1588 1644 1619 est.

316 1651 383 1686 PA.
417 1647 513 1698 quid
534 1649 608 1685 tu?
637 1645 811 1684 Venerin
831 1645 1060 1696 peruigilare
1080 1652 1118 1684 te
1139 1644 1294 1691 uouisti,
1319 1646 1564 1683 Phaedrome
1577 1647 1594 1682 ?

315 1727 405 1752 nam
427 1714 504 1751 hoc
525 1712 689 1763 quidem
709 1711 852 1761 edepol
872 1711 950 1748 hau
977 1711 1103 1749 multo
1129 1717 1219 1760 post
1239 1711 1327 1749 luce
1353 1709 1510 1749 lucebit.
1569 1712 1644 1748 PH.

1548 1782 1644 1814 tace.

318 1847 386 1883 PA.
418 1843 527 1894 quid,
549 1842 735 1881 taceam?
765 1841 860 1892 quin
882 1848 923 1878 tu
943 1840 975 1879 is
996 1840 1244 1880 dormitum?
1302 1842 1376 1878 PH.
1409 1840 1573 1887 dormio,
1597 1855 1647 1879 ne

1408 1906 1644 1944 occlamites.

317 1977 386 2013 PA.
414 1972 621 2024 tuquidem
642 1971 789 2022 uigilas.
850 1973 923 2009 PH.
955 1977 995 2009 at
1016 1984 1106 2009 meo
1127 1971 1235 2009 more
1255 1970 1434 2009 dormio:
1464 1969 1527 2008 hic
1549 1984 1648 2008 som-

1426 2042 1517 2073 nust
1538 2034 1644 2073 mihi.

318 2107 386 2143 PA.
419 2105 517 2143 heus
537 2111 589 2150 tu,
614 2102 763 2149 mulier,
786 2102 888 2139 male
908 2100 1047 2139 mereri
1068 2102 1118 2139 de
1138 2100 1356 2138 inmerente
1375 2100 1528 2138 inscitia
1548 2108 1615 2139 est.
1668 2106 1730 2149 185

364 2209 437 2246 168,
457 2218 514 2247 171
534 2207 585 2238 vel
598 2217 694 2245 mage
810 2215 867 2245 171
895 2205 959 2235 iam
976 2204 1193 2235 Gulielmius:
1218 2209 1285 2235 tarn
1303 2204 1366 2235 cod.
1478 2214 1537 2243 173
1561 2203 1645 2234 clam

274 2252 282 2262 *
319 2263 378 2283 ero
407 2262 460 2292 po.
495 2250 583 2281 cod.:
620 2260 679 2280 ero
712 2248 771 2281 del.
801 2249 947 2285 Guietus,
975 2249 1074 2279 metri
1095 2259 1205 2284 causa,
1234 2259 1334 2288 neque
1365 2247 1526 2278 ablativus
1554 2257 1648 2277 casus

308 2294 468 2335 firendus
610 2295 671 2332 178
695 2292 890 2323 Lactantius
914 2292 978 2324 div.
1005 2293 1084 2323 inst.
1112 2302 1142 2332 5,
1175 2303 1223 2331 12,
1257 2302 1291 2322 11
1321 2302 1382 2322 sua
1414 2291 1476 2322 sibi
1502 2290 1647 2322 habeant

319 2349 423 2379 regna
439 2348 548 2378 reges,
568 2347 647 2368 suas
664 2337 798 2368 divitias
814 2337 937 2367 diuites
954 2337 1007 2375 (ut
1023 2336 1170 2376 loquitur
1187 2336 1344 2376 Plautus)
