1794 2728
205 412 244 434 10

214 1194 254 1216 20

211 1840 255 1877 iii

230 90 287 128 ,ii
676 87 722 124 T.
756 84 937 124 MACCI
968 82 1172 120 PLAVTI

367 198 626 249 perlecebrae,
648 194 856 246 permifies,
879 194 1180 232 adulescentum
1200 189 1371 229 exitium.

314 277 406 301 narn
428 276 533 301 mare
553 262 661 300 haud
682 268 739 299 est
760 272 878 306 mare,
896 271 968 296 uos
990 270 1096 295 mare
1116 267 1389 302 acerrumum3

316 342 408 367 nam
429 328 468 366 in
491 326 586 365 mari
606 325 770 376 repperi,
793 325 857 362 hic
878 322 979 361 elaui
1000 322 1126 360 bonis.
1610 322 1674 362 135

317 395 466 444 ingrata
485 400 603 442 atque
623 390 737 428 inrita
757 402 842 427 esse
863 387 998 426 omnia
1017 387 1203 436 intellego

317 472 419 509 quae
439 457 532 496 dedi
553 464 591 494 et
612 456 720 505 quod
740 455 843 492 bene
864 453 949 500 feci,
971 460 1010 490 at
1030 453 1196 502 posthac
1216 450 1288 489 tibi

264 526 365 562 male
386 524 495 573 quod
515 529 652 572 potero
673 521 800 558 facere
820 518 972 565 faciam,
996 517 1215 566 meritoque
1235 516 1276 554 id
1296 514 1437 553 faciam
1458 520 1536 551 tuo.

265 603 337 639 ego
353 591 418 639 pol
435 596 473 626 te
489 587 662 636 redigam
679 586 821 623 eodem
838 584 944 622 unde
960 590 1044 620 orta
1061 595 1111 629 es,
1128 583 1178 619 ad
1195 580 1377 631 egestatis
1393 579 1592 624 terminos,

265 669 338 705 ego
358 655 500 703 edepol
521 661 559 691 te
579 652 720 691 faciam
741 659 783 689 ut
804 663 905 700 quae
926 649 976 687 sis
997 661 1103 686 nunc
1124 655 1162 686 et
1183 660 1284 697 quae
1304 645 1422 684 fueris
1443 645 1552 683 scias.
1617 657 1682 691 140

266 734 367 771 quae
388 719 483 770 priu’
505 731 623 769 quarn
645 717 759 755 istam
779 716 858 754 adii
883 723 1001 765 atque
1022 727 1159 752 amans
1176 725 1248 763 ego
1264 711 1441 750 animum
1462 722 1594 748 meum

1408 776 1470 814 isti
1491 775 1594 821 dedi,

268 852 428 891 sordido
449 851 571 889 uitam
592 849 820 888 oblectabas
841 861 942 898 pane
963 847 1004 885 in
1025 845 1165 897 pannis
1186 844 1330 894 inopia,

268 926 386 967 atque
408 929 453 955 ea
473 916 504 954 si
525 923 645 961 erant,
669 927 830 965 magnas
851 914 1027 952 habebas
1048 911 1235 950 omnibus
1256 910 1316 948 dis
1336 908 1477 959 gratias
1492 922 1501 955 3

270 983 409 1021 eadem
430 994 548 1028 nunc,
571 993 693 1030 quom
720 987 778 1018 est
800 979 951 1025 melius,
974 991 1038 1015 me
1059 976 1201 1027 quoius
1228 988 1348 1026 opera
1367 981 1425 1012 est
1445 973 1599 1022 ignoras

1485 1039 1596 1076 mala.

272 1114 435 1152 reddam
457 1125 529 1161 ego
550 1119 588 1149 te
609 1125 656 1149 ex
676 1112 755 1149 fera
775 1111 877 1148 fame
899 1116 1159 1154 mansuetem,
1182 1120 1246 1145 me
1267 1112 1401 1156 specta
1422 1105 1554 1142 modo.
1624 1111 1685 1147 145

274 1192 365 1216 nam
395 1177 457 1216 isti
487 1176 584 1226 quid
612 1188 863 1214 suscenseam
894 1174 998 1224 ipsi?
1036 1172 1132 1211 nihil
1163 1179 1230 1217 est,
1264 1170 1360 1208 nihil
1390 1169 1601 1219 quicquam

1458 1241 1580 1272 meret
1599 1247 1605 1276 ;

273 1317 342 1347 tuo
363 1307 454 1346 facit
475 1307 593 1353 iussu,
618 1315 687 1344 tuo
708 1305 873 1356 imperio
894 1311 1026 1355 paret:
1058 1310 1181 1341 mater
1202 1309 1253 1348 tn,
1278 1302 1417 1339 eadem
1439 1312 1503 1337 era
1523 1312 1574 1337 es.

274 1373 311 1412 te
346 1386 418 1423 ego
452 1372 627 1418 ulciscar,
665 1371 702 1409 te
737 1383 809 1420 ego
844 1378 886 1408 ut
920 1369 1039 1419 digna
1069 1381 1110 1406 es
1144 1368 1308 1417 perdam
1337 1374 1455 1415 atque
1483 1371 1526 1402 ut
1555 1364 1605 1401 de

1374 1443 1437 1468 me
1467 1441 1603 1467 meres.

274 1511 313 1542 at
329 1505 492 1542 scelesta
508 1503 630 1541 uiden
650 1509 693 1540 ut
714 1515 763 1540 ne
779 1501 820 1539 id
836 1499 1010 1550 quidem,
1029 1512 1093 1537 me
1109 1497 1273 1548 dignum
1294 1509 1378 1534 esse
1399 1494 1611 1533 existumat

275 1572 393 1619 quem
414 1570 540 1615 adeat,
563 1581 683 1618 quem
704 1567 966 1615 conloquatur
986 1563 1161 1615 quoique
1182 1563 1280 1601 irato
1301 1560 1522 1611 supplicet?
1631 1571 1695 1606 150

274 1643 394 1684 atque
414 1647 548 1672 eccam
569 1633 768 1671 inlecebra
788 1631 864 1669 exit
885 1631 1048 1669 tandem
1063 1644 1073 1677 5
1103 1628 1244 1678 opinor
1267 1626 1331 1665 hic
1351 1633 1442 1664 ante
1463 1625 1607 1663 ostium

277 1713 367 1738 meo
394 1700 515 1738 modo
542 1700 680 1749 loquar
707 1710 808 1747 quae
835 1697 980 1742 uolam,
1004 1693 1194 1745 quoniam
1221 1692 1326 1730 intus
1353 1703 1434 1730 non
1458 1690 1608 1728 licitum

1422 1763 1480 1794 est
1501 1754 1607 1792 mihi.

548 1836 852 1874 CLEARETA
964 1836 1332 1871 ARGYRIPPVS

279 1914 348 1952 CL.
373 1914 507 1950 Vnum
521 1913 710 1962 quodque
727 1911 891 1950 istorum
906 1910 1072 1949 uerbum
1089 1906 1261 1946 nummis
1278 1902 1469 1953 Philippis
1485 1900 1610 1941 aureis

278 1992 359 2017 non
380 1984 509 2028 potest
529 1979 680 2016 auferre
700 1977 793 2015 hinc
813 1990 836 2014 a
857 1989 920 2013 me
941 1975 972 2013 si
993 1973 1081 2023 quis
1102 1979 1256 2022 emptor
1275 1967 1427 2008 uenerit
1441 1983 1451 2015 3

280 2057 353 2082 nec
387 2050 491 2081 recte
529 2056 630 2092 quae
666 2050 708 2080 tu
742 2041 782 2079 in
821 2054 894 2079 nos
928 2039 1038 2086 dieis,
1074 2050 1213 2076 aurum
1252 2043 1371 2084 atque
1408 2038 1611 2083 argentum
1637 2039 1695 2075 155

1397 2104 1586 2137 merumst
1606 2111 1612 2133 :

282 2174 380 2212 fixus
401 2173 465 2211 hic
486 2174 593 2222 apud
614 2173 687 2210 nos
709 2179 766 2210 est
786 2171 941 2209 animus
962 2170 1042 2208 tuo'
1063 2169 1177 2206 clauo
1200 2164 1418 2215 Cupidinis.

331 2289 388 2318 141
408 2278 521 2309 dedidi
534 2276 743 2315 Lachmann,
760 2286 799 2306 ne
814 2276 856 2305 sit
870 2275 983 2305 hiatus
997 2282 1108 2305 meum
1129 2270 1134 2313 1
1155 2270 1208 2302 isti
1226 2282 1232 2301 ε
1250 2269 1309 2300 alii
1322 2271 1541 2309 transponunt
1550 2277 1614 2306 ego

288 2333 348 2362 145
373 2326 585 2354 mansuetem
610 2323 747 2350 testatur
766 2319 897 2349 Nonius
921 2319 1007 2357 483:
1032 2319 1244 2347 mansuetam
1269 2312 1333 2343 cod.
1484 2312 1544 2350 146
1568 2310 1618 2341 vel

286 2368 360 2398 istic
449 2365 539 2404 quod
556 2363 728 2394 Acidalius
874 2371 931 2401 151
957 2361 1007 2392 vel
1021 2365 1043 2391 t.
1063 2359 1183 2398 opin03
1207 2358 1263 2387 hic
1414 2365 1474 2394 152
1498 2356 1616 2394 loquar

287 2412 387 2441 modo
409 2408 519 2446 lls⁷e1'se‚
538 2407 723 2446 Fleckeisen,
743 2415 826 2436 nam
844 2404 964 2444 loquar
980 2407 1164 2443 suspectum
