1814 2723
173 66 289 94 PROL.
731 55 777 91 T.
811 53 991 92 MACCI
1023 53 1226 91 PLAVTI

311 177 357 201 ea
378 163 599 201 inuenietur
620 170 657 200 et
678 162 823 212 pudica
843 169 881 200 et
901 161 1032 208 libera,

311 228 481 279 ingenua
500 226 765 273 Atheniensis,
790 240 919 276 neque
939 227 1151 277 quicquam
1173 226 1294 277 stupri

312 293 426 332 faciet
447 295 623 344 profecto
644 293 683 330 in
704 294 779 331 hac
799 292 961 342 quidem
983 292 1200 331 comoedia.

312 372 401 397 mox
423 360 552 397 hercle
574 372 677 404 uero,
701 364 790 407 post
810 365 1045 395 transactam
1067 358 1250 404 fabulam,

250 429 290 469 85
309 432 513 474 argentum
536 423 567 461 si
587 423 674 472 quis
696 422 859 469 dederit,
882 430 923 460 ut
947 436 1019 474 ego
1041 423 1230 473 suspicor,
1654 422 1697 468 85

310 491 410 527 ultro
431 489 502 527 ibit
522 496 702 538 nuptum,
726 502 806 526 non
828 488 1003 527 manebit
1023 488 1212 539 auspices.

308 561 460 592 tanturn
482 561 550 592 est.
610 555 748 600 ualete,
772 554 873 592 bene
895 567 976 592 rem
997 552 1128 603 gerite,
1153 551 1227 606 [et]
1249 551 1394 592 uincite

308 619 450 658 uirtute
471 633 572 666 uera,
597 620 705 669 quod
730 618 874 657 fecistis
895 618 1092 657 antidhac.

813 867 1051 914 ACTVS
1104 867 1122 913 I

224 984 286 1021 1.1
629 982 891 1020 OLVMPIO
1003 981 1297 1019 CHALJst

305 1081 378 1119 OL.
412 1080 504 1117 Non
527 1078 623 1116 mihi
643 1078 758 1116 licere
780 1092 908 1116 meam
930 1092 1010 1116 rem
1032 1091 1095 1115 me
1116 1079 1255 1124 solum,
1279 1084 1321 1115 ut
1341 1079 1443 1120 uolo,

303 1143 411 1194 loqui
431 1151 550 1194 atque
571 1143 741 1193 cogitare
763 1142 846 1181 sine
867 1144 933 1181 ted
954 1142 1131 1181 arbitro?
1649 1157 1696 1193 90

303 1209 399 1258 quid
421 1216 472 1255 tu,
497 1210 655 1256 malum,
679 1222 742 1246 me
759 1210 952 1258 sequere?
1009 1209 1088 1247 CH.
1119 1207 1212 1258 quia
1231 1214 1381 1246 certum
1402 1214 1460 1246 est
1480 1205 1587 1253 mihi,

303 1274 414 1323 quasi
436 1274 584 1321 umbra,
609 1287 772 1324 quoquo
793 1281 834 1311 tu
856 1273 944 1320 ibis,
965 1280 1002 1311 te
1024 1286 1178 1322 semper
1198 1272 1309 1322 sequi
1328 1287 1337 1320 3

264 1355 282 1386 5
302 1339 397 1388 quin
419 1340 561 1389 edepol
582 1338 700 1377 etiam
721 1338 752 1377 si
773 1338 813 1376 in
834 1352 990 1377 crucem
1012 1338 1071 1376 uis
1092 1352 1264 1388 pergere,

302 1404 412 1453 sequi
434 1406 684 1443 decretumst.
744 1403 888 1442 dehinc
909 1402 1082 1441 conicito
1102 1410 1287 1449 ceterum,

302 1468 479 1518 possisne
500 1482 626 1506 necne
646 1469 747 1506 clam
769 1482 831 1506 me
852 1467 986 1506 sutelis
1007 1467 1082 1506 tuis
1648 1475 1692 1513 95

303 1533 520 1583 praeripere
542 1533 727 1573 Casinam
750 1546 922 1579 uxorem,
945 1532 1112 1587 proinde
1132 1539 1174 1571 ut
1195 1534 1381 1583 postulas.

304 1599 379 1637 OL.
410 1597 506 1648 quid
527 1598 602 1636 tibi
618 1598 787 1648 negotist
808 1600 995 1636 mecum?
1047 1599 1129 1637 CH.
1161 1597 1257 1647 quid
1277 1597 1344 1644 ais,
1367 1597 1592 1648 inpudens?

246 1678 284 1700 10
304 1663 399 1713 quid
421 1663 460 1700 in
481 1664 577 1702 urbe
598 1671 737 1713 reptas,
762 1663 876 1702 uilice
898 1664 975 1701 hau
997 1663 1128 1713 magni
1149 1663 1276 1713 preti?

304 1729 376 1766 OL.
410 1728 528 1767 lubet.
590 1729 666 1768 CH.
699 1728 794 1778 quin
816 1728 892 1766 ruri
913 1741 954 1767 es
975 1727 1014 1766 in
1036 1729 1277 1778 praefectura
1297 1728 1392 1765 tua?

301 1792 395 1843 quin
417 1793 547 1843 potius
568 1794 677 1843 quod
697 1795 869 1843 legatum
890 1801 948 1832 est
968 1793 1039 1832 tibi
1060 1792 1272 1842 negotium,
1651 1802 1716 1828 100

302 1858 341 1897 id
362 1872 472 1897 curas
494 1866 612 1909 atque
633 1859 792 1898 urbanis
813 1859 928 1898 rebus
950 1866 987 1897 te
1007 1858 1209 1909 apstines?

302 1924 379 1961 huc
400 1924 495 1962 mihi
516 1924 658 1963 uenisti
679 1937 866 1974 sponsam
886 1931 1133 1974 praereptum
1155 1937 1283 1961 meam
1301 1938 1308 1960 ;

243 2002 281 2034 15
301 1988 366 2026 abi
386 1991 460 2035 rus,
483 1989 547 2027 abi
569 1990 763 2028 dierectus
784 1996 891 2027 tuam
912 1988 951 2027 in
972 1988 1228 2039 prouinciam.

301 2054 374 2092 OL.
407 2053 584 2100 Chaline‚
608 2068 689 2092 non
710 2067 797 2092 sum
817 2053 962 2092 oblitus
983 2053 1155 2092 officium
1176 2066 1308 2091 meum
1328 2067 1336 2090 ε

299 2117 467 2168 praefeci
488 2118 564 2156 ruri
579 2126 689 2157 'recte
709 2117 777 2167 qui
797 2124 905 2155 curet
926 2125 1068 2155 tamen.
1650 2124 1710 2161 105

343 2222 382 2259 84
408 2226 578 2252 transacta
595 2221 705 2251 fabula
722 2221 755 2251 Ρ
844 2222 884 2261 87
910 2225 944 2252 et
960 2231 1023 2251 om.
1041 2221 1074 2251 A
1174 2231 1217 2262 92
1241 2220 1305 2251 ibis
1321 2224 1355 2251 tu
1373 2225 1406 2251 te
1422 2219 1582 2260 persequi
1599 2218 1633 2250 P

299 2274 342 2305 97
367 2265 483 2303 negoti
501 2275 633 2295 mecum
647 2269 701 2295 est
716 2264 749 2294 P
877 2266 921 2304 98
944 2264 1028 2311 halu]
1048 2265 1100 2295 hic
1117 2263 1150 2294 P
1281 2275 1341 2295 102
1364 2264 1445 2294 mihi
1460 2274 1526 2295 om.
1546 2262 1580 2293 P
