1742 2718
837 184 1000 222 SIGLA

320 287 411 321 A=
427 286 698 322 Ambrosianus
716 286 976 331 palimpsestus
994 286 1044 330 (G
1062 286 1107 320 82
1127 297 1206 338 sup.
1210 284 1237 328 ),
1256 295 1352 320 saeC.
1370 285 1431 321 iii-
1434 286 1469 321 iv

326 334 412 367 B=
429 332 621 368 Palatinus
638 334 841 368 Vaticanus
859 332 996 377 (1612),
1016 344 1109 367 saec.
1127 345 1171 366 Χ-
1174 331 1207 366 xi

333 381 412 415 C=
434 380 623 416 Palatinus
642 379 973 425 Heidelbergensis
993 378 1128 423 (1613),
1148 390 1242 414 saec.
1262 392 1306 414 x—
1308 379 1342 414 xi

257 428 356 462 codd.
378 443 412 455 =
431 428 507 462 AP

290 475 364 509 cod.
383 491 416 502 =
434 477 467 509 P
486 475 563 519 (ubi
581 476 616 510 A
638 475 757 519 deest)
775 475 831 509 vel
848 474 884 508 A
908 474 983 518 (ubi
1001 475 1037 507 P
1053 473 1171 518 deest)

326 522 366 555 D
382 537 416 549 =
433 521 637 557 Vaticanus
657 521 794 567 (3870),
811 533 907 556 saec.
925 520 1006 555 x-xi

329 570 365 602 E
384 585 418 596 =
435 569 706 603 Ambrosianus
724 569 757 613 (Ι
777 577 845 613 257
868 568 957 611 inf.),
975 579 1072 603 saec.
1091 567 1138 602 xii
1156 580 1212 602 ex,

335 617 415 660 J=
435 616 681 651 Londinensis
700 615 816 660 (Mus.
837 615 1015 658 Britann.‚
1031 616 1122 658 Reg.
1145 623 1184 660 15
1206 615 1234 649 C
1251 614 1334 657 XI),
1351 626 1448 650 saec.
1466 614 1513 649 xii
1533 614 1583 649 in.

335 664 366 697 O
383 680 416 690 =
432 664 680 707 fragmentum
698 663 992 698 Ottobonianum
1009 662 1233 697 Vaticanum
1254 662 1371 706 (misc.
1387 663 1466 697 Lat.
1485 662 1583 706 687),

491 722 587 746 saec.
603 722 640 745 xl

341 759 374 791 P
391 773 425 784 =
442 759 664 802 archetypus
696 757 866 793 codicum
898 760 905 774 ‘
918 756 1108 792 Palatinae
1119 758 1128 773 '
1158 756 1383 791 recensionis
1414 757 1470 791 vel
1502 757 1584 791 fons

493 806 661 840 codicum
671 806 816 840 BCDE
825 805 913 850 VJO
927 811 965 839 et
983 804 1252 839 correctionum
1264 803 1323 839 Β3.
1357 805 1401 838 In
1420 804 1585 848 partibus

495 852 538 887 iis
563 852 624 887 ubi
656 853 691 886 T
709 859 857 898 praesto
879 858 937 887 est
964 852 1117 895 (Bacch.
1145 860 1210 895 35-
1215 852 1271 894 80,
1296 860 1386 896 570—
1389 852 1469 894 650,
1493 852 1586 885 810-

494 909 573 943 900,
606 900 719 940 Pers„
747 899 871 941 Poen„
899 899 1032 932 Pseud.
1064 899 1231 943 730—fin„
1262 878 1362 932 'Rud.
1396 897 1472 933 init.
1476 897 1583 942 -790)

494 947 593 980 idem
610 946 742 990 siglum
761 957 827 990 pro
843 926 904 979 I’2A
919 946 1128 981 adhibetur.

315 994 372 1027 ΡΑ
389 1010 423 1021 =
440 994 727 1039 proarchetypus
744 994 752 1010 ‘
767 992 977 1027 Palatinae'
994 992 1219 1027 recensionis
1237 994 1294 1027 vel
1316 992 1397 1026 fons
1416 991 1585 1027 codicum

494 1041 528 1074 P
544 1047 581 1075 et
603 1041 638 1074 T

294 1088 373 1121 pac
389 1103 423 1114 =
439 1087 522 1122 sons
538 1088 706 1122 codicum
723 1089 759 1122 B
773 1086 827 1131 (in
845 1093 949 1132 parte
965 1087 1095 1128 altera)
1115 1094 1151 1121 et
1170 1087 1247 1120 PCD

296 1132 376 1167 PBD
391 1148 427 1160 =
441 1135 525 1169 fons
541 1135 711 1170 codicum
727 1135 764 1169 B
780 1134 833 1180 (in
851 1141 957 1179 parte
973 1134 1101 1180 priori)
1119 1141 1155 1168 et
1173 1134 1266 1168 DPE

304 1180 383 1214 pen
397 1197 434 1210 =
447 1182 532 1217 fons
549 1181 718 1217 codicum
736 1181 769 1218 C
781 1189 818 1216 et
832 1182 874 1215 D

325 1229 380 1262 PE
396 1244 432 1257 =
447 1229 534 1263 fons
549 1229 719 1263 codicum
735 1229 814 1264 EV
826 1236 863 1265 et
879 1228 930 1264 Ρ]

331 1277 380 1309 PJ
399 1292 432 1303 =
447 1276 530 1310 fons
548 1275 717 1310 codicum
726 1277 794 1321 JO
808 1283 845 1311 et
866 1277 1137 1311 correctionum
1166 1274 1210 1310 V²

356 1323 392 1356 Τ
403 1338 438 1349 =
453 1323 666 1367 deperditus
681 1324 798 1357 codex
812 1323 977 1359 Turnebi
993 1324 1053 1358 vel
1069 1324 1277 1367 fragmenta
1295 1321 1529 1356 Senonensia

361 1370 437 1403 V=
454 1369 658 1404 Vossianus
676 1370 869 1404 Leidensis
889 1370 939 1414 (Q
957 1369 1031 1414 30),
1050 1381 1146 1404 saec.
1164 1369 1212 1404 xii
1232 1370 1280 1403 in.

310 1418 353 1450 In
367 1423 467 1451 textu
478 1416 645 1461 apicibus
659 1415 752 1451 ictus
765 1417 938 1451 metricus
952 1417 1133 1451 indicatur
1146 1428 1154 1459 ;
1179 1416 1286 1451 lineis
1301 1416 1395 1451 inter
1407 1416 1588 1450 vocabula

261 1463 382 1498 ductis
401 1463 533 1498 hiatus.
1566 1499 1568 1502 f

308 1512 342 1545 N
349 1510 614 1545 umerationem
643 1523 816 1545 versuum
851 1523 944 1557 quae
979 1517 1033 1546 est
1069 1511 1105 1545 in
1136 1510 1396 1546 Teubneriana
1425 1509 1587 1545 editione

261 1557 392 1592 maiori
417 1565 635 1593 conservare
659 1559 768 1593 volui.

310 1606 354 1639 In
371 1605 612 1640 adnotatione
626 1617 635 1640 :

306 1651 450 1686 numeri
466 1652 610 1687 uncinis
623 1652 754 1688 inclusi
773 1660 942 1697 spectant
959 1654 1007 1689 ad
1023 1653 1145 1698 capita
1158 1660 1194 1688 et
1209 1653 1371 1698 capitum
1391 1652 1587 1698 particulas

262 1699 298 1734 in
315 1699 441 1733 libello
456 1710 542 1733 meo
565 1711 676 1744 supra
696 1709 904 1735 memorato
923 1701 949 1746 (‘
963 1701 1218 1736 Introduction
1238 1707 1277 1734 to
1300 1700 1409 1734 Latin
1432 1699 1587 1733 Textual

263 1745 539 1789 E1nendation‚'
573 1747 816 1791 Macmillan„
846 1748 975 1790 Lond.,
1010 1748 1129 1792 1896),
1162 1758 1273 1792 quem
1311 1745 1588 1790 Francogallice

263 1793 423 1828 reddidit
443 1794 473 1828 Ι.
490 1793 673 1838 Waltzing
690 1794 835 1837 (Paris,
853 1795 1118 1837 Klincksieck.,
1139 1794 1257 1838 1898).

309 1840 502 1874 Vocabula
517 1852 541 1874 a
556 1840 708 1886 capitali
723 1841 846 1876 littera
862 1841 1078 1886 incipientia
1095 1848 1196 1876 stant
1213 1841 1251 1876 in
1268 1840 1383 1875 initiis
1401 1852 1586 1875 versuum.

311 1888 353 1921 In
379 1887 598 1921 lectionibus
629 1887 865 1933 Palimpsesti
890 1888 964 1932 (A)
992 1888 1211 1923 enarrandis
1236 1889 1329 1922 haec
1354 1887 1586 1921 animadver-

262 1935 376 1969 tenda
391 1944 399 1977 3
426 1934 573 1978 punctis
588 1934 743 1978 singulis
759 1935 926 1979 singulae
943 1934 1153 1969 indicantur
1164 1935 1309 1968 litterae
1322 1945 1418 1980 quae
1435 1933 1587 1967 omnino

262 1981 334 2025 legi
346 1992 421 2014 non
434 1987 589 2025 possunt
604 1993 612 2024 ;
639 1989 776 2025 puncto
788 1982 858 2016 sub
870 1982 992 2016 littera
1005 1982 1126 2027 posito
1140 1981 1323 2015 indicatur
1333 1992 1414 2014 eam
1429 1980 1586 2014 litteram

263 2028 416 2062 dubiam
432 2039 538 2069 esse3
564 2027 707 2062 litterae
724 2039 817 2073 quae
840 2028 937 2063 intra
958 2029 1112 2064 uncinos
1135 2034 1234 2063 stant
1255 2027 1325 2071 legi
1343 2027 1494 2073 quidem
1512 2038 1586 2060 non

263 2080 418 2120 possunt
445 2074 511 2108 sed
536 2075 746 2109 coniectura
769 2075 931 2119 restitui3
967 2076 1064 2110 linea
1089 2081 1190 2109 recta
1214 2074 1351 2108 indicat
1376 2085 1495 2118 neque
1519 2085 1587 2107 nu-

263 2133 405 2157 merum
422 2121 626 2155 litterarum
643 2132 761 2167 neque
776 2122 917 2157 formas
934 2123 1008 2156 ullo
1026 2122 1138 2156 modo
1155 2121 1225 2165 legi
1243 2132 1311 2155 nec
1329 2120 1447 2155 conici
1465 2132 1584 2165 posse.

947 2263 969 2273 l

891 2363 941 2388 XX
