1814 2723
270 54 324 91 ΙΙ.
346 53 375 89 ii
766 53 812 91 T.
846 53 1027 92 MACCI
1059 53 1263 90 PLAVTI

347 161 542 212 numquid
562 162 652 202 uis?
709 165 824 201 MEN.
857 170 899 201 ut
919 176 984 202 eas
1005 176 1228 201 maxumam
1250 164 1393 201 malam
1414 176 1582 202 crucem.

286 238 324 271 55
347 227 419 265 Cv.
451 226 505 266 ire
526 228 656 266 hercle
676 227 833 266 meliust
854 227 1102 267 te——interim
1123 235 1241 278 atque
1261 228 1510 276 accumbere,

345 291 442 329 dum
463 305 535 341 ego
556 293 654 330 haec
673 305 834 342 appono
854 293 905 331 ad
925 292 1093 330 Volcani
1113 292 1354 331 uiolentiam.
1698 307 1767 342 330

345 354 413 393 ibo
432 354 534 394 intro
555 363 593 394 et
614 356 744 395 dicam
766 363 804 394 te
823 356 888 395 hic
909 364 1034 395 astare
1057 356 1205 404 Erotio,

347 426 390 458 ut
410 427 448 459 te
469 420 562 459 hinc
582 421 755 460 abducat
776 421 906 472 potius
927 435 1045 472 quam
1066 421 1130 460 hic
1151 429 1253 460 astes
1274 421 1431 460 foris.—

350 486 465 523 MEN.
498 485 628 524 iamne
648 486 773 524 abiit?
801 484 940 538 (abiit).
999 487 1141 537 edepol
1162 488 1239 524 hau
1260 486 1467 525 mendacia

288 557 329 587 60
349 557 416 589 tua
436 551 557 590 uerba
577 550 754 602 experior
775 565 870 590 esse.
932 554 1036 590 MEs.
1069 559 1279 601 opseruato
1300 552 1422 590 modo
1439 567 1446 590 :

349 629 440 653 nam
461 615 547 654 istic
568 616 811 655 meretricem
833 618 951 656 credo
972 616 1147 655 habitare
1169 615 1381 662 mulierem,
1701 623 1766 659 335

348 687 390 718 ut
411 680 573 730 quidem
594 681 658 720 ille
679 681 840 720 insanus
861 681 957 720 dixit
977 681 1045 731 qui
1065 680 1158 719 hinc
1177 680 1274 719 abiit
1294 682 1426 719 modo.

349 746 464 785 ΜΕΝ.
497 747 567 785 sed
588 746 706 786 miror
726 748 794 797 qui
815 746 879 785 ille
899 746 1052 785 nouerit
1073 760 1219 784 nomen
1241 759 1386 784 meum.

350 813 455 849 MEs.
506 810 668 850 minime
708 814 838 851 hercle
885 811 1037 850 mirum.
1114 824 1264 850 morem
1307 812 1414 849 hunc
1459 809 1682 850 meretrices

1510 876 1681 915 habent:

286 948 326 989 65
347 942 398 980 ad
419 949 575 992 portum
597 942 758 981 mittunt
780 944 965 989 seruolos,
989 941 1217 989 ancillulas;

348 1006 402 1045 sei
423 1021 502 1057 qua
521 1007 724 1058 peregrina
744 1008 857 1046 nauis
878 1007 917 1045 in
938 1014 1094 1058 portum
1115 1005 1288 1053 aduenit,
1701 1020 1771 1054 340

348 1071 516 1122 rogitant
535 1072 704 1123 quoiatis
726 1072 785 1121 sit,
809 1072 905 1123 quid
926 1072 961 1111 ei
981 1085 1127 1110 nomen
1148 1071 1231 1118 siet,

348 1137 505 1187 postilla
524 1139 722 1188 extemplo
743 1152 784 1177 se
804 1137 1014 1188 adplicant,
1036 1135 1306 1187 adglutinant:

349 1202 381 1241 si
402 1204 653 1253 pellexerunt,
677 1202 875 1254 perditum
895 1201 1080 1241 amittunt
1100 1202 1278 1240 domum.

291 1282 330 1316 70
350 1281 456 1306 nunc
476 1266 516 1305 in
537 1267 636 1306 istoc
657 1275 772 1317 portu
794 1274 869 1306 stat
888 1266 1000 1305 nauis
1021 1264 1276 1316 praedatoria,

347 1346 418 1383 aps
439 1346 517 1382 qua
537 1334 761 1371 cauendum
782 1331 899 1371 nobis
918 1345 1012 1370 sane
1032 1344 1187 1370 censeo.
1701 1333 1767 1370 345

350 1399 467 1435 ΜΕΝ.
484 1410 623 1436 mones
643 1397 807 1448 quidem
827 1397 958 1435 hercle
974 1403 1088 1435 recte.
1145 1398 1250 1434 MEs.
1274 1402 1359 1434 turn
1375 1395 1537 1434 demum
1559 1393 1680 1434 sciam

348 1469 453 1501 recte
473 1462 685 1510 monuisse2
708 1461 741 1500 si
761 1469 803 1501 tu
823 1469 928 1501 recte
948 1460 1108 1500 caueris.

349 1529 465 1566 MEN.
497 1529 682 1567 tacedum
703 1541 921 1578 parumper,
945 1540 1038 1565 nam
1058 1525 1288 1576 concrepuit
1308 1524 1453 1564 ostium
1470 1540 1478 1563 :

286 1601 326 1637 75
347 1592 554 1632 uideamus
574 1592 642 1643 qui
664 1592 758 1631 hinc
778 1592 985 1643 egreditur.
1044 1593 1149 1630 MEs.
1181 1592 1258 1630 hoc
1278 1605 1424 1643 ponam
1445 1589 1611 1630 interim.

347 1660 597 1698 adseruatote
616 1660 716 1699 haec
737 1658 858 1706 sultis,
882 1659 1041 1697 nauales
1061 1659 1194 1708 pedes.
1702 1665 1772 1702 350

283 1767 328 1804 iii
377 1770 640 1806 EROTIVM
755 1770 1154 1806 MENAECHMVS
1194 1768 1248 1805 II
1359 1767 1654 1805 MESSENIO

349 1852 424 1890 ER.
591 1851 684 1890 Sine
704 1853 806 1891 fores
828 1850 893 1899 sic,
917 1849 992 1899 abi,
1016 1851 1109 1889 nolo
1130 1848 1281 1900 operiri.

509 1915 613 1955 intus
634 1931 739 1968 para,
761 1931 863 1965 cura,
886 1916 988 1963 uide,
1012 1917 1121 1966 quod
1142 1922 1258 1965 opust
1278 1916 1368 1953 fiat:

403 1981 563 2021 sternite
583 1983 717 2030 lectos,
741 1980 943 2020 incendite
965 1982 1107 2019 odores
1122 1994 1132 2028 ς
1160 1979 1356 2018 munditia

393 2097 460 2127 330
483 2097 564 2126 ergo
588 2087 653 2118 cod.
683 2087 772 2125 (corr.
796 2087 846 2127 D)
958 2096 1023 2126 333
1046 2085 1127 2117 abiit
1153 2083 1229 2116 add.
1256 2084 1435 2116 Gruterus:
1460 2081 1572 2124 (illic)
1591 2082 1681 2114 Bach

351 2141 416 2171 334
440 2132 599 2170 experior
621 2129 776 2171 Lipsius:
815 2130 964 2162 exterior
987 2129 1053 2160 cod.
1186 2138 1251 2168 340
1273 2128 1333 2158 sed
1360 2127 1403 2167 (si
1425 2125 1493 2168 B2)
1517 2137 1582 2166 qua
1612 2125 1677 2157 cod.

350 2186 412 2214 342
438 2174 574 2214 postille
601 2173 667 2205 cod.
698 2175 774 2214 (seq.
798 2175 833 2216 e)
959 2181 1067 2212 343-5
1092 2172 1186 2203 initia
1200 2175 1327 2202 servata
1350 2171 1384 2201 A
1497 2180 1559 2209 344
1584 2170 1682 2199 nauis

351 2217 615 2257 monosyllabum
644 2217 785 2258 displicet
952 2221 1085 2256 portust
1110 2215 1242 2255 Bentley
1266 2214 1341 2254 (sed
1357 2225 1389 2255 p.
1416 2219 1483 2245 stat
1506 2214 1604 2245 etiam
1628 2213 1680 2253 A)

349 2263 480 2301 346—56
495 2261 530 2292 in
546 2260 580 2291 A
609 2261 693 2291 m'lzil
718 2264 854 2302 apparet
1048 2270 1112 2299 349
1139 2259 1218 2290 hinc
1244 2258 1392 2290 creditur
1412 2257 1478 2290 cod.
1503 2258 1595 2297 (corr.
1615 2255 1681 2293 13²)

350 2315 415 2346 350
437 2305 618 2336 adseruate
635 2305 738 2336 istaec
755 2304 845 2336 Bach
970 2303 1015 2334 si‘
1016 2303 1120 2334 uoltis
1134 2302 1200 2334 cod.
1328 2312 1391 2342 352
1415 2302 1496 2341 quid
1512 2310 1598 2340 opus
1614 2298 1678 2330 cod„

355 2349 511 2380 Varronis
526 2346 565 2380 L.
586 2346 628 2379 L.
648 2358 678 2387 7,
699 2358 737 2378 12
827 2348 882 2378 vix
893 2346 953 2378 fiat
970 2346 1081 2388 (iamb.
1100 2346 1222 2386 senar.)
