<?xml version="1.0" encoding="UTF-8"?>
<!DOCTYPE html PUBLIC "-//W3C//DTD XHTML 1.0 Transitional//EN"
    "http://www.w3.org/TR/xhtml1/DTD/xhtml1-transitional.dtd">
<html xmlns="http://www.w3.org/1999/xhtml" xml:lang="en" lang="en">
 <head>
  <title>
</title>
<meta http-equiv="Content-Type" content="text/html;charset=utf-8" />
  <meta name='ocr-system' content='tesseract 3.04.00' />
  <meta name='ocr-capabilities' content='ocr_page ocr_carea ocr_par ocr_line ocrx_word'/>
</head>
<body>
  <div class='ocr_page' id='page_1' title='image "./tmacciplauticomo01plauuoft_0089.png"; bbox 0 0 1742 2718; ppageno 0'>
   <div class='ocr_carea' id='block_1_1' title="bbox 704 87 1565 129">
    <p class='ocr_par' dir='ltr' id='par_1_1' title="bbox 704 87 1565 129">
     <span class='ocr_line' id='line_1_1' title="bbox 704 87 1565 129; baseline -0.006 0"><span class='ocrx_word' id='word_1_1' title='bbox 704 91 977 129; x_wconf 72' lang='lat' dir='ltr'><strong>ASINARIA</strong></span> <span class='ocrx_word' id='word_1_2' title='bbox 1471 90 1497 125; x_wconf 93' lang='lat' dir='ltr'>I.</span> <span class='ocrx_word' id='word_1_3' title='bbox 1521 87 1565 124; x_wconf 86' lang='lat' dir='ltr'>iii</span> 
     </span>
    </p>
   </div>
   <div class='ocr_carea' id='block_1_2' title="bbox 91 198 1570 1422">
    <p class='ocr_par' dir='ltr' id='par_1_2' title="bbox 91 198 1570 1422">
     <span class='ocr_line' id='line_1_2' title="bbox 176 198 1564 253; baseline -0.006 -11"><span class='ocrx_word' id='word_1_4' title='bbox 176 216 330 253; x_wconf 90' lang='lat' dir='ltr'>semper</span> <span class='ocrx_word' id='word_1_5' title='bbox 350 204 528 241; x_wconf 89' lang='lat' dir='ltr'>oculatae</span> <span class='ocrx_word' id='word_1_6' title='bbox 550 214 688 240; x_wconf 88' lang='lat' dir='ltr'>manus</span> <span class='ocrx_word' id='word_1_7' title='bbox 711 207 800 237; x_wconf 86' lang='lat' dir='ltr'>sunt</span> <span class='ocrx_word' id='word_1_8' title='bbox 822 207 987 245; x_wconf 84' lang='lat' dir='ltr'>nostrae,</span> <span class='ocrx_word' id='word_1_9' title='bbox 1012 200 1177 237; x_wconf 87' lang='lat' dir='ltr'>credunt</span> <span class='ocrx_word' id='word_1_10' title='bbox 1198 200 1305 248; x_wconf 85' lang='lat' dir='ltr'>quod</span> <span class='ocrx_word' id='word_1_11' title='bbox 1327 198 1473 236; x_wconf 84' lang='lat' dir='ltr'>uident.</span> <span class='ocrx_word' id='word_1_12' title='bbox 1524 211 1564 243; x_wconf 84' lang='lat'>50</span> 
     </span>
     <span class='ocr_line' id='line_1_3' title="bbox 177 262 1502 313; baseline -0.005 -7"><span class='ocrx_word' id='word_1_13' title='bbox 177 276 289 306; x_wconf 88' lang='lat' dir='ltr'>uetus</span> <span class='ocrx_word' id='word_1_14' title='bbox 306 275 364 306; x_wconf 90' lang='lat' dir='ltr'>est</span> <span class='ocrx_word' id='word_1_15' title='bbox 380 282 386 305; x_wconf 92' lang='lat'>:</span> <span class='ocrx_word' id='word_1_16' title='bbox 411 270 419 286; x_wconf 91' lang='lat'>‘</span> <span class='ocrx_word' id='word_1_17' title='bbox 433 266 544 304; x_wconf 91' lang='lat' dir='ltr'>nihili</span> <span class='ocrx_word' id='word_1_18' title='bbox 561 265 750 304; x_wconf 80' lang='lat' dir='ltr'>coactiost</span> <span class='ocrx_word' id='word_1_19' title='bbox 765 263 904 301; x_wconf 75' lang='lat' dir='ltr'>⁷—scis</span> <span class='ocrx_word' id='word_1_20' title='bbox 919 263 1084 313; x_wconf 83' lang='lat' dir='ltr'>quoiius.</span> <span class='ocrx_word' id='word_1_21' title='bbox 1120 276 1200 300; x_wconf 90' lang='lat' dir='ltr'>non</span> <span class='ocrx_word' id='word_1_22' title='bbox 1218 262 1308 300; x_wconf 88' lang='lat' dir='ltr'>dico</span> <span class='ocrx_word' id='word_1_23' title='bbox 1324 262 1502 312; x_wconf 76' lang='lat' dir='ltr'>amplius.</span> 
     </span>
     <span class='ocr_line' id='line_1_4' title="bbox 178 328 1344 378; baseline -0.005 -7"><span class='ocrx_word' id='word_1_24' title='bbox 178 335 282 371; x_wconf 81' lang='lat' dir='ltr'>ARG.</span> <span class='ocrx_word' id='word_1_25' title='bbox 313 332 429 370; x_wconf 89' lang='lat' dir='ltr'>aliam</span> <span class='ocrx_word' id='word_1_26' title='bbox 451 345 556 369; x_wconf 89' lang='lat' dir='ltr'>nunc</span> <span class='ocrx_word' id='word_1_27' title='bbox 578 330 631 368; x_wconf 87' lang='lat' dir='ltr'>mi</span> <span class='ocrx_word' id='word_1_28' title='bbox 652 329 869 368; x_wconf 85' lang='lat' dir='ltr'>orationem</span> <span class='ocrx_word' id='word_1_29' title='bbox 891 328 1111 378; x_wconf 88' lang='lat' dir='ltr'>despoliato</span> <span class='ocrx_word' id='word_1_30' title='bbox 1132 328 1344 378; x_wconf 74' lang='lat' dir='ltr'>praedicas,</span> 
     </span>
     <span class='ocr_line' id='line_1_5' title="bbox 91 393 1507 450; baseline -0.006 -12"><span class='ocrx_word' id='word_1_31' title='bbox 91 411 157 448; x_wconf 85' lang='lat'>205</span> <span class='ocrx_word' id='word_1_32' title='bbox 178 401 293 450; x_wconf 85' lang='lat' dir='ltr'>longe</span> <span class='ocrx_word' id='word_1_33' title='bbox 319 398 446 445; x_wconf 83' lang='lat' dir='ltr'>aliam,</span> <span class='ocrx_word' id='word_1_34' title='bbox 473 397 645 447; x_wconf 85' lang='lat' dir='ltr'>inquam,</span> <span class='ocrx_word' id='word_1_35' title='bbox 674 393 884 447; x_wconf 67' lang='lat' dir='ltr'>(linguam)</span> <span class='ocrx_word' id='word_1_36' title='bbox 912 395 1075 445; x_wconf 78' lang='lat' dir='ltr'><strong>praebes</strong></span> <span class='ocrx_word' id='word_1_37' title='bbox 1115 407 1220 432; x_wconf 90' lang='lat' dir='ltr'>nunc</span> <span class='ocrx_word' id='word_1_38' title='bbox 1259 402 1376 443; x_wconf 79' lang='lat' dir='ltr'>atque</span> <span class='ocrx_word' id='word_1_39' title='bbox 1415 393 1507 431; x_wconf 83' lang='lat' dir='ltr'>olim</span> 
     </span>
     <span class='ocr_line' id='line_1_6' title="bbox 1205 459 1506 508; baseline -0.007 -11"><span class='ocrx_word' id='word_1_40' title='bbox 1205 472 1327 508; x_wconf 85' lang='lat' dir='ltr'>quom</span> <span class='ocrx_word' id='word_1_41' title='bbox 1351 459 1506 503; x_wconf 88' lang='lat' dir='ltr'>dabam,</span> 
     </span>
     <span class='ocr_line' id='line_1_7' title="bbox 177 524 1509 579; baseline -0.005 -11"><span class='ocrx_word' id='word_1_42' title='bbox 177 529 292 568; x_wconf 86' lang='lat' dir='ltr'>aliam</span> <span class='ocrx_word' id='word_1_43' title='bbox 331 536 450 579; x_wconf 84' lang='lat' dir='ltr'>atque</span> <span class='ocrx_word' id='word_1_44' title='bbox 489 528 582 567; x_wconf 90' lang='lat' dir='ltr'>olim</span> <span class='ocrx_word' id='word_1_45' title='bbox 617 541 739 577; x_wconf 84' lang='lat' dir='ltr'>quom</span> <span class='ocrx_word' id='word_1_46' title='bbox 779 526 981 564; x_wconf 79' lang='lat' dir='ltr'>inliciebas</span> <span class='ocrx_word' id='word_1_47' title='bbox 1021 538 1084 563; x_wconf 89' lang='lat' dir='ltr'>me</span> <span class='ocrx_word' id='word_1_48' title='bbox 1121 525 1172 563; x_wconf 91' lang='lat' dir='ltr'>ad</span> <span class='ocrx_word' id='word_1_49' title='bbox 1207 531 1245 562; x_wconf 90' lang='lat' dir='ltr'>te</span> <span class='ocrx_word' id='word_1_50' title='bbox 1280 524 1425 562; x_wconf 79' lang='lat' dir='ltr'>blande</span> <span class='ocrx_word' id='word_1_51' title='bbox 1463 537 1509 561; x_wconf 91' lang='lat' dir='ltr'>ac</span> 
     </span>
     <span class='ocr_line' id='line_1_8' title="bbox 1302 588 1507 626; baseline -0.005 0"><span class='ocrx_word' id='word_1_52' title='bbox 1302 588 1507 626; x_wconf 86' lang='lat' dir='ltr'>benedice.</span> 
     </span>
     <span class='ocr_line' id='line_1_9' title="bbox 179 652 1567 708; baseline -0.006 -11"><span class='ocrx_word' id='word_1_53' title='bbox 179 666 263 697; x_wconf 90' lang='lat' dir='ltr'>turn</span> <span class='ocrx_word' id='word_1_54' title='bbox 277 658 330 697; x_wconf 91' lang='lat' dir='ltr'>mi</span> <span class='ocrx_word' id='word_1_55' title='bbox 345 660 464 697; x_wconf 88' lang='lat' dir='ltr'>aedes</span> <span class='ocrx_word' id='word_1_56' title='bbox 480 671 640 708; x_wconf 88' lang='lat' dir='ltr'>quoque</span> <span class='ocrx_word' id='word_1_57' title='bbox 656 656 891 695; x_wconf 86' lang='lat' dir='ltr'>adridebant</span> <span class='ocrx_word' id='word_1_58' title='bbox 907 668 1028 705; x_wconf 85' lang='lat' dir='ltr'>quom</span> <span class='ocrx_word' id='word_1_59' title='bbox 1045 655 1096 692; x_wconf 91' lang='lat' dir='ltr'>ad</span> <span class='ocrx_word' id='word_1_60' title='bbox 1114 661 1151 692; x_wconf 93' lang='lat' dir='ltr'>te</span> <span class='ocrx_word' id='word_1_61' title='bbox 1167 652 1377 692; x_wconf 87' lang='lat' dir='ltr'>ueniebam</span> <span class='ocrx_word' id='word_1_62' title='bbox 1395 659 1483 690; x_wconf 83' lang='lat' dir='ltr'>tuae</span> <span class='ocrx_word' id='word_1_63' title='bbox 1500 666 1509 698; x_wconf 77' lang='lat'><em>3</em></span> <span class='ocrx_word' id='word_1_64' title='bbox 1529 668 1567 701; x_wconf 82' lang='lat'>55</span> 
     </span>
     <span class='ocr_line' id='line_1_10' title="bbox 179 716 1508 769; baseline -0.006 -7"><span class='ocrx_word' id='word_1_65' title='bbox 179 737 242 762; x_wconf 89' lang='lat' dir='ltr'>me</span> <span class='ocrx_word' id='word_1_66' title='bbox 275 722 391 762; x_wconf 87' lang='lat' dir='ltr'>unice</span> <span class='ocrx_word' id='word_1_67' title='bbox 418 736 542 761; x_wconf 90' lang='lat' dir='ltr'>unum</span> <span class='ocrx_word' id='word_1_68' title='bbox 580 735 626 760; x_wconf 88' lang='lat' dir='ltr'>ex</span> <span class='ocrx_word' id='word_1_69' title='bbox 660 721 845 760; x_wconf 89' lang='lat' dir='ltr'>omnibus</span> <span class='ocrx_word' id='word_1_70' title='bbox 880 728 918 758; x_wconf 89' lang='lat' dir='ltr'>te</span> <span class='ocrx_word' id='word_1_71' title='bbox 948 727 1067 769; x_wconf 84' lang='lat' dir='ltr'>atque</span> <span class='ocrx_word' id='word_1_72' title='bbox 1096 718 1201 756; x_wconf 88' lang='lat' dir='ltr'>illam</span> <span class='ocrx_word' id='word_1_73' title='bbox 1236 731 1367 756; x_wconf 89' lang='lat' dir='ltr'>amare</span> <span class='ocrx_word' id='word_1_74' title='bbox 1400 716 1508 754; x_wconf 82' lang='lat' dir='ltr'>aibas</span> 
     </span>
     <span class='ocr_line' id='line_1_11' title="bbox 1390 781 1510 828; baseline 0 -9"><span class='ocrx_word' id='word_1_75' title='bbox 1390 781 1485 819; x_wconf 89' lang='lat' dir='ltr'>mihi</span> <span class='ocrx_word' id='word_1_76' title='bbox 1501 796 1510 828; x_wconf 76' lang='lat'><em>3</em></span> 
     </span>
     <span class='ocr_line' id='line_1_12' title="bbox 184 848 1484 899; baseline 0.002 -13"><span class='ocrx_word' id='word_1_77' title='bbox 184 849 251 887; x_wconf 92' lang='lat' dir='ltr'>ubi</span> <span class='ocrx_word' id='word_1_78' title='bbox 272 848 367 898; x_wconf 87' lang='lat' dir='ltr'>quid</span> <span class='ocrx_word' id='word_1_79' title='bbox 388 850 586 896; x_wconf 80' lang='lat' dir='ltr'>dederam,</span> <span class='ocrx_word' id='word_1_80' title='bbox 610 849 721 899; x_wconf 83' lang='lat' dir='ltr'>quasi</span> <span class='ocrx_word' id='word_1_81' title='bbox 742 850 949 888; x_wconf 88' lang='lat' dir='ltr'>columbae</span> <span class='ocrx_word' id='word_1_82' title='bbox 970 849 1065 899; x_wconf 84' lang='lat' dir='ltr'>pulli</span> <span class='ocrx_word' id='word_1_83' title='bbox 1086 848 1125 887; x_wconf 89' lang='lat' dir='ltr'>in</span> <span class='ocrx_word' id='word_1_84' title='bbox 1147 863 1213 888; x_wconf 90' lang='lat' dir='ltr'>ore</span> <span class='ocrx_word' id='word_1_85' title='bbox 1233 849 1374 888; x_wconf 80' lang='lat' dir='ltr'>ambae</span> <span class='ocrx_word' id='word_1_86' title='bbox 1395 863 1484 888; x_wconf 91' lang='lat' dir='ltr'>meo</span> 
     </span>
     <span class='ocr_line' id='line_1_13' title="bbox 97 914 1388 964; baseline -0.002 -9"><span class='ocrx_word' id='word_1_87' title='bbox 97 931 164 955; x_wconf 89' lang='lat'>210</span> <span class='ocrx_word' id='word_1_88' title='bbox 183 927 307 964; x_wconf 88' lang='lat' dir='ltr'>usque</span> <span class='ocrx_word' id='word_1_89' title='bbox 329 914 454 960; x_wconf 88' lang='lat' dir='ltr'>eratis,</span> <span class='ocrx_word' id='word_1_90' title='bbox 478 928 568 952; x_wconf 91' lang='lat' dir='ltr'>meo</span> <span class='ocrx_word' id='word_1_91' title='bbox 588 916 638 953; x_wconf 88' lang='lat' dir='ltr'>de</span> <span class='ocrx_word' id='word_1_92' title='bbox 659 914 790 953; x_wconf 88' lang='lat' dir='ltr'>studio</span> <span class='ocrx_word' id='word_1_93' title='bbox 811 915 941 953; x_wconf 88' lang='lat' dir='ltr'>studia</span> <span class='ocrx_word' id='word_1_94' title='bbox 961 923 1069 953; x_wconf 87' lang='lat' dir='ltr'>erant</span> <span class='ocrx_word' id='word_1_95' title='bbox 1091 923 1222 954; x_wconf 90' lang='lat' dir='ltr'>uostra</span> <span class='ocrx_word' id='word_1_96' title='bbox 1244 914 1388 961; x_wconf 82' lang='lat' dir='ltr'>onmia,</span> 
     </span>
     <span class='ocr_line' id='line_1_14' title="bbox 182 979 1427 1030; baseline 0.002 -14"><span class='ocrx_word' id='word_1_97' title='bbox 182 992 306 1028; x_wconf 86' lang='lat' dir='ltr'>usque</span> <span class='ocrx_word' id='word_1_98' title='bbox 326 979 621 1017; x_wconf 84' lang='lat' dir='ltr'>adhaerebatis:</span> <span class='ocrx_word' id='word_1_99' title='bbox 652 980 761 1028; x_wconf 85' lang='lat' dir='ltr'>quod</span> <span class='ocrx_word' id='word_1_100' title='bbox 782 993 854 1029; x_wconf 82' lang='lat' dir='ltr'>ego</span> <span class='ocrx_word' id='word_1_101' title='bbox 874 979 1072 1026; x_wconf 83' lang='lat' dir='ltr'>iusseram,</span> <span class='ocrx_word' id='word_1_102' title='bbox 1096 981 1204 1030; x_wconf 82' lang='lat' dir='ltr'>quod</span> <span class='ocrx_word' id='word_1_103' title='bbox 1226 981 1427 1018; x_wconf 81' lang='lat' dir='ltr'>nolueram</span> 
     </span>
     <span class='ocr_line' id='line_1_15' title="bbox 180 1043 1570 1092; baseline 0.003 -12"><span class='ocrx_word' id='word_1_104' title='bbox 180 1043 391 1089; x_wconf 78' lang='lat' dir='ltr'>faciebatis,</span> <span class='ocrx_word' id='word_1_105' title='bbox 417 1044 526 1092; x_wconf 85' lang='lat' dir='ltr'>quod</span> <span class='ocrx_word' id='word_1_106' title='bbox 547 1044 731 1081; x_wconf 80' lang='lat' dir='ltr'>nolebam</span> <span class='ocrx_word' id='word_1_107' title='bbox 751 1057 798 1082; x_wconf 90' lang='lat' dir='ltr'>ac</span> <span class='ocrx_word' id='word_1_108' title='bbox 819 1052 1033 1091; x_wconf 84' lang='lat' dir='ltr'>uotueram,</span> <span class='ocrx_word' id='word_1_109' title='bbox 1058 1046 1107 1083; x_wconf 91' lang='lat' dir='ltr'>de</span> <span class='ocrx_word' id='word_1_110' title='bbox 1129 1044 1320 1083; x_wconf 80' lang='lat' dir='ltr'>industria</span> <span class='ocrx_word' id='word_1_111' title='bbox 1526 1053 1570 1085; x_wconf 81' lang='lat'>60</span> 
     </span>
     <span class='ocr_line' id='line_1_16' title="bbox 181 1108 1272 1160; baseline 0.001 -14"><span class='ocrx_word' id='word_1_112' title='bbox 181 1108 400 1158; x_wconf 83' lang='lat' dir='ltr'>fugiebatis,</span> <span class='ocrx_word' id='word_1_113' title='bbox 422 1122 550 1158; x_wconf 85' lang='lat' dir='ltr'>neque</span> <span class='ocrx_word' id='word_1_114' title='bbox 571 1109 704 1146; x_wconf 85' lang='lat' dir='ltr'>conari</span> <span class='ocrx_word' id='word_1_115' title='bbox 725 1108 764 1147; x_wconf 91' lang='lat' dir='ltr'>id</span> <span class='ocrx_word' id='word_1_116' title='bbox 785 1111 911 1147; x_wconf 86' lang='lat' dir='ltr'>facere</span> <span class='ocrx_word' id='word_1_117' title='bbox 931 1109 1135 1148; x_wconf 76' lang='lat' dir='ltr'>audebatis</span> <span class='ocrx_word' id='word_1_118' title='bbox 1156 1110 1272 1160; x_wconf 84' lang='lat' dir='ltr'>prius.</span> 
     </span>
     <span class='ocr_line' id='line_1_17' title="bbox 182 1173 1505 1225; baseline 0.002 -14"><span class='ocrx_word' id='word_1_119' title='bbox 182 1187 287 1211; x_wconf 87' lang='lat' dir='ltr'>nunc</span> <span class='ocrx_word' id='word_1_120' title='bbox 302 1187 430 1223; x_wconf 85' lang='lat' dir='ltr'>neque</span> <span class='ocrx_word' id='word_1_121' title='bbox 448 1173 544 1223; x_wconf 86' lang='lat' dir='ltr'>quid</span> <span class='ocrx_word' id='word_1_122' title='bbox 564 1173 682 1212; x_wconf 88' lang='lat' dir='ltr'>uelim</span> <span class='ocrx_word' id='word_1_123' title='bbox 706 1188 834 1224; x_wconf 85' lang='lat' dir='ltr'>neque</span> <span class='ocrx_word' id='word_1_124' title='bbox 848 1174 969 1212; x_wconf 89' lang='lat' dir='ltr'>nolim</span> <span class='ocrx_word' id='word_1_125' title='bbox 985 1174 1109 1212; x_wconf 85' lang='lat' dir='ltr'>facitis</span> <span class='ocrx_word' id='word_1_126' title='bbox 1129 1175 1270 1224; x_wconf 83' lang='lat' dir='ltr'>magni,</span> <span class='ocrx_word' id='word_1_127' title='bbox 1288 1189 1505 1225; x_wconf 85' lang='lat' dir='ltr'>pessumae.</span> 
     </span>
     <span class='ocr_line' id='line_1_18' title="bbox 97 1238 1438 1289; baseline 0.004 -16"><span class='ocrx_word' id='word_1_128' title='bbox 97 1246 160 1283; x_wconf 88' lang='lat'>215</span> <span class='ocrx_word' id='word_1_129' title='bbox 183 1238 255 1276; x_wconf 89' lang='lat' dir='ltr'>CL.</span> <span class='ocrx_word' id='word_1_130' title='bbox 286 1251 366 1276; x_wconf 89' lang='lat' dir='ltr'>non</span> <span class='ocrx_word' id='word_1_131' title='bbox 388 1246 428 1276; x_wconf 87' lang='lat' dir='ltr'>tu</span> <span class='ocrx_word' id='word_1_132' title='bbox 450 1238 553 1276; x_wconf 91' lang='lat' dir='ltr'>scis?</span> <span class='ocrx_word' id='word_1_133' title='bbox 582 1238 646 1276; x_wconf 91' lang='lat' dir='ltr'>hic</span> <span class='ocrx_word' id='word_1_134' title='bbox 667 1246 799 1277; x_wconf 86' lang='lat' dir='ltr'>noster</span> <span class='ocrx_word' id='word_1_135' title='bbox 819 1247 1004 1289; x_wconf 84' lang='lat' dir='ltr'>quaestus</span> <span class='ocrx_word' id='word_1_136' title='bbox 1026 1239 1169 1289; x_wconf 83' lang='lat' dir='ltr'>aucupi</span> <span class='ocrx_word' id='word_1_137' title='bbox 1191 1239 1438 1278; x_wconf 89' lang='lat' dir='ltr'>simillimust.</span> 
     </span>
     <span class='ocr_line' id='line_1_19' title="bbox 181 1303 1320 1353; baseline 0.003 -12"><span class='ocrx_word' id='word_1_138' title='bbox 181 1316 326 1353; x_wconf 91' lang='lat' dir='ltr'>auceps</span> <span class='ocrx_word' id='word_1_139' title='bbox 348 1305 509 1353; x_wconf 86' lang='lat' dir='ltr'>quando</span> <span class='ocrx_word' id='word_1_140' title='bbox 530 1303 785 1342; x_wconf 86' lang='lat' dir='ltr'>concinnauit</span> <span class='ocrx_word' id='word_1_141' title='bbox 804 1318 946 1351; x_wconf 89' lang='lat' dir='ltr'>aream,</span> <span class='ocrx_word' id='word_1_142' title='bbox 970 1305 1139 1344; x_wconf 84' lang='lat' dir='ltr'>offundit</span> <span class='ocrx_word' id='word_1_143' title='bbox 1160 1305 1294 1344; x_wconf 91' lang='lat' dir='ltr'>cibum</span> <span class='ocrx_word' id='word_1_144' title='bbox 1309 1320 1320 1353; x_wconf 79' lang='lat'>3</span> 
     </span>
     <span class='ocr_line' id='line_1_20' title="bbox 183 1366 1566 1422; baseline 0.004 -16"><span class='ocrx_word' id='word_1_145' title='bbox 183 1366 311 1421; x_wconf 87' lang='lat' dir='ltr'>[aues]</span> <span class='ocrx_word' id='word_1_146' title='bbox 333 1369 597 1407; x_wconf 83' lang='lat' dir='ltr'>adsuescunt:</span> <span class='ocrx_word' id='word_1_147' title='bbox 626 1383 788 1408; x_wconf 85' lang='lat' dir='ltr'>necesse</span> <span class='ocrx_word' id='word_1_148' title='bbox 808 1377 867 1408; x_wconf 89' lang='lat' dir='ltr'>est</span> <span class='ocrx_word' id='word_1_149' title='bbox 887 1371 1013 1409; x_wconf 88' lang='lat' dir='ltr'>facere</span> <span class='ocrx_word' id='word_1_150' title='bbox 1035 1377 1237 1421; x_wconf 88' lang='lat' dir='ltr'>sumptum</span> <span class='ocrx_word' id='word_1_151' title='bbox 1263 1370 1332 1421; x_wconf 88' lang='lat' dir='ltr'>qui</span> <span class='ocrx_word' id='word_1_152' title='bbox 1356 1371 1508 1422; x_wconf 86' lang='lat' dir='ltr'>quaerit</span> <span class='ocrx_word' id='word_1_153' title='bbox 1527 1382 1566 1421; x_wconf 75' lang='lat'>65</span> 
     </span>
    </p>
   </div>
   <div class='ocr_carea' id='block_1_3' title="bbox 92 1437 1510 1628">
    <p class='ocr_par' dir='ltr' id='par_1_3' title="bbox 92 1437 1510 1628">
     <span class='ocr_line' id='line_1_21' title="bbox 1332 1437 1510 1484; baseline 0 -10"><span class='ocrx_word' id='word_1_154' title='bbox 1332 1437 1484 1474; x_wconf 88' lang='lat' dir='ltr'>lucrum</span> <span class='ocrx_word' id='word_1_155' title='bbox 1499 1451 1510 1484; x_wconf 77' lang='lat'><em>3</em></span> 
     </span>
     <span class='ocr_line' id='line_1_22' title="bbox 178 1499 1407 1551; baseline 0 -13"><span class='ocrx_word' id='word_1_156' title='bbox 178 1514 295 1550; x_wconf 90' lang='lat' dir='ltr'>saepe</span> <span class='ocrx_word' id='word_1_157' title='bbox 315 1501 439 1539; x_wconf 89' lang='lat' dir='ltr'>edunt</span> <span class='ocrx_word' id='word_1_158' title='bbox 456 1515 462 1538; x_wconf 94' lang='lat'>:</span> <span class='ocrx_word' id='word_1_159' title='bbox 492 1501 614 1539; x_wconf 90' lang='lat' dir='ltr'>semel</span> <span class='ocrx_word' id='word_1_160' title='bbox 635 1499 666 1538; x_wconf 89' lang='lat' dir='ltr'>si</span> <span class='ocrx_word' id='word_1_161' title='bbox 687 1507 778 1538; x_wconf 87' lang='lat' dir='ltr'>sunt</span> <span class='ocrx_word' id='word_1_162' title='bbox 798 1507 947 1550; x_wconf 89' lang='lat' dir='ltr'>captae,</span> <span class='ocrx_word' id='word_1_163' title='bbox 971 1514 1052 1538; x_wconf 91' lang='lat' dir='ltr'>rem</span> <span class='ocrx_word' id='word_1_164' title='bbox 1075 1501 1233 1539; x_wconf 89' lang='lat' dir='ltr'>soluont</span> <span class='ocrx_word' id='word_1_165' title='bbox 1252 1500 1407 1551; x_wconf 87' lang='lat' dir='ltr'>aucupi.</span> 
     </span>
     <span class='ocr_line' id='line_1_23' title="bbox 92 1555 1509 1628; baseline 0.001 -25"><span class='ocrx_word' id='word_1_166' title='bbox 92 1555 162 1628; x_wconf 54' lang='grc' dir='ltr'>ἓξ</span> <span class='ocrx_word' id='word_1_167' title='bbox 179 1565 316 1603; x_wconf 87' lang='lat' dir='ltr'>itidem</span> <span class='ocrx_word' id='word_1_168' title='bbox 337 1565 401 1604; x_wconf 91' lang='lat' dir='ltr'>hic</span> <span class='ocrx_word' id='word_1_169' title='bbox 419 1567 528 1616; x_wconf 88' lang='lat' dir='ltr'>apud</span> <span class='ocrx_word' id='word_1_170' title='bbox 547 1579 620 1604; x_wconf 92' lang='lat' dir='ltr'>nos</span> <span class='ocrx_word' id='word_1_171' title='bbox 637 1580 644 1603; x_wconf 90' lang='lat'>:</span> <span class='ocrx_word' id='word_1_172' title='bbox 673 1567 792 1604; x_wconf 88' lang='lat' dir='ltr'>aedes</span> <span class='ocrx_word' id='word_1_173' title='bbox 813 1565 928 1604; x_wconf 91' lang='lat' dir='ltr'>nobis</span> <span class='ocrx_word' id='word_1_174' title='bbox 949 1579 1037 1604; x_wconf 87' lang='lat' dir='ltr'>area</span> <span class='ocrx_word' id='word_1_175' title='bbox 1058 1573 1127 1612; x_wconf 88' lang='lat' dir='ltr'>est,</span> <span class='ocrx_word' id='word_1_176' title='bbox 1149 1579 1295 1616; x_wconf 88' lang='lat' dir='ltr'>auceps</span> <span class='ocrx_word' id='word_1_177' title='bbox 1316 1579 1403 1605; x_wconf 86' lang='lat' dir='ltr'>sum</span> <span class='ocrx_word' id='word_1_178' title='bbox 1424 1580 1509 1617; x_wconf 87' lang='lat' dir='ltr'>ego,</span> 
     </span>
    </p>
   </div>
   <div class='ocr_carea' id='block_1_4' title="bbox 93 1630 1571 2071">
    <p class='ocr_par' dir='ltr' id='par_1_4' title="bbox 178 1630 1571 1877">
     <span class='ocr_line' id='line_1_24' title="bbox 179 1630 1274 1679; baseline 0 -11"><span class='ocrx_word' id='word_1_179' title='bbox 179 1644 268 1669; x_wconf 89' lang='lat' dir='ltr'>esca</span> <span class='ocrx_word' id='word_1_180' title='bbox 288 1637 346 1669; x_wconf 85' lang='lat' dir='ltr'>est</span> <span class='ocrx_word' id='word_1_181' title='bbox 367 1630 556 1677; x_wconf 85' lang='lat' dir='ltr'>meretrix,</span> <span class='ocrx_word' id='word_1_182' title='bbox 580 1632 704 1669; x_wconf 87' lang='lat' dir='ltr'>lectus</span> <span class='ocrx_word' id='word_1_183' title='bbox 724 1630 829 1669; x_wconf 85' lang='lat' dir='ltr'>inlex</span> <span class='ocrx_word' id='word_1_184' title='bbox 849 1638 918 1678; x_wconf 89' lang='lat' dir='ltr'>est,</span> <span class='ocrx_word' id='word_1_185' title='bbox 940 1637 1134 1669; x_wconf 90' lang='lat' dir='ltr'>amatores</span> <span class='ocrx_word' id='word_1_186' title='bbox 1155 1644 1248 1669; x_wconf 89' lang='lat' dir='ltr'>aues</span> <span class='ocrx_word' id='word_1_187' title='bbox 1264 1645 1274 1679; x_wconf 77' lang='lat'>3</span> 
     </span>
     <span class='ocr_line' id='line_1_25' title="bbox 179 1695 1340 1746; baseline 0 -12"><span class='ocrx_word' id='word_1_188' title='bbox 179 1696 280 1734; x_wconf 85' lang='lat' dir='ltr'>bene</span> <span class='ocrx_word' id='word_1_189' title='bbox 302 1697 511 1734; x_wconf 87' lang='lat' dir='ltr'>salutando</span> <span class='ocrx_word' id='word_1_190' title='bbox 532 1703 808 1743; x_wconf 88' lang='lat' dir='ltr'>consuescunt,</span> <span class='ocrx_word' id='word_1_191' title='bbox 832 1697 1111 1746; x_wconf 86' lang='lat' dir='ltr'>compellando</span> <span class='ocrx_word' id='word_1_192' title='bbox 1133 1695 1340 1744; x_wconf 88' lang='lat' dir='ltr'>blanditer,</span> 
     </span>
     <span class='ocr_line' id='line_1_26' title="bbox 179 1759 1571 1807; baseline 0.001 -9"><span class='ocrx_word' id='word_1_193' title='bbox 179 1762 407 1807; x_wconf 87' lang='lat' dir='ltr'>osculando,</span> <span class='ocrx_word' id='word_1_194' title='bbox 430 1759 607 1799; x_wconf 89' lang='lat' dir='ltr'>oratione</span> <span class='ocrx_word' id='word_1_195' title='bbox 627 1760 801 1807; x_wconf 86' lang='lat' dir='ltr'>uinnula,</span> <span class='ocrx_word' id='word_1_196' title='bbox 824 1762 1043 1799; x_wconf 88' lang='lat' dir='ltr'>uenustula.</span> <span class='ocrx_word' id='word_1_197' title='bbox 1530 1769 1571 1805; x_wconf 90' lang='lat'>70</span> 
     </span>
     <span class='ocr_line' id='line_1_27' title="bbox 178 1823 1309 1877; baseline 0.002 -15"><span class='ocrx_word' id='word_1_198' title='bbox 178 1824 209 1862; x_wconf 92' lang='lat' dir='ltr'>si</span> <span class='ocrx_word' id='word_1_199' title='bbox 230 1825 416 1875; x_wconf 88' lang='lat' dir='ltr'>papillam</span> <span class='ocrx_word' id='word_1_200' title='bbox 437 1825 699 1875; x_wconf 88' lang='lat' dir='ltr'>pertractauit,</span> <span class='ocrx_word' id='word_1_201' title='bbox 722 1826 829 1864; x_wconf 92' lang='lat' dir='ltr'>haud</span> <span class='ocrx_word' id='word_1_202' title='bbox 850 1833 907 1863; x_wconf 90' lang='lat' dir='ltr'>est</span> <span class='ocrx_word' id='word_1_203' title='bbox 927 1825 978 1863; x_wconf 93' lang='lat' dir='ltr'>ab</span> <span class='ocrx_word' id='word_1_204' title='bbox 998 1823 1102 1877; x_wconf 74' lang='lat' dir='ltr'>re&lt;d&gt;</span> <span class='ocrx_word' id='word_1_205' title='bbox 1120 1825 1284 1876; x_wconf 88' lang='lat' dir='ltr'>aucupis</span> <span class='ocrx_word' id='word_1_206' title='bbox 1299 1840 1309 1874; x_wconf 76' lang='lat'><em>3</em></span> 
     </span>
    </p>

    <p class='ocr_par' dir='ltr' id='par_1_5' title="bbox 93 1889 1510 2071">
     <span class='ocr_line' id='line_1_28' title="bbox 93 1889 1262 1941; baseline -0.002 -10"><span class='ocrx_word' id='word_1_207' title='bbox 93 1904 157 1941; x_wconf 87' lang='lat'>225</span> <span class='ocrx_word' id='word_1_208' title='bbox 179 1890 332 1928; x_wconf 88' lang='lat' dir='ltr'>sauium</span> <span class='ocrx_word' id='word_1_209' title='bbox 353 1889 384 1928; x_wconf 91' lang='lat' dir='ltr'>si</span> <span class='ocrx_word' id='word_1_210' title='bbox 404 1890 580 1940; x_wconf 86' lang='lat' dir='ltr'>sumpsit,</span> <span class='ocrx_word' id='word_1_211' title='bbox 604 1904 758 1929; x_wconf 90' lang='lat' dir='ltr'>sumere</span> <span class='ocrx_word' id='word_1_212' title='bbox 778 1904 868 1929; x_wconf 88' lang='lat' dir='ltr'>eum</span> <span class='ocrx_word' id='word_1_213' title='bbox 890 1890 980 1929; x_wconf 91' lang='lat' dir='ltr'>licet</span> <span class='ocrx_word' id='word_1_214' title='bbox 1000 1890 1084 1929; x_wconf 89' lang='lat' dir='ltr'>sine</span> <span class='ocrx_word' id='word_1_215' title='bbox 1104 1890 1262 1930; x_wconf 88' lang='lat' dir='ltr'>retibus.</span> 
     </span>
     <span class='ocr_line' id='line_1_29' title="bbox 179 1954 1297 2005; baseline 0.002 -13"><span class='ocrx_word' id='word_1_216' title='bbox 179 1954 344 1993; x_wconf 89' lang='lat' dir='ltr'>haecine</span> <span class='ocrx_word' id='word_1_217' title='bbox 364 1961 402 1993; x_wconf 91' lang='lat' dir='ltr'>te</span> <span class='ocrx_word' id='word_1_218' title='bbox 422 1968 508 1993; x_wconf 88' lang='lat' dir='ltr'>esse</span> <span class='ocrx_word' id='word_1_219' title='bbox 528 1954 696 1993; x_wconf 89' lang='lat' dir='ltr'>oblitum</span> <span class='ocrx_word' id='word_1_220' title='bbox 717 1955 756 1993; x_wconf 91' lang='lat' dir='ltr'>in</span> <span class='ocrx_word' id='word_1_221' title='bbox 777 1956 873 1994; x_wconf 93' lang='lat' dir='ltr'>ludo</span> <span class='ocrx_word' id='word_1_222' title='bbox 889 1955 957 2005; x_wconf 87' lang='lat' dir='ltr'>qui</span> <span class='ocrx_word' id='word_1_223' title='bbox 977 1955 1083 1993; x_wconf 89' lang='lat' dir='ltr'>fuisti</span> <span class='ocrx_word' id='word_1_224' title='bbox 1104 1963 1184 1993; x_wconf 89' lang='lat' dir='ltr'>tam</span> <span class='ocrx_word' id='word_1_225' title='bbox 1205 1956 1273 1994; x_wconf 91' lang='lat' dir='ltr'>diu</span> <span class='ocrx_word' id='word_1_226' title='bbox 1290 1958 1297 1993; x_wconf 72' lang='grc' dir='ltr'>ἕ</span> 
     </span>
     <span class='ocr_line' id='line_1_30' title="bbox 179 2018 1510 2071; baseline 0.002 -13"><span class='ocrx_word' id='word_1_227' title='bbox 179 2021 283 2058; x_wconf 84' lang='lat' dir='ltr'>ARG.</span> <span class='ocrx_word' id='word_1_228' title='bbox 316 2026 383 2058; x_wconf 87' lang='lat' dir='ltr'>tua</span> <span class='ocrx_word' id='word_1_229' title='bbox 401 2018 475 2058; x_wconf 88' lang='lat' dir='ltr'>ista</span> <span class='ocrx_word' id='word_1_230' title='bbox 494 2021 611 2069; x_wconf 90' lang='lat' dir='ltr'>culpa</span> <span class='ocrx_word' id='word_1_231' title='bbox 630 2027 697 2066; x_wconf 87' lang='lat' dir='ltr'>est,</span> <span class='ocrx_word' id='word_1_232' title='bbox 717 2033 819 2070; x_wconf 90' lang='lat' dir='ltr'>quae</span> <span class='ocrx_word' id='word_1_233' title='bbox 839 2019 1077 2070; x_wconf 90' lang='lat' dir='ltr'>discipulum</span> <span class='ocrx_word' id='word_1_234' title='bbox 1098 2020 1360 2060; x_wconf 89' lang='lat' dir='ltr'>semidoctum</span> <span class='ocrx_word' id='word_1_235' title='bbox 1381 2035 1451 2071; x_wconf 88' lang='lat' dir='ltr'>aps</span> <span class='ocrx_word' id='word_1_236' title='bbox 1472 2028 1510 2060; x_wconf 86' lang='lat' dir='ltr'>te</span> 
     </span>
    </p>
   </div>
   <div class='ocr_carea' id='block_1_5' title="bbox 180 2100 1567 2196">
    <p class='ocr_par' dir='ltr' id='par_1_6' title="bbox 180 2100 1567 2196">
     <span class='ocr_line' id='line_1_31' title="bbox 1332 2100 1506 2125; baseline 0.011 -2"><span class='ocrx_word' id='word_1_237' title='bbox 1332 2100 1506 2125; x_wconf 81' lang='lat' dir='ltr'>amoueS.</span> 
     </span>
     <span class='ocr_line' id='line_1_32' title="bbox 180 2148 1567 2196; baseline 0.001 -9"><span class='ocrx_word' id='word_1_238' title='bbox 180 2149 250 2188; x_wconf 89' lang='lat' dir='ltr'>CL.</span> <span class='ocrx_word' id='word_1_239' title='bbox 282 2156 454 2187; x_wconf 88' lang='lat' dir='ltr'>remeato</span> <span class='ocrx_word' id='word_1_240' title='bbox 474 2150 671 2196; x_wconf 89' lang='lat' dir='ltr'>audacter,</span> <span class='ocrx_word' id='word_1_241' title='bbox 694 2149 916 2188; x_wconf 88' lang='lat' dir='ltr'>mercedem</span> <span class='ocrx_word' id='word_1_242' title='bbox 939 2149 970 2187; x_wconf 78' lang='lat' dir='ltr'>si</span> <span class='ocrx_word' id='word_1_243' title='bbox 991 2148 1064 2187; x_wconf 87' lang='lat' dir='ltr'>eris</span> <span class='ocrx_word' id='word_1_244' title='bbox 1085 2156 1247 2188; x_wconf 90' lang='lat' dir='ltr'>nactus:</span> <span class='ocrx_word' id='word_1_245' title='bbox 1277 2163 1383 2188; x_wconf 90' lang='lat' dir='ltr'>nunc</span> <span class='ocrx_word' id='word_1_246' title='bbox 1403 2150 1479 2188; x_wconf 89' lang='lat' dir='ltr'>abi.</span> <span class='ocrx_word' id='word_1_247' title='bbox 1531 2160 1567 2195; x_wconf 76' lang='lat'>75</span> 
     </span>
    </p>
   </div>
   <div class='ocr_carea' id='block_1_6' title="bbox 179 2252 1509 2381">
    <p class='ocr_par' dir='ltr' id='par_1_7' title="bbox 179 2252 1509 2381">
     <span class='ocr_line' id='line_1_33' title="bbox 221 2252 1509 2292; baseline 0.002 -10"><span class='ocrx_word' id='word_1_248' title='bbox 221 2262 285 2292; x_wconf 84' lang='lat'>205</span> <span class='ocrx_word' id='word_1_249' title='bbox 310 2252 459 2292; x_wconf 88' lang='lat' dir='ltr'>linguam</span> <span class='ocrx_word' id='word_1_250' title='bbox 476 2253 555 2283; x_wconf 84' lang='lat' dir='ltr'>add.</span> <span class='ocrx_word' id='word_1_251' title='bbox 575 2252 698 2284; x_wconf 81' lang='lat' dir='ltr'>Vahlen</span> <span class='ocrx_word' id='word_1_252' title='bbox 831 2263 894 2292; x_wconf 86' lang='lat'>217</span> <span class='ocrx_word' id='word_1_253' title='bbox 919 2264 1001 2284; x_wconf 86' lang='lat' dir='ltr'>aues</span> <span class='ocrx_word' id='word_1_254' title='bbox 1018 2253 1182 2292; x_wconf 65' lang='lat' dir='ltr'><em>del.Reiz‚</em></span> <span class='ocrx_word' id='word_1_255' title='bbox 1201 2264 1282 2284; x_wconf 81' lang='lat' dir='ltr'>nam</span> <span class='ocrx_word' id='word_1_256' title='bbox 1300 2258 1441 2285; x_wconf 79' lang='lat' dir='ltr'>necesse</span> <span class='ocrx_word' id='word_1_257' title='bbox 1458 2258 1509 2285; x_wconf 80' lang='lat' dir='ltr'>est</span> 
     </span>
     <span class='ocr_line' id='line_1_34' title="bbox 179 2296 1506 2337; baseline 0 -11"><span class='ocrx_word' id='word_1_258' title='bbox 179 2299 364 2336; x_wconf 82' lang='lat' dir='ltr'>suspectum</span> <span class='ocrx_word' id='word_1_259' title='bbox 489 2297 552 2326; x_wconf 86' lang='lat'>218</span> <span class='ocrx_word' id='word_1_260' title='bbox 577 2301 696 2336; x_wconf 88' lang='lat' dir='ltr'>captae</span> <span class='ocrx_word' id='word_1_261' title='bbox 713 2301 790 2327; x_wconf 86' lang='lat' dir='ltr'>sunt</span> <span class='ocrx_word' id='word_1_262' title='bbox 810 2296 976 2336; x_wconf 78' lang='lat' dir='ltr'>Gruterus,</span> <span class='ocrx_word' id='word_1_263' title='bbox 996 2297 1147 2337; x_wconf 79' lang='lat' dir='ltr'>rhythmo</span> <span class='ocrx_word' id='word_1_264' title='bbox 1163 2298 1331 2328; x_wconf 79' lang='lat' dir='ltr'>consulens</span> <span class='ocrx_word' id='word_1_265' title='bbox 1424 2298 1506 2336; x_wconf 78' lang='lat' dir='ltr'>sort.</span> 
     </span>
     <span class='ocr_line' id='line_1_35' title="bbox 180 2338 1508 2381; baseline 0.001 -11"><span class='ocrx_word' id='word_1_266' title='bbox 180 2338 286 2381; x_wconf 83' lang='lat' dir='ltr'>(eae)</span> <span class='ocrx_word' id='word_1_267' title='bbox 303 2349 372 2370; x_wconf 88' lang='lat' dir='ltr'>rem</span> <span class='ocrx_word' id='word_1_268' title='bbox 485 2350 545 2370; x_wconf 89' lang='lat'>221</span> <span class='ocrx_word' id='word_1_269' title='bbox 573 2345 692 2379; x_wconf 86' lang='lat' dir='ltr'>pectus</span> <span class='ocrx_word' id='word_1_270' title='bbox 710 2339 803 2371; x_wconf 88' lang='lat' dir='ltr'>codd.</span> <span class='ocrx_word' id='word_1_271' title='bbox 815 2339 919 2370; x_wconf 75' lang='lat' dir='ltr'>Pauli</span> <span class='ocrx_word' id='word_1_272' title='bbox 935 2350 995 2379; x_wconf 83' lang='lat'>113</span> <span class='ocrx_word' id='word_1_273' title='bbox 1114 2351 1178 2380; x_wconf 89' lang='lat'>224</span> <span class='ocrx_word' id='word_1_274' title='bbox 1202 2341 1423 2381; x_wconf 86' lang='lat' dir='ltr'>pertractabit</span> <span class='ocrx_word' id='word_1_275' title='bbox 1439 2339 1508 2371; x_wconf 86' lang='lat' dir='ltr'>cod.</span> 
     </span>
    </p>
   </div>
   <div class='ocr_carea' id='block_1_7' title="bbox 181 2381 1004 2426">
    <p class='ocr_par' dir='ltr' id='par_1_8' title="bbox 181 2381 1004 2426">
     <span class='ocr_line' id='line_1_36' title="bbox 181 2381 1004 2426; baseline 0.001 -13"><span class='ocrx_word' id='word_1_276' title='bbox 181 2383 215 2413; x_wconf 89' lang='lat' dir='ltr'>h.</span> <span class='ocrx_word' id='word_1_277' title='bbox 233 2381 312 2426; x_wconf 81' lang='lat' dir='ltr'>(id)</span> <span class='ocrx_word' id='word_1_278' title='bbox 327 2387 379 2414; x_wconf 83' lang='lat' dir='ltr'>est</span> <span class='ocrx_word' id='word_1_279' title='bbox 397 2382 610 2414; x_wconf 83' lang='lat' dir='ltr'>Camerarius</span> <span class='ocrx_word' id='word_1_280' title='bbox 749 2394 811 2423; x_wconf 84' lang='lat'>227</span> <span class='ocrx_word' id='word_1_281' title='bbox 835 2384 886 2415; x_wconf 83' lang='lat' dir='ltr'>vel</span> <span class='ocrx_word' id='word_1_282' title='bbox 900 2383 1004 2415; x_wconf 85' lang='lat' dir='ltr'>istaec</span> 
     </span>
    </p>
   </div>
  </div>
 </body>
</html>
