1742 2718
667 89 1015 128 AMPHITRVO
1453 89 1502 124 11.
1525 88 1553 123 ii

176 206 257 242 AM.
290 202 357 242 ubi
386 210 428 241 tu
457 201 657 242 cubuisti?
714 202 785 239 AL.
818 199 857 238 in
888 200 1030 238 eodem
1061 199 1163 237 lecto
1193 205 1323 236 tecum
1358 212 1436 235 una
1465 198 1503 235 in

1308 263 1502 302 cubiculo.

176 335 257 372 AM.
291 332 504 384 perdidisti.
556 333 620 371 So.
653 331 749 382 quid
769 329 840 369 tibi
861 330 948 369 est?
995 331 1077 367 AM.
1109 329 1207 367 haec
1228 341 1292 367 me
1313 329 1434 366 modo
1455 329 1504 366 ad

1192 400 1359 431 mortem
1381 393 1501 431 dedit.

88 472 157 505 810
176 466 248 502 AL.
281 463 377 513 quid
398 463 487 510 iam,
509 462 682 501 amabo?
730 463 811 499 AM.
845 474 895 498 ne
915 473 978 498 me
998 460 1164 509 appella.
1219 460 1283 497 So.
1316 458 1412 507 quid
1433 457 1503 494 tibi
1528 463 1586 493 180

1002 527 1089 563 est?
1144 526 1227 561 AM.
1260 522 1355 573 perii
1377 521 1502 569 miser,

173 593 264 643 quia
285 593 497 643 pudicitiae
517 593 647 630 huiius
668 591 808 630 uitium
829 603 892 628 me
912 589 1006 628 hinc
1025 596 1188 639 apsente
1209 594 1267 626 est
1287 586 1478 625 additum.

174 660 245 696 AL.
277 671 442 708 opsecro
462 666 623 704 ecastor,
646 669 720 706 qur
740 656 850 702 istuc,
874 654 927 692 mi
948 654 1016 700 uir,
1040 667 1086 692 ex
1106 654 1173 691 ted
1193 652 1345 691 audio?

174 727 254 762 AM.
287 724 345 762 uir
365 737 438 774 ego
457 725 537 761 tuo'
558 723 661 761 sim?
690 736 740 760 ne
761 735 824 759 me
843 721 1009 771 appella,
1032 721 1138 766 falsa,
1162 720 1259 756 falso
1280 717 1450 756 nomine.

173 791 237 827 SO.
269 790 402 828 haeret
431 790 529 828 haec
558 802 629 835 res,
661 787 692 826 si
722 787 883 838 quidem
914 787 1011 824 haec
1041 784 1118 823 iarn
1150 783 1288 822 mulier
1317 784 1417 821 facta
1447 790 1504 821 est

1338 862 1383 886 ex
1405 848 1499 886 uiro.

86 924 150 968 815
173 922 245 958 AL.
278 920 374 970 quid
395 933 467 970 ego
488 919 561 958 feci
582 932 661 969 qua
679 919 799 956 istaec
820 924 977 968 propter
997 916 1103 954 dicta
1123 915 1304 953 dicantur
1324 912 1419 950 mihi
1433 915 1451 951 ,Ρ
1525 923 1582 964 135

174 987 255 1023 AM.
287 992 370 1023 tute
390 985 538 1023 edictas
559 986 661 1023 facta
681 991 758 1030 tua,
782 996 828 1021 ex
848 996 912 1020 me
933 980 1086 1032 quaeris
1107 979 1204 1030 quid
1224 978 1445 1028 deliqueris.

173 1052 246 1088 AL.
277 1050 373 1100 quid
394 1063 466 1100 ego
487 1049 559 1088 tibi
579 1048 738 1098 deliqui,
762 1048 794 1086 si
815 1047 909 1097 quoi
930 1054 1054 1096 nupta
1074 1059 1161 1084 sum
1182 1052 1313 1083 tecum
1334 1043 1419 1082 fui?

171 1117 255 1153 AM.
286 1122 357 1152 tun
377 1128 534 1153 mecum
555 1114 702 1152 fueris?
731 1112 828 1163 quid
848 1112 937 1150 illac
958 1112 1176 1161 inpudente
1195 1108 1414 1148 audacius?

172 1181 322 1227 saltem,
344 1186 427 1218 tute
448 1179 479 1217 si
499 1178 661 1229 pudoris
683 1191 808 1228 egeaS,
832 1189 964 1215 sumas
986 1183 1176 1214 mutuom.

85 1251 154 1285 820
172 1247 245 1283 AL.
277 1245 376 1284 istuc
392 1244 544 1283 facinus
564 1245 673 1294 quod
689 1251 731 1281 tu
752 1243 955 1281 insimulas
976 1249 1110 1280 nostro
1125 1240 1258 1291 generi
1277 1252 1359 1278 non
1375 1241 1498 1279 decet.
1526 1258 1584 1291 190

172 1318 214 1348 tu
235 1309 267 1348 si
287 1323 350 1348 me
370 1309 616 1360 inpudicitiai
636 1316 781 1359 captas,
805 1321 944 1358 capere
965 1320 1046 1345 non
1067 1313 1190 1357 potes.

171 1377 253 1413 AM.
285 1388 356 1425 pro
376 1374 417 1414 di
437 1375 674 1422 inmortales,
698 1373 914 1424 cognoscin
935 1380 977 1410 tu
998 1385 1061 1410 me
1082 1373 1232 1418 saltem,
1255 1370 1395 1410 Sosia?

171 1442 234 1479 So.
267 1441 567 1491 propemodum.
627 1442 709 1477 AM.
741 1438 910 1477 cenauin
938 1450 1011 1487 ego
1032 1436 1114 1475 heri
1138 1436 1179 1474 in
1206 1436 1298 1474 naui
1324 1436 1363 1474 in
1387 1444 1502 1486 portu

1301 1502 1474 1540 Persico
1488 1504 1503 1540 ?

170 1574 242 1611 AL.
275 1571 372 1611 mihi
399 1584 559 1622 quoque
588 1572 732 1611 adsunt
759 1577 878 1610 testes
908 1569 977 1621 qui
1003 1568 1101 1608 illud
1129 1569 1238 1619 quod
1269 1581 1341 1617 ego
1371 1567 1501 1606 dicam

1264 1632 1497 1671 adsentiant.

82 1708 147 1753 825
170 1704 234 1742 So.
266 1703 400 1742 nescio
419 1703 516 1754 quid
536 1703 636 1741 istiic
656 1702 789 1753 negoti
808 1701 950 1748 dicam,
972 1699 1047 1738 nisi
1067 1699 1098 1737 si
1119 1698 1313 1749 quispiam
1335 1706 1392 1736 est
1522 1709 1581 1742 195

170 1768 408 1818 Amphitruo
427 1768 540 1815 alius,
560 1767 629 1818 qui
648 1769 747 1806 forte
766 1768 834 1805 ted
854 1766 947 1804 hinc
967 1764 1120 1815 apsenti
1141 1772 1274 1803 tamen

169 1841 278 1872 tuam
298 1847 379 1872 rem
400 1841 508 1872 curet
529 1841 647 1883 teque
667 1839 831 1882 apsente
852 1831 915 1869 hic
936 1843 1080 1868 munus
1102 1831 1283 1880 fungatur
1302 1836 1424 1868 tuom.

169 1913 261 1937 nam
281 1913 403 1950 quom
424 1901 474 1938 de
494 1899 561 1937 illo
582 1898 784 1937 subditiuo
805 1897 916 1936 Sosia
936 1896 1079 1934 mirum
1101 1894 1244 1941 nimist,

169 1972 273 2003 certe
293 1966 342 2004 de
363 1967 462 2004 istoc
483 1965 774 2015 Amphitruone
794 1964 872 2002 iam
892 1964 1058 2001 alterum
1080 1961 1222 1999 mirum
1243 1968 1300 1998 est
1321 1959 1452 2010 magis.

80 2035 150 2078 830
169 2033 251 2069 AM.
284 2031 506 2081 nescioquis
527 2030 795 2081 praestigiator
814 2030 917 2067 hanc
937 2030 1139 2067 frustratur
1159 2026 1373 2064 mulierem.
1517 2033 1580 2056 200

169 2099 241 2134 AL.
273 2110 342 2146 per
361 2096 534 2146 supremi
554 2095 652 2145 regis
674 2108 836 2145 regnum
858 2094 942 2132 iuro
963 2101 1001 2131 et
1022 2100 1187 2130 matrem
1207 2090 1372 2129 familias

211 2202 276 2232 808
298 2212 366 2232 una
382 2205 494 2232 tecum
512 2200 724 2231 Lindemann
876 2201 937 2230 811
965 2198 1019 2230 hic
1044 2198 1111 2230 cod.
1131 2198 1180 2239 (cfi
1200 2197 1281 2238 826)
1434 2196 1498 2234 813

168 2245 251 2275 falso
272 2245 339 2285 (-sa
358 2243 424 2284 D2)
443 2245 528 2276 falso
546 2243 612 2276 cod.
727 2244 791 2274 818
808 2247 890 2273 tune
906 2242 971 2274 cod.
1084 2243 1143 2272 821
1172 2251 1296 2281 capere
1315 2251 1381 2271 non
1400 2244 1498 2279 potes

167 2288 319 2319 Muretus
336 2301 342 2320 :
366 2299 433 2319 non
448 2293 545 2328 potes
557 2298 678 2328 capere
692 2286 759 2318 cod.
857 2287 923 2316 826
940 2286 1025 2317 alius
1037 2285 1242 2325 Amphitruo
1252 2285 1297 2325 (2)
1309 2285 1374 2315 Leo
1442 2283 1498 2312 hic

167 2330 232 2363 cod.
253 2332 307 2372 (cs.
324 2334 403 2372 811)
518 2332 583 2363 828
607 2341 682 2362 nam
699 2340 801 2370 quom
827 2329 987 2360 Mueller:
1020 2339 1166 2368 namque
1190 2328 1256 2360 cod.
1277 2330 1367 2370 (ante
1389 2337 1495 2358 conso-

167 2379 301 2406 nantem
317 2374 569 2416 vzlrfewndum)
589 2385 596 2405 τ
627 2375 683 2405 vix
700 2383 777 2404 narn
793 2373 850 2412 qui
939 2372 987 2403 vel
1002 2373 1127 2403 nimest
