1742 2718
662 52 981 92 PRAEFATIO

155 166 429 213 servationem,
465 165 598 215 quoad
628 163 709 202 fieri
740 170 872 213 posset
901 159 1152 199 conciliatam
1182 159 1318 207 esse’;
1350 158 1484 209 itaque

156 235 277 272 ictum
309 244 429 282 quem
459 236 601 268 vocant
631 228 837 266 metricum
873 228 1104 276 plerumque
1139 224 1178 262 in
1215 238 1261 263 ea
1289 226 1478 264 vocabula

157 311 258 349 quae
280 298 446 347 ἔμφασιν
466 294 615 332 habent
635 293 819 339 incidere,
843 299 885 329 ut
909 290 949 328 in
974 292 1082 328 Men.
1113 292 1213 338 1076
1231 304 1238 328 :

274 365 318 400 tu
338 374 426 400 erus
445 373 499 407 es,
521 367 563 397 tu
584 357 739 396 se'ruom
761 369 915 407 quaere,
938 358 980 394 tu
1002 356 1164 401 salueto,
1188 357 1231 392 tu
1250 355 1364 402 uale;

157 428 197 466 in
219 427 327 466 Asin.
355 438 453 475 772:

346 493 417 530 abs
447 490 514 528 ted
544 488 721 538 accipiat,
754 486 824 525 tibi
854 484 1046 537 propinet,
1080 487 1122 523 tu
1154 485 1267 523 bibas
1281 486 1304 523 ¹.

159 559 280 596 Porro
309 557 460 595 diversa
484 554 540 593 vis
570 551 850 604 pronominum
876 563 958 589 non
988 551 1115 588 solum
1143 563 1190 588 ex
1216 549 1295 588 ictu
1324 550 1488 589 metrico

159 623 229 662 sed
250 621 369 661 etiam
396 634 443 658 ex
463 619 557 670 ipsis
580 616 714 656 formis
735 616 842 654 haud
869 614 952 653 scio
977 627 1028 652 an
1049 615 1328 664 cognoscenda
1351 616 1412 661 sit,
1435 614 1488 653 ita

159 695 202 726 ut
225 686 326 724 inter
346 687 403 723 mi
419 693 456 723 et
477 685 582 731 mihi,
604 670 647 723 Ξῖ
657 691 694 721 et
716 679 757 729 ἔτ’,
780 682 867 718 lzm’c
891 687 930 719 et
953 680 1048 726 huic,
1072 680 1151 717 eius
1173 679 1316 729 (huius,
1339 679 1488 729 quoius)

159 759 197 791 et
218 752 312 790 eiius
334 751 490 802 (lzuiz'us,
512 751 677 801 quoiizcs)
700 749 861 788 easdem
875 746 1004 784 variae
1028 745 1322 795 significationis
1343 743 1491 783 subtili-

160 824 260 856 tates
273 829 375 866 quae
390 823 482 854 sunt
494 817 594 854 inter
609 816 732 853 varias
745 815 784 852 in
800 812 942 861 linguis
962 811 1192 848 Romanicis
1207 811 1487 861 pronominum

161 884 306 921 formas
322 883 475 920 elucere
495 882 701 919 credamus
717 893 727 927 3
745 879 909 916 fortasse
924 875 1041 914 etiam
1059 875 1158 914 inter
1174 875 1287 914 citius
1302 873 1492 925 loquendi

161 961 296 999 genus,
323 952 441 996 opust,
471 954 558 992 etc„
588 954 625 984 et
657 944 812 990 lentius,
839 950 930 993 opus
961 947 1016 979 est
1024 955 1036 989 3
1078 939 1256 990 quamvis
1286 940 1491 978 fatendum

162 1014 211 1052 sit
245 1012 366 1051 medii
396 1011 482 1051 aevi
515 1011 662 1050 scribas
693 1008 889 1049 eiusmodi
925 1020 1054 1046 rerum
1097 1005 1307 1044 maximam
1341 1012 1492 1055 partem

163 1091 323 1129 pessum
344 1076 512 1116 dedisse.
571 1075 702 1114 Velim
723 1082 854 1113 tamen
877 1085 1034 1110 mecum
1056 1072 1192 1109 credas
1214 1069 1383 1108 Plautini
1407 1068 1492 1107 aevi

164 1144 334 1182 sermoni
378 1141 579 1181 cotidiano
617 1152 750 1179 versus
797 1136 999 1176 Plautinos
1047 1143 1235 1185 tanquam
1281 1134 1493 1184 imaginem

164 1221 357 1247 resonare.

1059 1267 1117 1302 W.
1151 1266 1208 1302 M.
1242 1266 1440 1302 L1NDsAv.

208 1346 343 1378 Dabam
360 1346 393 1376 A
399 1346 575 1387 ndreapoli‚

299 1407 417 1429 memmi

167 1507 256 1537 idem
289 1511 451 1537 accentus
479 1509 602 1543 manet,
633 1515 664 1535 v.
678 1514 708 1543 g.
739 1501 813 1543 πρός
840 1513 890 1540 με,
919 1498 994 1540 πρὸς
1023 1498 1128 1537 πόλιν,
1158 1498 1205 1529 sic
1239 1497 1376 1528 Latinae
1405 1498 1499 1539 apud

167 1563 326 1589 accentus
359 1558 520 1597 variatur,
556 1565 632 1596 v.g.
666 1555 760 1596 apud
790 1564 851 1593 me,
885 1551 980 1593 apud
1009 1551 1183 1591 te‘mplum.
1235 1550 1355 1589 Neque
1387 1550 1496 1581 solum

169 1610 321 1641 Graecae
337 1620 440 1641 voces
460 1608 635 1640 encliticae
652 1608 713 1638 sed
732 1607 833 1638 etiam
855 1605 997 1635 Latinae
1019 1607 1197 1634 accentum
1215 1602 1369 1642 accipere
1387 1602 1498 1634 solent

168 1663 299 1701 quoties
323 1667 380 1692 aut
405 1671 466 1701 per
489 1671 526 1692 se
551 1661 645 1700 ipsae
667 1659 804 1699 ἔμφασιν
821 1657 948 1688 habent
973 1657 1016 1695 (v.
1030 1666 1060 1694 g.
1084 1665 1150 1685 non
1172 1664 1229 1694 ego
1249 1653 1309 1684 sed
1326 1657 1362 1685 tu
1374 1654 1499 1694 fecisti)

168 1720 224 1746 aut
241 1719 320 1745 ante
339 1714 437 1745 aliam
454 1723 572 1744 vocem
590 1711 779 1742 encliticam
798 1714 888 1741 stant
909 1710 953 1748 (v.
967 1719 997 1746 g.
1018 1717 1075 1747 ego
1093 1706 1186 1736 illum
1203 1705 1295 1746 vidi).

213 1767 223 1786 ¹
249 1767 361 1798 Etiam
382 1771 452 1796 tum
474 1765 530 1796 ubi
554 1775 620 1795 non
645 1763 755 1803 potuit
779 1762 918 1793 Plautus
942 1761 1044 1790 ictum
1064 1758 1239 1789 metricum
1262 1767 1335 1788 cum
1357 1762 1497 1788 accentu

170 1819 362 1857 conciliare,
388 1819 492 1849 credo
515 1825 634 1847 vocem
659 1826 731 1846 eam
756 1825 843 1853 quae
871 1812 1010 1852 ἔμφασιν
1038 1811 1140 1841 habet
1172 1809 1309 1850 propria
1338 1809 1499 1849 prosodia

171 1872 301 1903 enotari
334 1871 457 1902 solere.
509 1870 556 1900 Ut
585 1869 674 1899 enim
709 1867 741 1897 in
774 1866 864 1897 Men.
894 1866 960 1904 389
988 1864 1054 1902 tibi,
1087 1863 1175 1902 quod
1205 1866 1239 1893 et
1268 1861 1302 1891 in
1331 1860 1499 1891 sententia

171 1929 348 1956 accentum
366 1928 399 1954 et
416 1923 450 1954 in
465 1932 565 1953 versu
583 1922 683 1952 ictum
704 1919 878 1949 metricum
895 1918 1006 1956 habet,
1027 1915 1127 1946 etiam
1148 1914 1239 1944 hiatu
1259 1923 1360 1953 quern
1378 1917 1499 1942 vocant

171 1976 349 2016 prosodico
367 1975 583 2014 distinguitur
597 1985 603 2003 :

694 2025 752 2055 tibi
774 2023 779 2064 Ι
799 2029 833 2055 et
850 2022 997 2063 parasito
1015 2026 1083 2059 tuo,

173 2081 220 2111 sic
240 2080 340 2110 credo
358 2079 390 2108 in
413 2078 500 2108 Rud.
522 2087 587 2116 540
602 2086 736 2107 versum
756 2077 797 2106 ab
821 2079 1002 2115 anapaesto
1026 2083 1093 2104 non
1114 2072 1155 2102 ab
1179 2069 1289 2100 iambo
1309 2066 1500 2107 incepisse:

478 2129 538 2160 tibi
560 2127 564 2170 Ι
585 2128 784 2166 auscultaui,
805 2131 839 2159 tu
859 2126 1078 2168 promittebas
1096 2123 1186 2160 mihi,

173 2189 206 2215 et
226 2184 259 2222 in
275 2182 371 2214 Asin.
391 2182 450 2221 781
470 2180 566 2212 deam
582 2180 739 2211 similiter
758 2179 957 2220 disyllabice
975 2177 1186 2208 enuntiatum
1205 2184 1282 2205 esse
1298 2184 1305 2203 :

479 2233 574 2262 deam
595 2230 600 2273 Ι
620 2234 757 2262 inuocet
773 2231 835 2261 sibi
854 2232 952 2270 quarn
961 2229 1098 2269 llubebit
1115 2226 1307 2267 propitiam,

479 2284 577 2314 deum
597 2283 737 2315 nullum.

817 2377 867 2416 xii
