1742 2718
665 51 990 92 BACCHIDES
1416 46 1494 83 ΙΙΙ,
1513 44 1559 81 vi

83 179 147 216 535
169 174 225 210 P1.
259 177 362 209 certe
392 168 423 206 is
453 175 520 206 est.
592 167 679 203 MN.
712 164 743 202 is
773 171 841 202 est.
900 162 1021 201 adibo
1051 168 1188 199 contra
1216 166 1254 197 et
1284 159 1495 197 contollam

1321 224 1498 273 gradum.

169 302 226 338 P1.
259 301 388 338 saluos
416 298 477 344 sis,
510 295 768 335 Mnesiloche.
830 294 918 331 MN.
951 293 1068 330 salue.
1130 292 1188 328 P1.
1221 290 1350 327 saluos
1379 301 1498 337 quom

1143 368 1302 406 peregre
1321 353 1498 399 aduenis,

169 443 266 469 cena
287 431 412 469 detur.
472 430 560 466 MN.
593 440 673 464 non
694 427 822 476 placet
843 423 897 462 mi
918 436 1017 462 cena
1037 435 1138 472 quae
1159 420 1279 459 bilem
1302 426 1450 458 mouet.

171 497 229 534 ΡΙ.
253 507 453 544 numquae
472 490 702 531 aduenienti
721 489 926 540 aegritudo
947 487 1103 527 obiecta
1123 487 1210 524 est?
1268 486 1356 522 MN.
1382 490 1501 533 atque

1287 562 1499 588 acerruma.

172 627 230 664 Pl.
262 625 401 664 unde?
458 624 546 661 MN.
577 621 628 660 ab
656 619 818 659 homine
852 632 971 670 quem
1006 617 1060 656 mi
1089 615 1262 655 amicum
1292 629 1376 653 esse
1405 613 1501 653 arbi-

1055 690 1175 721 tratus
1196 695 1283 720 sum
1303 679 1499 718 antidhac.

87 771 154 808 540
172 757 231 794 P1.
254 753 366 793 multi
380 766 489 793 more
504 752 579 792 isto
595 759 714 802 atque
727 751 909 800 exemplo
923 748 1074 795 uiuont,
1091 760 1191 797 quos
1206 759 1328 796 quom
1342 757 1503 783 censeas

132 859 141 862 -
172 834 257 860 esse
276 819 436 868 amicos,
459 815 705 869 reperiuntur
724 815 811 854 falsi
830 813 1073 860 falsimoniis,

172 887 305 936 lingua
324 883 486 930 factiosi,
509 883 652 922 inertes
673 895 803 932 opera,
827 880 1001 919 sublesta
1021 879 1110 917 fide.

173 953 303 991 nullus
324 958 382 989 est
402 949 497 1000 quoi
517 962 599 988 non
618 947 824 986 inuideant
843 959 926 984 rem
947 945 1164 983 secundam
1185 942 1413 993 optingere3

175 1017 249 1057 sibi
268 1030 318 1055 ne
339 1015 572 1062 inuideatur‚
594 1012 670 1064 ipsi
690 1011 822 1062 ignaui
842 1018 947 1049 recte
967 1017 1120 1048 cauent.

91 1094 154 1131 545
177 1084 264 1121 ΜΝ.
296 1081 439 1130 edepol
459 1092 509 1117 ne
530 1086 571 1116 tu
592 1069 748 1116 illorum
769 1089 898 1114 mores
919 1088 1109 1125 perquam
1130 1073 1317 1112 meditate
1338 1080 1461 1111 tenes.

175 1147 247 1185 sed
261 1145 379 1184 etiam
396 1157 519 1183 unum
535 1144 612 1181 hoc
629 1158 635 1181 :
664 1156 711 1180 ex
726 1140 886 1191 ingenio
902 1141 1007 1178 malo
1024 1141 1171 1177 malum
1188 1137 1396 1176 inueniunt
1411 1151 1483 1176 suo
1499 1152 1506 1176 :

176 1210 273 1249 nulli
292 1208 409 1248 amici
430 1216 530 1255 sunt,
554 1206 735 1245 inimicos
756 1205 830 1256 ipsi
850 1205 891 1243 in
912 1218 997 1243 sese
1018 1203 1147 1243 omnis
1167 1204 1325 1242 habent.

177 1283 296 1325 atque
317 1274 328 1312 i
349 1287 390 1313 se
411 1286 533 1323 quom
554 1273 749 1317 frustrant,
775 1269 948 1308 frustrari
969 1269 1066 1307 alios
1088 1267 1220 1306 stolidi
1240 1267 1491 1306 existumant.

179 1340 279 1379 sicut
304 1346 363 1378 est
391 1338 456 1377 hic
476 1350 595 1388 quem
616 1350 702 1376 esse
722 1335 895 1374 amicum
917 1336 1012 1372 ratu'
1034 1347 1121 1371 sum
1147 1340 1267 1382 atque
1289 1332 1397 1382 ipsus
1422 1345 1509 1370 sum

1390 1397 1510 1436 mihi:

95 1489 163 1527 550
179 1473 255 1520 ille,
278 1471 388 1522 quod
407 1470 448 1508 in
469 1483 510 1508 se
530 1468 613 1516 fuit,
631 1475 858 1507 accuratum
879 1464 1018 1505 habuit
1038 1465 1148 1515 quod
1167 1470 1301 1515 posset
1320 1462 1413 1501 mali

180 1540 324 1577 faceret
343 1536 384 1574 in
405 1549 480 1582 me,
503 1533 773 1573 inconciliaret
793 1532 927 1583 copias
948 1529 1077 1570 omnis
1099 1543 1216 1568 meas.
1301 1521 1308 1525 .

182 1606 239 1642 ΡΙ.
272 1601 484 1653 inprobum
511 1599 641 1638 istunc
668 1612 753 1637 esse
781 1604 937 1649 oportet
963 1595 1178 1635 hominem.
1239 1596 1327 1632 MN.
1360 1595 1432 1644 e'go
1459 1592 1513 1631 ita

1231 1673 1316 1698 esse
1335 1658 1510 1697 arbitror.

183 1734 240 1771 ΡΙ.
272 1745 438 1783 opsecro
469 1731 600 1770 hercle
631 1731 803 1779 loquere,
837 1727 924 1778 quis
956 1726 988 1765 is
1019 1734 1088 1765 est.
1149 1727 1237 1763 MN.
1270 1724 1513 1763 beneuolens

1310 1788 1409 1828 uiuit
1428 1787 1510 1827 tibi.

183 1878 275 1903 nam
295 1863 335 1902 ni
355 1863 409 1902 ita
429 1869 542 1910 esset,
565 1869 697 1901 tecum
718 1874 869 1900 orarem
890 1866 932 1898 ut
952 1858 988 1898 ei
1009 1859 1117 1909 quod
1138 1869 1274 1908 posses
1295 1854 1388 1893 mali

102 1942 165 1980 555
184 1931 311 1969 facere
327 1931 484 1968 faceres.
527 1930 584 1966 Pl.
617 1927 682 1966 dic
698 1928 820 1965 modo
835 1924 1040 1964 hominem
1056 1923 1123 1974 qui
1140 1922 1189 1961 sit
1204 1937 1212 1961 ι
1240 1921 1271 1960 si
1288 1934 1369 1959 non
1384 1920 1514 1959 fecero

230 2042 293 2072 535
316 2031 413 2075 (ΡΙ.)
430 2031 528 2062 adibo
550 2030 725 2061 Aa'dalt'us
813 2030 927 2060 tollam
946 2028 978 2059 P
1128 2027 1192 2066 538
1216 2024 1393 2065 aegritudo
1414 2024 1517 2054 adue-

187 2077 296 2108 nienti
315 2075 348 2105 A
439 2085 615 2106 acerrume
640 2074 674 2104 P
823 2081 950 2112 540-51
977 2082 1043 2102 om.
1069 2070 1102 2100 A
1133 2071 1190 2100 ‘in
1221 2069 1422 2108 quibusdam
1447 2077 1516 2098 non

188 2118 319 2151 serunt'
334 2118 514 2152 Charisius,
531 2129 562 2158 p.
583 2126 647 2156 205
666 2117 728 2157 (ad
748 2127 778 2148 v.
798 2118 880 2155 545)
1023 2124 1084 2153 541
1111 2113 1186 2144 salsi
1206 2113 1310 2143 Pius:
1335 2112 1427 2143 salsis
1450 2110 1515 2142 cod.

189 2173 252 2203 542
276 2162 424 2194 sublesta
441 2161 592 2192 Merula:
618 2161 779 2192 subuesta
802 2160 982 2200 (subuersa
1001 2158 1063 2197 ΒΖ)
1084 2157 1150 2188 cod.
1285 2166 1349 2195 543
1374 2155 1430 2195 qui
1446 2165 1516 2185 non

190 2206 340 2237 inuideat
353 2205 420 2236 cod.
435 2217 442 2237 ε
458 2216 536 2237 corr.
552 2205 702 2247 Scaliger
773 2213 836 2243 544
861 2203 993 2232 sibimet
1006 2212 1050 2231 ne
1060 2201 1172 2240 Bothe,
1187 2201 1241 2230 cuz'
1252 2200 1363 2230 hiatus
1379 2198 1519 2239 displicet

189 2250 325 2289 ignauia
349 2248 526 2279 Hermann
668 2249 732 2288 548
765 2248 799 2278 hi
825 2245 902 2276 PCD
992 2245 1198 2275 frustrantur
1223 2243 1290 2275 cod.
1453 2252 1513 2280 551

190 2294 303 2325 facere
320 2297 354 2323 et
372 2292 583 2323 Camerarius
664 2290 880 2323 inconciliare
897 2288 964 2319 cod.
983 2300 989 2319 z
1014 2299 1092 2319 corr.
1108 2287 1234 2318 Ritschl
1350 2295 1414 2325 552
1438 2284 1518 2328 (et)

191 2347 256 2422 {3340
279 2335 413 2421 Selqu'ert
438 2335 485 2377 (A
512 2347 544 2367 n.
566 2334 606 2376 l.)
742 2343 806 2373 553
835 2333 1034 2373 Obsequere
1059 2332 1091 2363 h.
1116 2331 1168 2362 P:
1200 2341 1282 2361 corr.
1308 2329 1518 2361 Camerarius

262 2390 297 2411 n.
325 2403 331 2410 .

1525 631 1564 653 10

1528 1022 1565 1053 15

1532 1345 1571 1366 20

1535 1870 1573 1902 25
