1742 2718
690 124 1037 162 AMPHITRVO
1486 130 1516 165 Ι.
1540 129 1553 165 i

191 243 258 280 So.
288 240 365 287 hic,
400 239 574 289 inquam,
611 236 747 275 habito
785 249 859 286 ego
896 244 1015 287 atque
1054 238 1206 277 horunc
1245 252 1379 278 seruos
1418 254 1515 279 sum.

987 303 1071 339 ΜΕ.
1102 303 1140 340 at
1160 302 1242 341 scin
1265 317 1345 353 quo
1366 306 1520 343 modo?

189 369 330 408 faciam
359 383 433 420 ego
462 367 583 407 hodie
612 374 651 406 te
679 366 908 417 superbum,
945 365 1020 405 nisi
1050 366 1143 405 hinc
1172 367 1268 406 abis.
1328 369 1392 406 So.
1425 382 1519 418 quo-
1541 387 1600 419 205

1250 446 1342 470 nam
1364 434 1486 472 modo
1502 435 1519 471 Ρ

190 501 273 537 ΜΕ.
305 501 488 545 auferere,
513 511 593 536 non
614 496 752 543 abibis,
777 498 809 535 si
828 509 903 546 ego
923 497 1067 535 fustem
1088 510 1304 547 sumpsero.

188 566 253 602 So.
285 563 381 614 quin
402 577 465 601 me
485 576 570 601 esse
591 561 720 600 huiius
741 561 901 599 familiai
923 560 1153 600 familiarem
1175 562 1371 612 praedico.

100 632 168 675 360
188 630 271 667 ΜΕ.
303 628 395 667 uide
423 628 475 666 sis
504 641 623 678 quam
655 639 747 665 mox
779 627 966 676 uapulare
999 625 1069 673 uis,
1103 626 1178 665 nisi
1216 635 1393 667 actutum
1423 629 1517 668 hinc

1418 694 1513 733 abis.

188 760 253 797 So.
285 766 355 797 tun
376 759 498 797 domo
518 757 727 813 prohibere
747 770 906 808 peregre
928 770 992 795 me
1011 756 1292 797 aduenientem
1312 760 1517 809 postulas?

189 825 271 862 ΜΕ.
309 812 473 862 haecine
512 827 579 861 tua
617 824 801 861 domust.
792 823 810 852 Ρ
875 823 940 861 So
977 821 1031 860 ita
1068 822 1242 873 inquam.
1312 825 1396 862 ΜΕ.
1429 824 1516 875 quis
1538 839 1601 861 210

1090 901 1178 927 erus
1199 896 1258 927 est
1277 888 1393 939 igitur
1413 889 1517 928 tibi?

186 955 251 992 So.
283 953 533 1005 Amphitruo,
556 953 625 1004 qui
645 966 752 992 nunc
771 954 1009 1004 praefectust
1029 953 1233 992 Thebanis
1254 953 1487 1004 legionibus,

185 1018 347 1069 quicum
373 1026 498 1070 nupta
523 1027 582 1058 est
605 1020 837 1058 Alcumena.
898 1020 982 1057 ME.
1015 1018 1112 1069 quid
1131 1018 1218 1058 ais?
1246 1019 1343 1069 quid
1367 1034 1515 1060 nomen

1334 1084 1406 1125 tibi
1426 1088 1516 1125 est?

97 1151 161 1195 365
184 1150 248 1187 So.
281 1148 434 1188 Sosiam
455 1156 601 1188 uocant
621 1149 814 1196 Thebani,
840 1150 957 1188 Dauo
976 1156 1210 1199 prognatum
1232 1156 1352 1201 patre.

185 1214 269 1251 ME.
301 1227 352 1251 ne
372 1220 414 1252 tu
434 1212 521 1251 istic
540 1213 662 1252 hodie
682 1215 787 1252 malo
808 1221 876 1252 tuo
897 1214 1126 1264 compositis
1147 1215 1365 1282 mendaciis

182 1278 388 1325 aduenisti,
411 1278 591 1317 audaciai
610 1280 807 1326 columen,
830 1279 1004 1318 consutis
1025 1279 1138 1319 dolis.
1537 1291 1598 1323 215

183 1345 246 1382 So.
279 1343 403 1383 immo
423 1344 610 1395 equidem
631 1344 775 1383 tunicis
795 1345 971 1383 consutis
992 1346 1071 1384 huc
1090 1347 1273 1394 aduenio,
1297 1361 1378 1387 non
1399 1348 1511 1387 dolis.

184 1409 267 1447 ΜΕ.
298 1416 338 1447 at
358 1409 533 1448 mentiris
554 1409 696 1448 etiam:
727 1417 834 1448 certo
854 1410 1034 1460 pedibus,
1057 1424 1139 1450 non
1159 1412 1302 1451 tunicis
1322 1413 1444 1452 uenis.

95 1485 164 1521 370
182 1474 246 1511 So.
279 1472 332 1512 ita
376 1475 562 1524 profecto.
637 1476 720 1513 ΜΕ.
752 1488 859 1513 nunc
907 1476 1084 1526 profecto
1123 1478 1268 1527 uapula
1309 1478 1366 1523 ‚ob
1409 1492 1515 1518 men-

1340 1543 1510 1583 dacium.

182 1604 247 1641 So.
279 1616 361 1642 non
391 1605 534 1655 edepol
565 1605 660 1643 uolo
693 1607 881 1655 profecto.
953 1607 1036 1644 ME.
1068 1614 1109 1645 at
1142 1608 1210 1656 pol
1244 1609 1421 1657 profecto
1458 1608 1514 1648 in-

1367 1674 1508 1724 gratiis.

180 1733 258 1771 hoc
277 1733 440 1783 quidem
464 1737 473 1754 ‘
486 1735 685 1784 profecto'
705 1743 856 1774 certum
878 1743 947 1783 est,
969 1750 1051 1775 non
1072 1744 1131 1776 est
1150 1737 1406 1777 arbitrarium.
1535 1753 1597 1776 220

181 1798 246 1835 So.
279 1805 388 1836 tuam
417 1799 538 1837 fidem
568 1812 745 1850 opsecro.
807 1801 891 1838 ΜΕ.
924 1808 994 1839 tun
1024 1808 1063 1840 te
1092 1803 1216 1841 audes
1244 1802 1396 1842 Sosiam
1426 1818 1511 1844 esse

1366 1868 1507 1917 dicere,

181 1928 249 1978 qui
274 1941 348 1979 ego
367 1930 485 1967 sum?
550 1931 616 1968 So.
647 1930 755 1981 perii.
826 1932 909 1970 ME.
942 1945 1080 1982 parurn
1102 1932 1232 1980 etiam,
1254 1941 1391 1983 praeut
1410 1935 1510 1973 futu-

1093 2011 1179 2036 rum
1200 2005 1272 2045 est,
1292 1998 1506 2049 praedicas.

91 2069 158 2107 375
179 2058 320 2109 quoius
340 2073 447 2098 nunc
467 2061 539 2098 es?
596 2062 660 2100 So.
693 2063 784 2109 tu0’‚
807 2075 900 2100 narn
920 2062 1062 2113 pugnis
1083 2076 1157 2101 usu
1177 2063 1303 2102 fecisti
1323 2070 1444 2103 tuom.

177 2136 248 2172 pro
269 2124 400 2168 fidem,
424 2124 607 2162 Thebani
628 2124 759 2164 ciues!
810 2128 893 2164 ME.
926 2127 1045 2165 etiarn
1066 2129 1223 2172 clamas,
1248 2130 1462 2167 carnufex?

176 2187 347 2238 loquere,
367 2187 464 2238 quid
479 2189 651 2228 uenisti?
694 2192 759 2229 So.
779 2198 822 2229 ut
837 2199 940 2230 esset
956 2205 1075 2242 quem
1091 2199 1133 2230 tu
1149 2192 1290 2243 pugnis
1307 2194 1501 2232 caederes.
1527 2208 1564 2229 22
1571 2208 1588 2240 5

216 2291 282 2329 356
299 2300 372 2321 sum
389 2300 454 2322 ser.
473 2291 688 2322 Camerarius
872 2302 934 2332 357
959 2293 993 2324 ni
1009 2293 1082 2325 Ital.
1259 2297 1320 2334 361
1347 2300 1416 2327 tum
1434 2295 1501 2328 cod.

174 2335 238 2407 {3072
262 2334 362 2365 fidem
380 2333 515 2365 Aldus:
539 2334 597 2366 fidi
618 2334 684 2366 cod.
711 2334 747 2376 (i.
770 2335 822 2376 10)
1009 2347 1071 2376 377
1095 2336 1161 2378 loq.
1186 2338 1319 2371 Aldus:
1344 2340 1503 2380 eloquere

220 2435 338 2456 PLAVT.
365 2436 376 2457 1
1396 2432 1416 2461 2
