1742 2718
742 65 970 103 CAPTIVI
1490 68 1519 104 Ι.
1541 69 1555 104 1

192 174 387 225 condigne
408 182 517 226 pater
535 183 593 214 est
614 175 697 214 eius
718 183 890 215 moratus
910 175 1098 214 moribus.

192 253 296 278 nunc
315 242 365 279 ad
386 234 476 279 eum
497 255 667 292 pergam.
726 243 796 280 sed
815 241 986 292 aperitur
1004 241 1161 289 ostium,
1545 264 1586 293 40

190 306 283 343 und'
303 306 502 344 saturitate
520 320 638 357 saepe
658 320 732 356 ego
752 306 826 345 exii
846 306 986 346 ebrius.

350 462 535 499 HEGIO
647 463 936 499 LORARIVS
1049 464 1366 500 ERGASILVS
1543 467 1571 504 ii

106 570 172 597 110
192 560 271 597 ΗΕ.
303 560 481 598 Aduorte
500 559 677 598 animum
699 559 749 598 sis
768 575 774 598 :
804 562 846 598 tii
867 559 962 598 istos
983 560 1162 610 captiuos
1183 562 1298 609 duos,

188 622 270 661 heri
291 622 391 673 quos
411 623 488 662 emi
508 625 558 663 de
578 625 725 674 praeda
744 625 795 664 de
816 624 1101 675 quaestoribus,

188 687 219 726 is
240 687 365 726 indito
385 695 543 727 catenas
564 688 793 739 singularias

188 753 290 800 istas,
314 753 489 801 maiores,
514 754 648 804 quibu'
669 762 759 793 sunt
779 755 914 802 iuncti,
937 754 1086 795 demito
1101 770 1112 804 ;

188 817 306 857 sinito
324 818 536 866 ambulare,
558 818 591 857 si
612 819 715 866 foris,
738 819 769 858 si
790 820 895 859 intus
915 822 1061 867 uolent,
1543 842 1562 874 5

105 897 167 934 115
188 883 258 921 sed
278 882 334 920 uti
353 884 609 922 adseruentur
630 898 771 934 magna
791 884 1002 935 diligentia.

187 947 284 985 liber
303 946 480 997 captiuos
500 948 576 986 aui'
596 950 699 987 ferae
720 949 935 988 consimilis
955 957 1038 988 est:

187 1013 307 1050 semel
328 1012 502 1062 fugiendi
523 1013 555 1051 si
575 1015 667 1052 data
687 1021 745 1053 est
765 1014 932 1062 occasio,

187 1076 278 1116 satis
298 1084 366 1124 est,
390 1091 607 1128 numquam
628 1079 784 1129 postilla
804 1079 930 1130 possis
951 1082 1153 1131 prendere.

187 1143 257 1180 Lo.
290 1155 428 1180 omnes
448 1144 625 1192 profecto
645 1142 756 1182 liberi
777 1144 975 1183 lubentius
1544 1167 1583 1189 10

102 1220 168 1246 120
185 1208 311 1244 sumu'
331 1220 449 1256 quarn
471 1207 672 1246 seruimus.
732 1210 814 1247 HE.
847 1223 928 1247 non
948 1209 1083 1249 uidere
1104 1210 1157 1250 ita
1177 1219 1218 1250 tu
1240 1212 1412 1263 quidem.

186 1273 257 1309 Lo.
289 1270 321 1309 si
340 1285 421 1310 non
441 1279 499 1310 est
520 1273 629 1322 quod
650 1274 752 1320 dem,
776 1287 892 1312 mene
912 1274 971 1313 uis
992 1277 1084 1314 dem
1105 1276 1285 1326 ipse—in
1305 1279 1459 1328 pedes?

187 1338 268 1374 HE.
299 1335 330 1374 si
351 1336 517 1384 dederis,
542 1338 613 1376 erit
633 1341 831 1389 extemplo
852 1339 948 1378 mihi
970 1342 1079 1390 quod
1101 1343 1193 1380 dem
1214 1342 1295 1381 tibi.

186 1403 256 1440 LO.
288 1401 363 1440 aui'
384 1416 447 1441 me
467 1404 570 1441 ferae
591 1403 838 1443 consimilem
859 1404 1011 1454 faciam,
1035 1413 1077 1444 ut
1097 1407 1312 1456 praedicas.

187 1469 266 1506 HE.
299 1466 352 1506 ita
372 1475 414 1506 ut
434 1468 531 1506 dicis
549 1484 556 1507 z
587 1483 678 1507 nam
700 1469 731 1507 si
752 1470 859 1518 faxis,
882 1478 921 1509 te
941 1470 982 1508 in
1002 1485 1165 1510 caueam
1186 1473 1310 1523 dabo.
1541 1492 1581 1525 15

102 1546 164 1582 125
185 1534 255 1572 sed
275 1533 358 1571 sati'
378 1535 637 1573 uerborumst.
698 1549 792 1574 cura
811 1549 912 1585 quae
932 1535 1025 1575 iussi
1045 1544 1164 1588 atque
1183 1537 1259 1577 abi.

184 1612 257 1649 ego
277 1598 344 1638 ibo
363 1600 415 1638 ad
435 1601 591 1639 fratrem
612 1602 664 1640 ad
683 1601 781 1640 alios
802 1601 979 1651 captiuos
1001 1616 1125 1651 meos,

183 1663 308 1702 uisam
329 1678 379 1703 ne
399 1672 516 1704 nocte
536 1667 611 1704 hac
631 1666 835 1717 quippiam
856 1667 1109 1707 turbauerint.

183 1728 263 1768 ind’
284 1743 346 1768 me
367 1730 556 1770 continuo
578 1732 763 1783 recipiam
784 1746 918 1771 rusum
938 1734 1115 1772 domum.

186 1796 260 1833 ER.
290 1808 403 1846 aegre
423 1803 481 1834 est
502 1796 556 1834 mi
576 1798 683 1836 hunc
703 1799 830 1837 facere
850 1805 1057 1848 quaestum
1078 1800 1335 1839 carcerarium
1538 1820 1580 1843 20

100 1872 166 1908 130
184 1867 340 1911 propter
360 1860 419 1899 sui
439 1861 546 1912 gnati
567 1862 763 1901 miseriam
784 1863 969 1903 miserum
990 1878 1138 1904 senem.

183 1926 253 1964 sed
272 1925 304 1963 si
325 1927 405 1965 ullo
425 1934 542 1977 pacto
562 1927 626 1966 ille
648 1929 726 1967 huc
746 1929 946 1968 conciliari
966 1937 1110 1981 potest,

182 1991 246 2029 uel
266 1991 546 2030 carnuficinam
568 1994 675 2032 hunc
694 1995 822 2033 facere
841 2008 1003 2045 possum
1025 1995 1186 2046 perpeti.

185 2056 266 2092 HE.
297 2055 384 2105 quis
404 2056 468 2095 hic
488 2057 689 2108 loquitur?
746 2061 820 2098 ER.
852 2073 936 2110 ego,
955 2060 1022 2111 qui
1043 2068 1112 2100 tuo
1132 2075 1307 2101 maerore
1328 2076 1513 2111 maceror,

184 2133 375 2168 macesco,
399 2135 641 2162 consenesco
662 2131 700 2162 et
721 2124 882 2164 tabesco
903 2125 1020 2164 miser
1034 2140 1044 2173 3
1535 2143 1574 2176 25

231 2227 288 2247 111
314 2228 333 2248 a
357 2224 487 2257 quaest.
515 2220 693 2252 Fleckeisen
862 2232 922 2252 112
946 2223 999 2254 his
1025 2223 1090 2255 cod.
1252 2236 1311 2265 113
1336 2227 1442 2258 iuncti
1468 2238 1514 2258 an

184 2260 288 2291 uincti
305 2261 408 2293 incert.
430 2263 494 2294 cod.
515 2265 560 2304 (v.
584 2265 637 2305 12)
776 2276 832 2296 121
860 2276 939 2297 men
956 2277 986 2297 u.
1004 2267 1035 2299 d.
1053 2267 1150 2307 ipsus
1166 2268 1332 2301 Schrader
1453 2282 1513 2310 123

183 2305 361 2342 praedicas
377 2305 465 2338 codd.
483 2306 593 2338 Servii
605 2308 653 2339 ad
665 2308 750 2340 Aen.
771 2319 820 2348 10,
833 2319 898 2349 559
913 2321 919 2340 :
945 2311 1118 2350 predicisti
1135 2312 1201 2344 cod.
1216 2314 1289 2353 (pro
1298 2315 1442 2353 prediE.‚
1456 2315 1474 2345 ι’.
1485 2326 1512 2346 e.

185 2349 385 2386 praedicas?
408 2350 466 2390 vii,
487 2360 519 2390 p.
541 2353 616 2394 106)
733 2362 791 2393 125
814 2353 855 2393 cf.
871 2353 919 2384 ad
933 2364 1036 2394 102—7
1151 2365 1210 2395 127
1233 2357 1382 2398 quipiam
1399 2358 1466 2390 cod.
