1814 2723
161 62 239 101 111.
261 60 306 98 vi
676 56 720 92 T.
754 50 935 91 MACCI
966 49 1169 88 PLAVTI

259 173 294 212 ei
315 174 416 211 male
436 170 569 220 aliquo
590 174 717 219 pacto,
741 179 804 203 me
825 176 910 202 esse
931 162 1052 201 dicito
1072 160 1394 211 ignauissumum.

260 240 346 276 ΜΝ.
379 248 551 286 nequam
585 235 755 278 homost,
787 241 924 268 uerum
954 228 1084 266 hercle
1112 225 1262 264 amicus
1294 231 1351 263 est
1383 222 1463 261 tibi.
1524 225 1582 261 Pr.

1333 296 1444 327 tanto
1465 287 1587 338 magis

261 369 325 408 dic
345 366 432 418 quis
454 372 512 404 est
526 380 536 413 3
565 362 737 413 nequam
757 358 929 398 hominis
951 371 1022 408 ego
1043 356 1153 408 parui
1173 357 1306 406 pendo
1328 353 1500 405 gratiam.

202 449 243 479 30
263 437 351 472 MN.
383 432 502 470 uideo
523 443 603 467 non
624 434 781 478 potesse
802 423 897 474 quin
918 422 988 461 tibi
1009 421 1106 461 eiius
1127 434 1274 459 nomen
1294 421 1465 469 eloquar.

263 499 486 543 Pistoclere,
509 491 713 546 perdidisti
735 504 798 528 me
819 490 996 527 sodalem
1016 486 1204 525 funditus.
1610 487 1678 530 560

262 566 320 602 P1.
352 562 449 613 quid
477 560 578 598 istuc
606 558 696 596 est?
754 557 841 593 ΜΝ.
874 553 971 604 quid
999 553 1087 591 est?
1124 550 1265 590 misine
1294 563 1367 600 ego
1395 550 1447 587 ad
1476 555 1515 587 te
1544 562 1591 586 ex

1202 616 1362 665 Epheso
1383 613 1591 664 epistulam

263 707 379 744 super
393 691 531 738 amica,
549 696 592 728 ut
608 687 662 727 mi
677 685 904 726 inuenires?
961 684 1019 721 P1.
1052 682 1176 720 fateor
1190 681 1349 726 factum,
1368 686 1407 717 et
1426 677 1589 729 repperi.

266 761 353 797 MN.
385 756 511 807 quid?
540 753 611 793 tibi
631 766 713 791 non
734 758 814 789 erat
835 747 1084 787 meretricum
1103 745 1266 784 aliarum
1288 743 1454 783 Athenis
1479 742 1593 793 copia

204 838 246 870 35
265 823 492 874 quibu'cum
514 819 678 858 haberes
699 830 793 862 rem,
816 813 890 852 nisi
910 825 1001 851 cum
1022 811 1087 849 illa
1107 810 1226 860 quam
1247 823 1320 860 ego
1342 809 1592 847 mandassem

1508 872 1593 921 nm

265 952 464 1002 occiperes
485 957 568 988 tute
587 946 710 1001 (earn)
728 958 860 985 amare
881 951 920 982 et
940 942 994 981 mi
1014 943 1088 981 ires
1108 941 1334 979 consultum
1356 940 1487 978 male?
1616 945 1678 990 565

266 1021 324 1056 P1.
357 1030 483 1056 sanun
510 1017 581 1054 es?
638 1016 725 1052 MN.
758 1025 841 1050 rem
868 1008 1020 1060 repperi
1042 1020 1203 1047 omnem
1227 1020 1274 1045 ex
1300 1012 1369 1044 tuo
1396 1003 1591 1054 magistro.

1412 1083 1463 1107 ne
1483 1082 1592 1119 nega.

266 1147 470 1200 perdidisti
492 1159 564 1184 me.
617 1147 674 1182 P1.
705 1142 876 1181 etiamne
896 1141 999 1178 ultro
1019 1137 1095 1176 tuis
1117 1150 1180 1175 me
1199 1137 1394 1187 prolectas
1415 1133 1596 1185 probris?

269 1215 356 1252 ΜΝ.
389 1211 484 1262 quid
500 1224 608 1249 amas
626 1207 896 1247 Bacchidem?
954 1206 1012 1242 P1.
1045 1204 1143 1242 duas
1161 1201 1252 1252 ergo
1272 1200 1336 1239 hic
1357 1200 1462 1238 intus
1483 1212 1595 1238 eccas

1365 1264 1595 1304 Bacchides.

204 1357 250 1391 40
273 1346 359 1383 MN.
392 1342 518 1394 quid?
542 1341 783 1381 duae—Pl.
813 1345 931 1388 atque
946 1335 1083 1374 ambas
1100 1347 1262 1373 sorores.
1314 1334 1401 1370 MN.
1429 1329 1599 1381 loqueris

1186 1411 1293 1436 nunc
1314 1410 1436 1447 nugas
1457 1394 1595 1434 sciens.

269 1478 327 1514 P1.
360 1482 570 1526 postremo,
593 1471 625 1510 si
645 1470 771 1522 pergis
793 1480 957 1520 paruom
978 1465 1075 1504 mihi
1096 1466 1216 1503 fidem
1236 1461 1464 1508 arbitrarier,
1620 1470 1688 1506 570

268 1543 403 1580 tollam
424 1553 496 1590 ego
524 1539 591 1577 ted
618 1537 658 1575 in
689 1537 835 1575 collum
862 1541 982 1583 atque
1011 1531 1113 1570 intro
1142 1529 1235 1568 hinc
1264 1530 1448 1567 auferam.
1509 1524 1611 1564 MN.¹

602 1601 609 1607 ”
1225 1594 1348 1632 immo
1368 1592 1447 1639 ibo,
1470 1603 1597 1628 mane.

269 1675 327 1711 ΡΙ.
360 1684 442 1711 non
459 1682 610 1717 maneo,
630 1680 760 1718 neque
777 1673 819 1705 tu
836 1678 900 1704 me
915 1661 1082 1702 habebis
1097 1661 1196 1699 falso
1211 1664 1450 1709 suspectum.
1511 1656 1599 1693 MN.

1393 1734 1604 1772 sequor.—

759 1818 996 1870 ACTVS
1049 1816 1119 1863 IV

147 1916 253 1954 IV.i
780 1912 1097 1948 PARASITVS

275 2002 342 2037 PA.
379 1996 574 2036 Parasitus
597 2008 669 2046 ego
691 2007 778 2033 sum
799 1990 971 2031 hominis
992 1999 1163 2038 nequam
1184 1991 1303 2034 atque
1322 1982 1490 2033 inprobi,

275 2063 397 2102 militi'
420 2062 488 2112 qui
509 2061 678 2099 amicam
700 2072 835 2098 secum
856 2054 985 2094 auexit
1006 2067 1052 2091 ex
1077 2054 1206 2090 Samo.

316 2168 467 2209 561-662
492 2166 576 2197 deest
593 2165 622 2195 A
730 2165 792 2203 563
816 2162 895 2202 quid
914 2157 1099 2199 Angelius:
1128 2154 1183 2194 qui
1202 2152 1265 2185 cod.
1280 2153 1354 2193 (pro
1369 2151 1462 2191 quit:
1485 2161 1548 2190 seq.
1561 2155 1605 2188 t.;

278 2213 295 2245 i.
311 2223 342 2251 4,
363 2223 395 2242 u.
415 2211 449 2249 4)
550 2212 612 2248 565
638 2219 709 2239 eam
728 2206 845 2238 addidi
925 2203 969 2233 mi
987 2199 1132 2231 Ritschl:
1158 2208 1210 2228 me
1228 2196 1292 2228 cod.
1310 2197 1385 2236 (pro
1395 2195 1459 2225 mei
1473 2195 1483 2225 ’ζ
1498 2205 1560 2234 seq.
1580 2193 1604 2233 i)

267 2248 326 2286 Nme
338 2258 467 2286 tutatur
480 2253 554 2284 Keil
568 2253 603 2282 in
621 2252 716 2282 Varr.
729 2250 772 2281 R.
785 2250 825 2281 R.
843 2259 871 2287 3,
891 2248 938 2283 16,
956 2256 974 2275 2
1065 2244 1129 2282 569
1153 2242 1237 2271 duas
1253 2239 1393 2280 Pylades

273 2300 426 2340 570-650
445 2300 574 2339 praesto
590 2299 636 2326 est
657 2295 686 2326 T
795 2303 859 2332 570
883 2286 1114 2331 parum‘PBC:
1141 2294 1278 2325 paruam
1298 2283 1390 2322 T(cs.
1405 2281 1508 2313 Arch.
1525 2279 1601 2310 Lat.

274 2343 353 2374 Lex.
378 2341 518 2380 13‚133)
611 2349 674 2378 573
699 2338 770 2377 Ego
788 2347 813 2368 s.
829 2346 861 2376 p.
880 2332 1018 2365 Mueller
1085 2339 1160 2368 neq.
1181 2329 1269 2358 hom.
1290 2326 1363 2358 Ital.
1383 2326 1436 2367 (cf
1457 2324 1535 2364 558)
