1814 2723
276 52 323 89 V.
344 51 373 89 ii
753 52 799 88 T.
834 50 1014 89 MACCI
1046 49 1250 88 PLAVTI

307 171 324 202 5
346 159 577 199 lassitudine
596 158 825 198 inuaserunt
846 157 989 197 misero
1009 157 1048 196 in
1070 171 1198 208 genua
1217 156 1387 196 flemina.
1694 158 1765 201 670

347 228 416 263 PE.
440 232 537 275 quot
557 224 634 262 illic
655 226 777 262 homo
797 223 918 261 hodie
933 236 997 261 me
1017 221 1206 272 exemplis
1226 221 1468 260 ludificatust
1487 227 1605 270 atque
1625 226 1674 265 te,

346 297 388 327 ut
408 289 486 328 illic
506 297 638 327 autern
659 287 900 327 exenterauit
920 287 1017 325 mihi
1038 300 1134 337 opes
1154 285 1414 336 argentarias!

347 356 418 392 ΑΡ.
442 367 564 404 apage
585 353 694 391 illum
715 366 738 390 a
757 366 821 390 me
839 355 845 390 l
866 365 959 389 nam
975 351 1040 389 ille
1056 350 1217 401 quidem
1231 349 1399 388 Volcani
1414 348 1537 387 iratist
1552 347 1676 386 filius:

348 433 505 470 quaqua
525 418 657 468 tangit,
681 431 800 456 omne
819 416 1004 463 amburit,
1025 415 1056 454 si
1076 423 1190 462 astes,
1213 422 1323 453 aestu
1344 413 1531 453 calefacit.

288 501 328 525 10
349 487 419 523 ΕΡ.
443 483 654 523 duodecim
671 483 731 522 dis
751 484 839 532 plus
860 495 979 532 quam
1000 480 1039 518 in
1061 482 1170 519 caelo
1191 481 1393 519 deorumst
1412 477 1677 517 inmortalium
1697 481 1763 524 675

350 549 446 587 mihi
467 562 573 587 nunc
592 547 737 586 auxilio
756 546 956 585 adiutores
976 553 1068 583 sunt
1088 552 1126 584 et
1147 558 1304 583 mecum
1326 543 1504 581 militant.

349 614 544 665 quidquid
564 627 637 663 ego
658 614 759 651 male
779 611 865 659 feci,
887 610 1030 649 auxilia
1050 609 1105 648 mi
1126 617 1164 648 et
1185 608 1388 659 suppetiae
1409 615 1499 646 sunt
1518 606 1639 654 domi,

347 679 565 730 apolactizo
580 678 762 717 inimicos
777 676 916 715 omnis.
970 678 1038 713 PE.
1061 674 1130 713 ubi
1145 674 1256 712 illum
1272 686 1458 723 quaeram
1473 672 1679 722 gentium?

348 747 419 783 ΑΡ.
452 746 548 783 dum
579 743 663 782 sine
693 756 756 781 me
785 755 961 792 quaeraS‚
984 753 1147 790 quaeras
1177 753 1266 777 mea
1291 740 1430 776 caussa
1455 739 1519 776 uel
1546 737 1678 776 medio

1507 801 1547 840 in
1568 801 1674 840 mari.

291 890 326 922 15
350 877 419 914 ΕΡ.
452 874 547 925 quid
569 888 632 912 me
658 872 841 923 quaeris?
870 870 967 922 quid
996 870 1180 909 laboras?
1208 868 1304 919 quid
1331 869 1438 906 hunc
1464 867 1678 906 sollicitas?
1697 867 1766 901 680

1488 944 1580 970 ecce
1600 944 1674 968 me.

349 1019 443 1044 num
465 1013 503 1043 te
524 1004 614 1054 fugi,
629 1017 725 1042 num
741 1003 793 1041 ab
808 1003 931 1041 domo
951 1014 1103 1051 apsum,
1122 1013 1217 1037 num
1238 998 1362 1036 oculis
1378 996 1556 1036 concessi
1572 995 1678 1035 tuis?

864 1076 883 1098 ³1<
996 1079 1014 1099 >k

347 1149 421 1174 nec
442 1125 521 1173 tibi>
534 1134 723 1185 supplico.
782 1131 932 1171 uincire
952 1131 1042 1170 uis?
1070 1144 1146 1177 em,
1168 1130 1338 1168 ostendo
1358 1142 1497 1166 manus
1513 1142 1522 1175 3

347 1204 389 1238 tu
410 1201 533 1239 habes
548 1201 643 1247 lora,
656 1212 729 1249 ego
749 1205 788 1236 te
804 1210 934 1236 emere
953 1195 1036 1235 uidi
1053 1210 1060 1233 :
1090 1194 1187 1245 quid
1204 1207 1310 1232 nunc
1325 1194 1484 1232 cessas?
1512 1192 1675 1243 conliga.

349 1268 417 1304 PE.
441 1265 569 1304 ilicet!
599 1262 873 1302 uadimonium
889 1263 991 1300 ultro
1011 1259 1108 1298 mihi
1128 1259 1192 1297 hic
1213 1258 1314 1297 facit.
1381 1260 1449 1296 ΕΡ.
1472 1257 1568 1307 quin
1588 1271 1679 1296 con·
1697 1259 1762 1303 685

1556 1322 1650 1372 ligas
1663 1324 1680 1360 ?

288 1412 330 1434 20
350 1398 422 1435 Ap,
455 1396 597 1445 edepol
622 1392 878 1443 mancupium
906 1392 1139 1430 scelestum!
1181 1391 1249 1427 ΕΡ.
1283 1396 1321 1427 te
1342 1389 1532 1439 profecto,
1552 1389 1680 1438 Apoe-

1503 1452 1678 1499 eides,—

347 1527 400 1564 nil
423 1539 552 1564 moror
573 1523 669 1562 mihi
689 1522 900 1574 deprecari.
959 1523 1032 1559 AP.
1064 1518 1178 1558 facile
1198 1532 1345 1565 exoras,
1368 1517 1545 1568 Epidice.

348 1595 418 1630 ΕΡ.
449 1590 595 1641 ecquid
608 1588 734 1640 agis?
802 1590 871 1626 PE.
903 1594 1000 1625 tuon
1035 1584 1251 1626 arbitratu?
1320 1585 1389 1621 ΕΡ.
1422 1596 1513 1621 meo
1547 1583 1678 1620 hercle

1258 1662 1352 1687 uero
1372 1656 1491 1698 atque
1510 1649 1588 1686 hau
1608 1654 1678 1685 tuo

345 1722 606 1772 conligandae
631 1721 730 1758 haec
754 1725 844 1756 sunt
871 1716 941 1755 tibi
972 1715 1102 1754 hodie.
1167 1717 1235 1752 PE.
1267 1721 1305 1752 at
1335 1727 1416 1751 non
1445 1713 1564 1758 lubet,
1597 1726 1677 1750 non

1507 1777 1676 1827 conligo.

346 1854 418 1891 ΑΡ.
451 1853 641 1902 tragulam
671 1849 710 1888 in
741 1856 779 1887 te
808 1847 952 1886 inicere
985 1847 1162 1892 adornat,
1199 1843 1455 1894 nescioquam
1490 1842 1677 1881 fabricam
1695 1845 1766 1890 690

1574 1908 1674 1946 facit.

391 2023 454 2061 670
478 2019 710 2051 lassitudinem
738 2018 772 2049 P
900 2018 961 2056 671
989 2016 1079 2055 quod
1110 2015 1174 2045 illic
1205 2014 1337 2054 (homlo
1363 2013 1423 2043 A:
1457 2012 1548 2052 quod
1576 2011 1622 2042 illi
1649 2011 1683 2041 P

345 2067 410 2106 674
434 2066 462 2095 si
480 2064 655 2106 [propius]
684 2066 790 2094 astest
813 2061 847 2092 P
870 2060 930 2099 (iv.
963 2059 995 2100 Ι)
1128 2059 1193 2098 679
1216 2067 1361 2097 quaeras
1385 2057 1483 2087 semel
1503 2055 1537 2086 P
1622 2055 1677 2086 uel

345 2120 413 2140 om.
430 2108 463 2138 A
610 2108 718 2146 680-3
738 2110 845 2146 pauca
869 2104 1026 2145 leguntur
1045 2103 1079 2132 in
1103 2102 1136 2132 A
1277 2102 1341 2130 682
1365 2111 1430 2131 om.
1457 2100 1507 2131 P:
1547 2099 1679 2139 vesttgia

347 2157 480 2184 tantum
493 2155 564 2192 app.
583 2151 618 2181 in
635 2150 681 2190 A,
704 2149 791 2180 unde
806 2158 868 2179 nec
884 2148 966 2178 mihi
983 2147 1110 2186 gratu's
1127 2155 1238 2184 neque
1252 2144 1389 2174 odiosus
1401 2153 1510 2182 neque
1523 2143 1677 2173 timorem

347 2197 391 2227 mi
408 2195 551 2227 exhibes
568 2193 634 2224 Leo
774 2193 838 2231 684
862 2191 941 2231 ego]
965 2191 1039 2232 (e)a
1060 2190 1093 2220 A
1228 2189 1292 2226 685
1317 2187 1395 2218 facit
1411 2187 1515 2217 Pius:
1541 2186 1621 2216 facis
1638 2185 1676 2221 P,

346 2240 380 2270 A
401 2251 433 2271 n.
454 2239 473 2270 I.
565 2238 646 2277 quid
670 2237 704 2267 P
817 2236 880 2274 687
905 2232 1097 2274 deprecari]
1122 2233 1247 2272 deprae
1270 2230 1304 2261 P
1432 2231 1496 2260 688
1520 2229 1625 2260 uerbo
1649 2228 1683 2259 P

347 2285 413 2323 689
430 2286 505 2324 post
533 2282 621 2311 hunc
649 2291 780 2311 versum
814 2281 878 2318 692
913 2288 973 2308 suo
996 2278 1068 2316 Ᾱοσο
1102 2275 1284 2306 redeuntem
1316 2273 1445 2314 praebet
1472 2272 1506 2303 P
1535 2275 1681 2313 <propter

347 2326 532 2358 homoeotel.
551 2325 664 2364 eollig—
683 2324 916 2365 antia‘patunm
942 2321 974 2353 ii.
993 2322 1028 2360 6)
1161 2320 1227 2359 690
1250 2317 1381 2357 tragula
1397 2316 1432 2347 P
1515 2315 1595 2347 feeit
1610 2315 1645 2347 P
