1814 2723
182 95 329 135 111.iv
700 96 747 134 T.
780 94 960 134 MACCI
993 95 1197 133 PLAVTI

284 209 351 260 qui
378 222 469 248 cum
496 210 686 259 opulento
713 219 861 258 pauper
888 205 1049 244 homine
1077 203 1244 258 [coepit]
1270 207 1352 245 rem
1379 206 1524 245 habere
1547 214 1614 245 aut

1399 270 1611 321 negotium.

283 339 405 379 ueluti
428 340 667 390 Megadorus
688 343 855 386 temptat
876 349 939 374 me
960 334 1145 374 omnibus
1166 335 1350 374 miserum
1373 335 1514 383 modis,

284 405 352 455 qui
372 403 570 443 simulauit
591 402 668 441 me'i
689 400 849 439 honoris
871 400 1024 438 mittere
1044 401 1122 438 huc
1143 414 1281 438 caussa
1301 414 1451 450 coquos
1469 416 1475 438 :

247 481 263 512 5
284 470 315 508 is
337 483 382 509 ea
402 482 539 508 caussa
560 467 675 514 misit,
699 468 775 504 hoc
796 464 863 515 qui
884 472 1134 515 surruperent
1154 464 1296 503 misero
1317 465 1424 503 mihi.

284 534 481 584 condigne
501 532 619 572 etiam
641 533 742 569 meu'
763 532 855 569 med
876 529 980 568 intus
1000 531 1122 579 gallus
1143 530 1382 579 gallinacius,
1633 535 1699 578 465

285 600 351 650 qui
372 607 452 638 erat
472 599 564 637 anui
585 596 804 648 peculiaris,
817 595 988 646 perdidit
1009 594 1268 644 paenissume.
1297 607 1307 633 ις

285 665 353 704 ubi
374 672 454 703 erat
474 665 572 702 haec
593 664 759 709 defossa,
783 660 937 710 occepit
957 660 1011 698 ibi
1032 660 1261 710 scalpurrire
1282 661 1435 710 ungulis

286 729 548 769 circumcirca.
609 727 705 778 quid
726 734 842 776 opust
863 725 1023 763 uerbis?
1052 725 1105 762 ita
1126 724 1179 762 mi
1200 732 1337 774 pectus
1358 724 1556 775 peracuit:

229 811 266 833 10
287 795 400 845 capio
421 795 575 840 fustem,
599 800 792 842 optrunco
813 792 969 840 gallum,
992 791 1117 827 furem
1138 789 1470 827 manufestarium.

288 861 405 898 credo
426 860 568 909 edepol
589 871 661 907 ego
682 857 735 894 illi
757 857 980 894 mercedem
1000 856 1103 905 gallo
1123 854 1319 905 pollicitos
1340 867 1501 904 coquos,
1635 864 1705 898 470

288 925 318 962 si
339 925 379 963 id
400 926 529 975 palam
550 923 715 961 fecisset.
775 920 902 960 exemi
922 934 968 959 ex
988 933 1108 958 manu
1131 926 1151 959 †
1173 919 1434 958 manubrium.

287 990 384 1041 quid
404 997 520 1040 opust
541 987 701 1027 uerbis?
731 988 833 1025 facta
853 993 912 1025 est
932 998 1064 1035 pugna
1083 985 1124 1022 in
1144 986 1246 1034 gallo
1266 983 1484 1034 gallinacio.

288 1057 358 1095 sed
380 1056 620 1105 Megadorus
642 1067 753 1091 meus
772 1052 915 1091 adfinis
936 1064 1074 1089 eccum
1095 1050 1243 1089 incedit
1263 1063 1286 1088 a
1306 1051 1401 1088 foro.

232 1133 266 1163 15
288 1121 365 1159 iam
387 1122 493 1158 hunc
514 1132 596 1158 non
616 1118 742 1157 ausim
762 1116 970 1168 praeterire
991 1115 1086 1166 quin
1103 1115 1316 1154 consistam
1333 1122 1371 1154 et
1391 1115 1617 1165 conloquar,

240 1242 270 1266 V
617 1234 969 1269 MEGADORVS
1081 1230 1294 1266 EVCLIO

291 1317 374 1353 ΜΕ.
407 1313 574 1353 Narraui
594 1311 731 1351 amicis
751 1310 884 1349 multis
904 1309 1114 1349 consilium
1135 1323 1268 1348 meum
1638 1320 1704 1357 475

288 1382 338 1420 de
358 1379 595 1419 condicione
615 1379 700 1416 hac.
761 1375 963 1415 Euclionis
984 1374 1104 1413 filiam

288 1446 461 1484 laudant.
521 1443 717 1493 sapienter
737 1443 884 1479 facturn
905 1447 943 1479 et
963 1439 1129 1479 consilio
1150 1440 1269 1478 bono.

289 1524 381 1548 nam
402 1523 492 1548 meo
513 1508 674 1559 quidem
694 1506 829 1545 animo
850 1506 881 1544 si
901 1505 1008 1544 idem
1029 1504 1173 1544 faciant
1193 1502 1311 1543 ceteri

252 1590 268 1621 5
289 1574 567 1626 opulentiores,
590 1571 867 1623 pauperiorum
888 1570 986 1609 filias

290 1649 333 1680 ut
352 1640 550 1679 indotatas
572 1640 720 1677 ducant
740 1649 880 1675 uxores
901 1637 1078 1683 domum,
1639 1637 1709 1681 480

290 1714 328 1745 et
349 1707 474 1745 multo
494 1706 561 1743 fiat
581 1704 719 1742 ciuitas
740 1702 984 1748 concordior,

290 1779 328 1810 et
347 1770 499 1810 inuidia
518 1783 591 1808 nos
612 1768 763 1807 minore
783 1775 940 1806 utamur
960 1780 1079 1817 quam
1100 1765 1256 1813 utimur,

291 1844 330 1874 et
349 1835 437 1874 illae
458 1836 602 1873 malam
622 1847 704 1872 rem
726 1839 904 1871 metuant
924 1845 1044 1882 quam
1065 1838 1245 1870 metuont
1266 1829 1399 1880 magis,

234 1916 273 1937 10
292 1909 330 1939 et
349 1914 423 1939 nos
443 1900 595 1938 minore
616 1906 775 1949 sumptu
796 1897 917 1936 simus
938 1910 1058 1946 quam
1079 1909 1224 1934 sumus.

292 1966 332 2003 in
352 1978 578 2003 maxumam
598 1964 690 2002 illuc
710 1962 847 2013 populi
867 1969 1017 2012 partem
1038 1969 1097 1999 est
1117 1969 1326 2010 optumum
1340 1974 1350 2007 3
1640 1963 1707 2007 485

290 2031 331 2069 in
350 2029 555 2081 pauciores
576 2029 716 2067 auidos
736 2025 938 2066 altercatio
959 2033 1028 2073 est,

291 2109 459 2146 quorum
479 2094 621 2134 animis
641 2093 769 2132 auidis
789 2100 908 2142 atque
928 2090 1215 2130 insatietatibus

292 2174 422 2211 neque
442 2162 503 2199 lex
523 2173 653 2209 neque
673 2166 781 2196 sutor
801 2169 941 2207 capere
961 2164 1019 2195 est
1040 2156 1107 2206 qui
1128 2155 1251 2205 possit
1272 2155 1446 2193 modum.

336 2267 396 2305 461
424 2265 534 2304 coepit
554 2263 612 2294 del.
635 2263 730 2294 Goetz
811 2261 913 2292 habet
933 2259 1052 2291 Goetz:
1076 2259 1136 2291 del.
1157 2258 1294 2300 Seyffi'rt
1396 2260 1460 2297 462
1484 2258 1533 2289 vel
1547 2258 1624 2288 med

293 2311 358 2349 466
372 2309 422 2340 vel
435 2319 501 2339 anu
613 2317 673 2346 471
700 2305 950 2345 manupretium
969 2297 1014 2345 (ᾗ
1030 2302 1105 2343 Leo,
1126 2313 1207 2334 nam
1225 2302 1435 2333 manubrium
1452 2302 1508 2332 vix
1523 2300 1625 2331 Plau-

295 2355 404 2385 tinum
494 2353 556 2390 482
583 2361 643 2381 nos
666 2351 795 2380 minore
811 2347 968 2387 Pylades;
995 2348 1124 2378 minore
1143 2356 1206 2377 nos
1223 2346 1289 2377 cod.
1383 2347 1446 2384 483
1464 2345 1514 2376 vel
1527 2345 1624 2375 illaec

294 2399 358 2438 485
382 2396 455 2427 illec
472 2406 553 2426 corr.
571 2395 647 2425 illuc
664 2397 702 2424 ut
716 2393 778 2424 vid.
799 2391 863 2423 cod.
953 2391 1114 2430 optimam
1134 2390 1199 2421 cod.
1218 2401 1224 2420 z
1250 2400 1326 2420 corr.
1348 2388 1561 2420 Camerarius
