1742 2718
705 56 967 97 EPIDICVS
1420 51 1498 90 111.
1520 50 1566 87 iv
1583 60 1610 87 a

177 176 476 226 Stratippoclem
497 173 606 212 aiunt
628 170 860 220 Periphanei
883 168 1006 206 filium

176 250 380 292 apsentem
400 238 596 278 curauisse
617 227 663 275 ut
680 237 788 274 fieret
807 235 939 272 libera.

91 318 159 354 510
179 308 247 344 PE.
278 305 374 355 perii
394 305 524 343 hercle
544 302 575 341 si
596 302 716 340 istaec
736 313 829 339 uera
849 306 940 337 sunt
958 313 967 345 3
997 295 1237 348 planissume

178 384 310 409 meum
331 367 570 408 exe'nterauit
592 365 782 417 Epidicus
804 362 1084 414 marsuppium.

178 438 237 474 F1.
268 437 364 474 haec
385 434 440 472 sie
459 425 604 472 audiui.
655 429 850 480 numquid
871 442 935 467 me
954 427 1014 466 uis
1035 427 1237 465 ceterum?

178 503 247 539 PE.
279 501 383 538 malo
403 498 575 537 cruciatu
596 504 638 535 ut
658 509 795 547 pereas
814 502 933 544 atque
953 493 1071 531 abeas
1091 491 1181 529 cito.

179 567 237 604 F1.
268 566 367 604 fides
386 577 466 602 non
486 561 650 601 reddis?
707 563 776 598 PE.
807 572 938 608 neque
958 558 1056 596 fides
1076 569 1205 605 neque
1225 553 1352 593 tibias.

92 646 156 683 515
178 643 343 681 propera
362 628 413 667 sis
434 630 566 678 fugere
587 626 681 664 hine
701 625 732 663 si
753 632 792 663 te
814 625 854 662 di
877 629 1024 661 amant.
1083 623 1142 659 F1.
1173 619 1318 658 abiero.

178 695 324 744 flagitio
345 708 434 732 cum
456 693 602 731 maiore
622 699 712 742 post
732 690 874 728 reddes
895 696 1098 726 tamen.—

180 762 247 797 PE.
279 759 374 810 quid
395 772 500 797 nunc
517 760 533 796 ?
562 757 629 807 qui
650 756 691 794 in
711 754 829 794 tantis
849 753 1000 804 positus
1022 765 1109 790 sum
1131 747 1335 789 sententiis

178 837 318 863 eamne
337 837 410 873 ego
430 823 556 861 sinam
576 820 754 872 inpune?
782 819 906 857 immo
926 817 1044 857 etiam
1065 815 1096 854 si
1116 817 1280 853 alterum

178 896 330 928 tantum
351 889 649 938 perdundumst,
672 886 836 936 perdam
856 882 987 934 potius
1008 894 1126 932 quam
1148 879 1274 917 sinam

93 970 161 1006 520
180 969 243 993 me
263 955 410 1005 inpune
430 953 591 992 inrisum
613 965 710 999 esse,
732 949 912 989 habiturn
933 945 1194 998 depeculatui.

179 1020 213 1058 ei
232 1023 238 1058 !
268 1019 346 1058 seic
366 1020 458 1058 data
477 1032 562 1057 esse
583 1017 705 1056 uerba
723 1014 919 1067 praesenti
938 1014 1068 1063 palam
1088 1014 1095 1049 !

178 1098 224 1123 ac
244 1097 308 1122 me
328 1083 488 1122 minoris
508 1084 610 1121 facio
630 1075 722 1132 pr'ae
742 1080 819 1126 illo,
843 1078 911 1129 qui
931 1076 1109 1116 omnium

179 1152 308 1199 legum
327 1158 446 1199 atque
467 1148 595 1187 iurum
614 1148 737 1193 fictor,
760 1144 966 1184 condictor
985 1143 1089 1180 cluet
1106 1155 1117 1189 3

180 1217 211 1254 is
231 1216 349 1254 etiam
369 1228 454 1254 sese
474 1226 610 1264 sapere
630 1218 846 1251 memorat:
876 1210 1061 1248 malleum

94 1291 158 1328 525
179 1280 455 1331 sapientiorem
476 1278 559 1318 uidi
580 1291 745 1317 excusso
766 1274 987 1314 manubrio.

660 1434 899 1484 ACTVS
953 1432 1025 1480 IV

465 1540 744 1576 PHILIPPA
857 1535 1228 1572 PER1PHANEs

180 1617 255 1654 PH.
287 1615 327 1654 Si
347 1614 443 1665 quid
463 1621 521 1652 est
542 1612 694 1652 h6mini
724 1610 967 1650 miseriarum
998 1608 1108 1659 quod
1137 1607 1372 1651 miserescat,
1396 1604 1513 1643 miser

1262 1685 1309 1710 ex
1328 1670 1510 1710 animost.

271 1745 312 1785 id
325 1758 398 1795 ego
411 1743 600 1795 experior,
607 1742 703 1793 quoi
717 1743 841 1780 multa
853 1741 893 1779 in
908 1752 1032 1779 unum
1046 1739 1179 1777 locum
1193 1737 1398 1776 confluont
1410 1748 1512 1786 quae

608 1821 742 1847 meum
763 1808 891 1858 pectu'
912 1806 1069 1856 pulsant

224 1917 288 1956 508
311 1916 404 1946 aiunt
420 1925 485 1946 om.
504 1913 538 1944 P
634 1923 699 1952 509
722 1911 843 1952 libera]
865 1910 933 1941 filia
949 1910 981 1940 A
1003 1910 1048 1950 (v.
1068 1909 1103 1947 4)
1203 1917 1268 1945 510
1291 1906 1339 1936 vel
1352 1904 1514 1945 distingue

175 1963 253 2001 post
267 1959 355 1999 plan.
475 1967 536 1997 511
562 1957 714 1997 epidicus
729 1955 959 1994 marsuppium
979 1951 1167 1995 [epidicus]
1185 1950 1219 1980 A
1336 1959 1399 1988 512
1424 1959 1512 1979 nunc

184 2002 245 2044 [si]
267 2003 348 2042 quid
369 2001 422 2033 uis
442 2012 495 2033 me
517 2006 666 2032 ceterum
690 1999 722 2030 A
746 1998 913 2040 (‘conflat.
933 2008 972 2028 ex
990 1995 1152 2035 numquid
1172 1999 1203 2025 et
1219 1992 1346 2033 siquid’
1363 1992 1512 2032 Seyffirt)

182 2056 245 2085 513
270 2045 340 2088 [ut]
357 2046 505 2076 cruciatu
522 2050 558 2075 ut
573 2044 606 2074 A
721 2052 784 2082 515
808 2053 840 2082 p.
859 2041 906 2072 sis
923 2040 1025 2080 igitur
1036 2039 1069 2069 A
1090 2040 1118 2079 (2
1130 2037 1258 2077 conflat.
1277 2047 1316 2067 ex
1331 2047 1362 2076 p.
1375 2037 1421 2067 sis
1438 2040 1467 2066 et
1481 2047 1512 2075 p.

182 2090 242 2129 ig.)
258 2101 266 2121 :
299 2100 330 2129 p.
351 2089 393 2128 ig.
412 2088 446 2119 P
531 2093 565 2119 te
588 2088 619 2118 si
634 2087 667 2118 A
828 2095 890 2125 517
915 2083 983 2123 Qui
1000 2093 1089 2113 nunc
1105 2082 1187 2121 quin
1200 2081 1300 2112 tantis
1312 2080 1441 2120 positus
1454 2079 1513 2118 siis

182 2133 415 2164 sententeisA
462 2132 568 2163 simE
653 2131 783 2170 518-20
806 2128 916 2160 om.A
933 2124 1350 2168 (p1¹opterhomoeoarch.3)
1448 2132 1515 2161 520

183 2177 397 2216 depeculatui
410 2175 602 2206 Buechelerz
626 2173 865 2213 depeculatum
897 2171 961 2202 cod.
1096 2179 1157 2208 521
1184 2169 1215 2199 ei
1233 2169 1303 2200 seic
1316 2168 1350 2198 A
1366 2178 1373 2197 τ
1399 2167 1448 2197 eis
1465 2166 1513 2197 sic

182 2219 235 2251 P:
272 2220 338 2250 mei
369 2220 444 2261 (mi)
475 2221 524 2250 sic
554 2218 726 2249 Buecheler
877 2225 939 2254 522
963 2218 1064 2253 atque
1087 2212 1174 2244 codd.
1277 2222 1333 2242 me
1357 2209 1511 2250 minoris]

184 2263 379 2295 memineris
394 2263 427 2294 P
511 2262 595 2293 facio
611 2262 658 2292 bis
673 2261 706 2290 A
828 2269 892 2298 523
915 2257 1071 2288 conditor
1086 2255 1120 2286 P
1135 2257 1185 2296 (cf.
1208 2256 1298 2286 Curc.
1317 2265 1337 2294 5
1357 2254 1512 2285 conditus

178 2313 242 2348 pro
256 2307 444 2347 condictus)
577 2314 642 2344 525
666 2303 735 2334 uidi
752 2312 896 2334 excusso
912 2312 978 2331 om.
990 2300 1030 2339 P,
1049 2300 1153 2339 spatio
1170 2300 1270 2330 relicto
1288 2299 1336 2338 (in
1354 2298 1510 2337 archegypz

184 2351 238 2381 ΡΑ
246 2351 374 2392 pagina
380 2350 526 2388 fenestra
541 2352 610 2380 erat
618 2359 631 2386 ,·
647 2347 684 2387 cf]
703 2357 732 2378 v.
752 2347 830 2387 539)
963 2345 1093 2384 526-40
1115 2343 1150 2373 in
1166 2343 1199 2373 A
1213 2348 1321 2383 pauca
1338 2342 1490 2382 leguntur

1528 233 1567 264 35

1525 571 1568 602 40

1525 891 1568 924 45

1531 1213 1577 1246 50

1532 1524 1603 1563 IV.
1623 1521 1640 1561 i
