1814 2723
200 85 229 121 I.
251 84 280 120 ii
675 87 721 123 T.
756 85 936 125 MACCI
968 86 1172 123 PLAVTI

190 208 231 240 45
254 194 308 233 ml
329 208 459 234 moror
479 196 693 248 discipulos
715 197 768 235 mi
789 198 861 236 ess'
881 196 959 235 iarn
980 199 1118 248 plenos
1140 197 1362 249 sanguinis:

254 262 389 300 ualens
409 261 583 300 adflictat
604 276 667 301 me
688 262 871 301 uaciuom
892 262 1045 301 uirium.

254 328 314 364 P1.
346 328 448 374 fiam,
471 334 513 365 ut
534 340 606 377 ego
627 327 778 378 opinor,
803 330 1008 376 Hercules,
1031 336 1073 367 tu
1093 336 1225 368 autem
1246 328 1380 368 Linus.

255 393 325 429 Lv.
358 394 423 442 pol
445 400 578 430 metuo
600 392 712 443 magi'
734 406 784 431 ne
806 393 983 431 Phoenix
1003 393 1078 432 tuis
1099 394 1210 433 factis
1231 395 1337 433 fuam

255 464 371 507 teque
391 459 442 496 ad
463 465 614 508 patrem
636 471 721 496 esse
742 466 940 497 mortuom
962 459 1194 498 renuntiem.

195 537 234 569 50
254 524 312 560 ΡΙ.
346 522 437 560 satis
459 522 755 561 historiarumst.
816 525 885 561 Lv.
917 523 981 562 hic
1003 523 1127 562 uereri
1148 524 1328 574 perdidit.

253 587 535 638 compendium
557 589 700 638 edepol
721 589 827 627 haud
847 588 964 627 aetati
986 589 1159 639 optabile

252 652 377 691 fecisti
399 667 520 703 quom
541 653 667 692 istanc
687 655 836 692 nactu’s
857 653 1140 704 inpudentiam.

253 717 406 756 occisus
427 717 491 756 hic
512 719 633 756 homo
654 726 722 756 est.
783 719 926 769 ecquid
946 719 986 757 in
1008 727 1182 758 mentem
1203 728 1261 759 est
1281 720 1351 759 tibi

253 791 403 834 patrem
425 783 495 821 tibi
515 786 629 822 esse?
686 786 744 823 P1.
778 784 848 823 tibi
869 798 941 835 ego
961 799 1011 823 an
1033 793 1074 824 tu
1096 785 1192 824 mihi
1213 800 1346 825 seruos
1367 788 1438 825 es?

195 862 233 894 55
256 853 324 888 LY.
356 850 466 900 peior
486 850 668 900 magister
688 858 726 889 te
747 850 866 889 istaec
887 851 1033 898 docuit,
1056 865 1137 890 non
1158 865 1241 902 ego.

254 916 377 954 nimio
398 930 438 954 es
460 924 501 954 tu
521 917 572 954 ad
592 915 685 955 istas
706 930 766 955 res
787 916 1003 967 discipulus
1025 917 1190 956 docilior

254 995 373 1031 quam
394 981 445 1019 ad
466 980 531 1019 illa
550 995 651 1031 quae
672 989 709 1020 te
730 981 859 1029 docui,
883 981 950 1020 ubi
971 995 1131 1032 operam
1152 982 1315 1032 perdidi.

256 1047 398 1097 edepol
418 1046 544 1085 fecisti
564 1048 709 1085 furtum
730 1046 770 1084 in
791 1054 959 1085 aetatem
981 1049 1128 1085 malum

256 1125 378 1162 quom
399 1111 518 1150 istaec
540 1111 685 1163 flagitia
705 1126 768 1151 me
789 1111 965 1151 celauisti
985 1120 1024 1151 et
1044 1120 1204 1163 patrem.

194 1181 236 1213 60
257 1179 315 1215 P1.
347 1177 550 1216 istactenu'
572 1177 653 1225 tibi,
677 1179 798 1227 Lyde,
822 1177 979 1216 libertas
1000 1178 1128 1216 datast

257 1241 454 1283 orationis.
486 1241 578 1281 satis
599 1249 668 1282 est.
701 1255 864 1293 sequere
884 1243 958 1282 hac
979 1256 1043 1282 me
1063 1257 1109 1282 ac
1128 1250 1282 1283 tace.—

755 1480 989 1529 ACTVS
1043 1483 1092 1529 II

145 1598 237 1636 II.i
612 1605 619 1610 '
756 1598 1090 1638 CHRYSALvs

259 1697 336 1736 CH.
370 1695 484 1735 Erilis
505 1695 640 1746 patria,
663 1697 781 1745 salue,
805 1710 924 1747 quam
945 1710 1018 1747 ego
1038 1698 1211 1746 biennio,

257 1769 467 1812 postquam
489 1761 581 1800 hinc
601 1762 642 1800 in
664 1763 867 1812 Ephesum
887 1762 1005 1810 abiui,
1028 1763 1232 1814 conspicio
1251 1764 1401 1805 lubens.

259 1829 385 1866 saluto
406 1834 454 1874 te,
478 1826 608 1865 uicine
628 1828 786 1877 Apollo,
810 1827 877 1877 qui
897 1827 1062 1867 aedibus

258 1893 503 1945 propinquos
524 1892 665 1931 nostris
685 1892 841 1941 accolis,
864 1907 1092 1945 ueneroque
1112 1903 1150 1935 te

259 1973 310 1998 ne
331 1958 574 1997 Nicobulum
596 1971 659 1996 me
680 1957 783 1997 sinas
804 1966 982 1998 nostrum
1004 1975 1139 2000 senem

259 2024 356 2075 priu'
377 2023 590 2062 conuenire
611 2037 730 2074 quam
752 2026 929 2064 sodalem
950 2027 1117 2067 uiderim

261 2089 501 2128 Mnesilochi
522 2089 794 2139 Pistoclerum,
814 2092 933 2142 quem
953 2095 1003 2133 ad
1025 2094 1231 2144 epistulam

262 2154 534 2194 Mnesilochus
556 2156 659 2195 misit
680 2171 796 2208 super
815 2159 942 2197 amica
962 2159 1171 2198 Bacchide.

221 1974 238 2006 (11

276 2252 285 2261 Χ
310 2269 370 2298 153
394 2260 457 2291 iam
476 2261 532 2292 del.
555 2261 688 2303 Ritsclzl,
709 2263 761 2293 cui
775 2262 840 2294 ess'
851 2263 991 2304 displicet
1125 2272 1184 2301 155
1209 2267 1281 2294 utet
1299 2263 1376 2302 (pro
1393 2263 1500 2296 utem
1517 2263 1592 2294 PCD

263 2303 319 2334 vix
334 2304 380 2334 titi
397 2308 462 2343 ego
478 2305 581 2344 opino
687 2308 746 2337 162
770 2312 828 2338 aut
845 2312 879 2337 tu
897 2307 929 2337 Β
1008 2299 1095 2345 ’164
1120 2306 1274 2338 dociliter
1293 2306 1463 2338 Charisius
1479 2309 1552 2343 208,
1573 2317 1591 2346 7

267 2348 342 2386 166,
370 2350 429 2387 167
457 2352 532 2390 post
561 2350 632 2387 168,
665 2351 727 2389 169
752 2351 786 2380 in
815 2350 894 2387 cod.,
920 2350 979 2381 sed
1001 2350 1035 2381 in
1067 2361 1174 2390 marg.
1201 2350 1360 2392 archetypi
1380 2362 1451 2382 vero
1482 2351 1594 2382 ordine

263 2391 396 2433 ascripti
407 2396 487 2423 sunt
503 2392 549 2434 (ii.
564 2395 600 2435 6)
693 2396 754 2434 169
774 2394 836 2424 hac
854 2404 907 2424 me
917 2394 1036 2425 Bothe:
1061 2404 1113 2424 me
1132 2395 1194 2425 hac
1211 2394 1274 2426 cod.
1368 2404 1425 2433 171
1445 2395 1510 2425 abii
1526 2394 1592 2426 cod.

1608 339 1670 378 Ι55

1610 662 1674 695 160

1609 984 1671 1028 165

1611 1714 1678 1751 170

1613 2042 1676 2080 175
