1742 2718
108 166 170 210 165

107 624 172 659 170

107 1013 168 1050 175

45 1394 172 1438 179-80

676 46 1032 85 MENAECHMI
1490 46 1518 82 I.
1540 43 1570 80 ii

192 158 298 210 (PE.)
438 172 456 193 *
623 164 781 207 captum
803 156 851 195 sit
871 156 1091 207 collegium.
1543 168 1582 199 55

194 226 306 262 ΜΕΝ.
340 224 508 274 agedum
529 223 694 261 odorare
711 223 812 260 hanc
834 235 952 271 quam
974 235 1047 271 ego
1068 221 1197 260 habeo
1218 221 1373 270 pallam.
1425 218 1522 269 quid

1183 286 1291 323 olet?
1319 283 1522 333 apstines?

191 356 258 392 PE.
292 366 490 392 summum
511 353 720 390 olefactare
740 358 895 401 oportet
916 350 1197 390 uestimentum
1220 349 1420 395 muliebre,

191 431 281 455 nam
303 431 349 456 ex
369 417 468 455 istoc
489 418 578 455 loco
599 424 802 466 spurcatur
822 429 962 454 nasum
983 416 1105 454 odore
1125 414 1278 453 inlutili.

191 484 304 520 MEN.
347 483 489 520 olfacta
527 480 642 530 igitur
681 480 783 527 hinc,
821 480 1020 519 Penicule.
1096 479 1227 530 lepide
1266 486 1307 517 ut
1346 477 1520 516 fastidis!

1292 545 1360 581 PE.
1393 544 1518 581 decet.

191 612 234 649 M
239 622 304 648 EN.
347 610 442 660 quid
488 609 635 660 igitur?
682 609 777 659 quid
812 610 920 647 olet?
967 610 1172 659 responde.
1251 610 1319 646 PE.
1361 609 1517 654 furtum,
1540 610 1581 642 60

1089 683 1273 722 scortum,
1297 675 1519 725 prandium.

189 742 261 781 tibi
280 744 390 781 fuant
596 756 627 793 fe<
850 756 867 775 ss
1126 755 1143 773 a:

190 809 306 845 MEN.
338 809 539 854 elocutu's‚
563 812 654 845 nam
803 820 820 840 ›¹‹
954 819 971 839 *
1122 820 1140 840 ss
1262 803 1522 857 (prandium.)

189 886 295 911 nunc
315 874 366 910 ad
386 872 554 911 amicam
576 873 771 911 deferetur
790 872 894 909 hanc
915 870 1159 909 meretricem
1181 870 1372 908 Erotium.

190 937 299 985 mihi,
316 937 387 976 tibi
407 941 526 987 atque
547 937 601 975 illi
622 936 770 976 iubebo
790 935 868 974 iam
888 935 1066 986 apparari
1087 935 1308 986 prandium.
1351 937 1420 973 PE.
1445 948 1493 973 eu
1514 938 1520 973 1

191 1004 306 1041 ΜΕΝ.
339 1002 433 1041 inde
453 1016 579 1053 usque
599 1004 650 1041 ad
671 1002 853 1041 diurnam
875 1002 1027 1040 stellam
1052 1000 1261 1039 crastinam
1281 999 1518 1051 potabimus.
1541 1000 1582 1043 65

191 1070 259 1106 PE.
293 1066 359 1121 [eu
378 1066 402 1121 l]

189 1133 371 1183 expedite
391 1133 609 1171 fabulatu's.
668 1132 746 1171 iam
767 1134 869 1171 fores
889 1131 1016 1170 ferio?
1073 1133 1188 1170 MEN.
1220 1131 1301 1170 feri.

190 1200 253 1237 uel
271 1212 386 1237 mane
402 1198 532 1237 etiam.
584 1200 652 1236 PE.
686 1198 791 1236 mille
807 1211 966 1248 passum
983 1198 1260 1236 commoratu's
1277 1198 1519 1235 cantharum.

192 1265 306 1302 MEN.
339 1263 492 1314 placide
524 1265 643 1314 pulta.
704 1265 771 1301 PE.
805 1262 959 1310 metuis,
990 1263 1120 1309 credo,
1153 1276 1203 1301 ne
1234 1263 1336 1300 fores
1368 1261 1522 1300 Samiae

1408 1334 1520 1365 S1ent.

191 1394 308 1432 MEN.
342 1407 468 1440 mane,
493 1406 609 1432 mane
631 1406 796 1443 opsecro
823 1394 954 1431 hercle
971 1408 977 1431 :
1007 1405 1125 1442 eapse
1152 1405 1286 1430 eccam
1308 1391 1395 1430 exit.
1446 1392 1498 1429 oh
1516 1394 1522 1429 ἕ

1265 1459 1389 1496 solem
1410 1456 1522 1496 uides

189 1523 289 1561 satin
311 1531 352 1562 ut
373 1530 623 1562 occaecatust
643 1536 736 1573 prae
756 1523 872 1562 huius
894 1523 1067 1574 corporis
1088 1522 1357 1562 candoribus?
1544 1531 1585 1564 70

226 1635 488 1672 EROTIVM
600 1634 922 1670 PEN1CVLvs
1034 1632 1484 1670 MENAECHMvsI
1540 1634 1586 1670 iii

190 1717 264 1754 ER.
296 1715 441 1754 Anime
471 1714 535 1763 mi,
568 1716 843 1761 Menaechme,
876 1716 995 1753 salue.
1055 1716 1123 1752 PE.
1156 1713 1253 1763 quid
1282 1714 1387 1763 ego?
1444 1714 1519 1751 ER.

995 1786 1102 1818 extra
1121 1792 1330 1817 numerum
1351 1791 1392 1816 es
1413 1777 1519 1816 mihi.

192 1849 260 1885 PE.
291 1846 398 1885 idem
418 1845 519 1885 istuc
538 1845 624 1884 aliis
643 1845 892 1896 adscriptiuis
913 1844 995 1884 fieri
1015 1846 1067 1883 ad
1087 1844 1282 1894 legionem
1304 1845 1412 1882 solet.

237 1951 295 1990 167
321 1961 374 1990 op.
389 1949 550 1981 olfactare
568 1949 676 1991 (olf—
687 1948 728 1989 P,
746 1949 780 1979 A
799 1961 830 1981 n.
850 1950 890 1988 l.)
912 1950 1051 1989 Guietus,
1071 1948 1130 1980 sed
1148 1948 1187 1979 de
1203 1947 1313 1978 oles—
1328 1947 1366 1986 cs:
1384 1946 1521 1977 Skutsch

192 1993 323 2030 (Philol.
335 2003 387 2033 59,
402 1994 482 2034 504)
584 1993 645 2023 168
662 1993 792 2024 modori
803 1992 845 2032 P,
856 1993 889 2023 A
903 2004 935 2025 n.
952 1993 971 2024 l.
986 1993 1081 2034 (corr.
1095 1992 1154 2032 ΒΞ)
1245 1990 1365 2021 inlutili
1375 1989 1502 2021 Ritsclzl
1513 2002 1520 2020 :

190 2037 345 2068 inlutibili
361 2037 452 2068 codd.
469 2036 575 2068 Nom'i
586 2047 651 2077 394
666 2048 673 2067 :
698 2036 845 2067 inlucido
861 2037 901 2077 P,
917 2037 950 2066 A
971 2048 1001 2068 n.
1022 2037 1042 2068 l.
1060 2049 1067 2068 :
1092 2036 1225 2067 mucido
1241 2034 1371 2065 Colvz'us
1461 2035 1522 2072 169

189 2081 313 2112 difacta
325 2080 416 2120 P<D
425 2086 487 2122 pro
501 2081 551 2118 O;
575 2082 618 2112 vi.
637 2080 669 2120 1)
685 2091 691 2110 :
717 2080 767 2111 vel
780 2079 926 2111 olefacta
1037 2089 1107 2120 171,
1125 2090 1186 2120 172
1203 2090 1267 2110 om.
1282 2078 1331 2108 P:
1357 2078 1391 2108 in
1406 2077 1440 2107 A
1458 2088 1521 2107 ser-

188 2129 266 2155 vata
278 2125 411 2165 vestzjgia
490 2135 550 2163 172
572 2123 751 2164 prandium
767 2123 886 2154 addidi
901 2124 960 2163 (iii.
984 2124 1037 2164 11)
1128 2134 1189 2163 174
1209 2133 1251 2154 eu
1265 2133 1331 2153 om.
1346 2120 1380 2152 P
1461 2130 1520 2159 175

189 2168 346 2199 diurnum
357 2168 391 2198 P
461 2172 640 2208 potaumus
657 2167 873 2208 (poterimus)
890 2168 923 2197 A
987 2178 1029 2198 eu
1045 2178 1110 2199 om.
1126 2167 1162 2198 P
1174 2168 1228 2207 (cf
1244 2177 1274 2198 v.
1292 2166 1369 2205 174)
1461 2165 1521 2203 176

189 2211 274 2242 serio
290 2212 379 2251 fores
398 2211 428 2241 A
450 2216 457 2243 s
463 2214 574 2242 contra
592 2210 750 2251 metrum)
875 2221 1001 2250 177—92
1023 2217 1129 2252 pauca
1145 2214 1276 2242 tantum
1293 2210 1327 2240 in
1339 2208 1518 2249 posteriori-

189 2255 248 2285 bus
263 2265 418 2286 versuum
428 2254 578 2296 partibus
593 2253 626 2284 A
766 2255 825 2292 178
848 2254 960 2285 scient
975 2253 1010 2284 P
1023 2255 1074 2296 (cs.
1096 2255 1172 2295 188)
1301 2263 1372 2292 179,
1395 2253 1457 2282 180
1479 2251 1520 2281 ab

189 2309 228 2329 se
244 2309 324 2330 ecca
335 2297 376 2337 P,
394 2298 428 2327 A
448 2310 480 2329 n.
497 2297 518 2329 Ι.
611 2296 689 2327 uide
706 2296 879 2328 Acz'dalz‘us
967 2301 1042 2328 ante
1056 2298 1143 2328 hunc
1156 2308 1286 2329 versum
1298 2296 1385 2327 alius
1394 2294 1520 2325 Loewio

189 2342 223 2372 in
242 2342 272 2372 A
291 2346 397 2372 extare
412 2341 503 2372 visus
518 2345 563 2372 est
578 2341 619 2371 ab
632 2340 647 2370 s
658 2358 700 2365 -
716 2340 870 2381 incipt'ens
1003 2342 1064 2381 183
1088 2342 1130 2373 ad
1147 2342 1315 2381 legionem
1334 2340 1408 2370 fieri
1423 2338 1457 2368 P
