1742 2718
662 59 1019 99 MENAECHMI
1430 56 1507 95 ΙΙΙ.
1526 56 1557 93 11

180 173 304 213 leuior
324 186 442 223 quam
463 173 607 223 pluma,
630 183 813 222 pessume
834 176 872 207 et
892 167 1157 218 nequissume‚

181 238 369 287 flagitium
390 236 572 283 hominis,
595 236 764 274 subdole
784 248 829 273 ac
850 233 1003 272 minimi
1023 232 1151 283 preti?

94 321 164 356 490
182 303 277 353 quid
299 304 348 341 de
369 310 406 341 te
427 301 550 341 merui
571 314 648 351 qua
669 314 732 338 me
753 313 890 338 caussa
910 298 1121 349 perderes?

182 375 224 406 ut
245 367 473 417 surrupuisti
494 374 531 404 te
552 365 648 404 mihi
668 366 822 404 dudum
843 366 893 403 de
914 365 1022 402 foro!
1532 373 1572 406 25

182 432 306 471 fecisti
327 434 443 471 funus
465 433 555 470 med
575 430 729 481 apsenti
749 430 928 480 prandio.

183 510 255 546 qur
275 499 402 535 ausu’s
423 498 559 543 facere,
583 494 690 545 quoii
711 508 784 544 ego
803 507 929 543 aeque
949 494 1061 532 heres
1083 493 1218 531 eram?

186 564 301 600 ΜΕΝ.
333 562 580 607 adulescens,
600 572 763 609 quaeso,
782 559 878 608 quid
900 558 970 596 tibi
992 570 1148 595 mecum
1169 564 1228 595 est
1248 555 1302 595 rei

98 642 164 678 495
186 626 252 676 qui
274 626 369 664 mihi
391 627 490 664 male
511 625 618 663 dicas
640 623 793 663 homini
813 623 948 673 ignoto
975 621 979 674 Ι
1006 622 1205 660 insciens?

184 705 235 729 an
255 690 326 729 tibi
347 692 489 730 malam
510 703 590 728 rem
612 689 671 727 uis
692 702 762 739 pro
783 690 885 726 male
906 687 1020 726 dictis
1041 687 1153 726 dari?
1537 699 1579 732 30

185 758 254 794 PE.
286 763 374 806 post
395 768 481 794 eam
502 768 621 805 quam
643 753 785 804 edepol
805 761 843 791 te
863 752 1020 791 dedisse
1041 751 1237 801 intellego.

185 824 300 860 ΜΕΝ.
333 821 539 871 responde,
563 821 807 866 adulescens,
831 830 992 868 quaeso,
1013 816 1110 867 quid
1130 829 1278 855 nomen
1298 815 1435 854 tibist?

185 888 254 924 ΡΕ.
286 885 404 924 etiam
425 884 581 924 derides
603 883 715 935 quasi
735 896 883 922 nomen
903 895 985 920 non
1005 880 1218 932 gnoueris?

100 963 168 1001 500
186 953 301 990 MEN.
334 964 414 990 non
445 952 588 1001 edepol
618 963 692 1000 ego
721 957 760 988 te
787 949 896 999 quod
923 947 1044 986 sciam
1071 959 1262 997 umquam
1291 953 1381 984 ante
1411 946 1517 983 hunc

1411 1010 1517 1049 diem

186 1082 267 1121 uidi
288 1095 418 1132 neque
438 1081 558 1132 gnoui
574 1096 584 1129 ς
613 1093 751 1119 uerum
773 1086 891 1126 certo,
914 1076 1092 1128 quisquis
1113 1090 1165 1124 es,
1537 1090 1576 1123 35

191 1147 223 1185 si
242 1160 413 1197 aequom
433 1146 563 1194 facias,
585 1145 682 1183 mihi
703 1144 865 1183 odiosus
886 1157 936 1181 ne
956 1142 1042 1181 sies.

189 1214 258 1251 PE.
291 1213 566 1258 Menaechme,
585 1210 712 1260 uigila.
765 1211 880 1247 ΜΕΝ.
913 1207 1033 1257 uigilo
1054 1207 1184 1245 hercle
1205 1204 1390 1255 equidem
1411 1204 1520 1254 quod

1387 1268 1519 1307 sciam.

191 1345 259 1382 PE.
291 1356 372 1382 non
392 1356 457 1381 me
476 1341 652 1381 nouisti?
709 1342 824 1378 MEN.
856 1351 938 1376 non
959 1350 1100 1387 negem
1121 1336 1153 1374 si
1173 1335 1363 1374 nouerim.

107 1421 169 1459 505
191 1411 260 1448 PE.
291 1417 402 1448 tuom
422 1407 634 1459 parasitum
654 1419 736 1445 non
756 1403 931 1443 nouisti?
988 1405 1102 1440 MEN.
1134 1415 1216 1441 non
1235 1401 1306 1440 tibi

189 1489 329 1514 sanum
349 1482 418 1522 est,
440 1475 684 1519 adulescens,
707 1470 889 1521 sinciput,
911 1469 1105 1519 intellego.
1540 1479 1582 1511 40

189 1542 258 1578 PE.
290 1540 500 1590 responde,
519 1536 780 1588 surrupuistin
800 1534 910 1574 uxori
930 1541 1020 1572 tuae
1308 1521 1315 1525 ⁵

189 1607 333 1656 pallam
353 1605 478 1643 istanc
498 1603 618 1643 hodie
645 1602 650 1655 Ι
674 1615 721 1640 ac
741 1599 886 1640 dedisti
908 1598 1074 1638 Erotio?

191 1673 308 1709 ΜΕΝ.
338 1683 468 1721 neque
488 1670 620 1708 hercle
639 1681 712 1718 ego
733 1679 894 1706 uxorem
915 1665 1045 1703 habeo
1065 1676 1194 1713 neque
1215 1675 1288 1713 ego
1309 1662 1446 1702 Erotio

106 1748 174 1785 510
191 1736 285 1775 dedi
305 1749 378 1774 nec
398 1736 543 1786 pallam
563 1732 756 1783 surrupui.
813 1733 883 1769 PE.
915 1729 1017 1768 satin
1037 1741 1155 1767 sanus
1175 1729 1249 1767 es?

192 1802 359 1840 occisast
378 1802 476 1839 haec
496 1813 566 1839 res.
626 1812 709 1837 non
729 1810 802 1847 ego
822 1804 861 1835 te
880 1795 1065 1834 indutum
1086 1795 1188 1832 foras
1540 1805 1581 1838 45

192 1867 318 1906 exeire
339 1866 421 1905 uidi
442 1866 618 1917 pallam?
678 1865 793 1901 ΜΕΝ.
825 1875 899 1900 uae
920 1860 1039 1911 capiti
1060 1867 1129 1898 tuo
1149 1862 1156 1897 1

236 1982 299 2011 492
322 1982 396 2002 meo
413 1971 446 2001 P
587 1978 651 2009 493
675 1979 715 1999 ea
729 1977 817 2007 quae
833 1966 925 1996 heris
942 1965 1055 1995 heram
1072 1963 1112 2003 P,
1132 1962 1166 1992 A
1182 1973 1214 1994 n.
1231 1963 1249 1994 l.
1267 1974 1275 1993 z
1297 1973 1373 1994 corr.
1390 1961 1524 2003 Lipsius

193 2025 257 2055 495
281 2016 397 2055 ignoto
419 2014 519 2045 Ital:
560 2013 614 2044 hic
646 2016 726 2042 noto
751 2010 789 2045 P,
817 2010 850 2039 A
880 2020 913 2041 n.
939 2009 982 2039 I.:
1017 2008 1070 2038 hie
1106 2007 1226 2046 ignoto
1250 2006 1306 2047 3²,
1338 2007 1421 2047 sort.
1450 2009 1525 2037 recte

194 2069 256 2100 497
282 2059 375 2100 post]
396 2058 451 2098 pol
466 2057 498 2088 A
589 2065 689 2096 quam
715 2053 914 2085 Goldbacher
935 2052 1053 2091 (W‘en.
1072 2049 1170 2081 stud.
1191 2060 1240 2090 19,
1264 2050 1340 2090 117)
1358 2062 1365 2081 :
1388 2050 1523 2089 quidem

195 2103 229 2134 P
251 2105 329 2142 (seq.
358 2102 452 2141 ede-)
482 2100 530 2142 (A
560 2111 591 2131 n.
619 2100 655 2137 l.)
768 2098 833 2137 498
856 2096 914 2127 tibi
936 2099 1092 2126 nomenst
1114 2094 1146 2124 P
1167 2094 1220 2135 (cf.
1248 2094 1296 2125 ad
1317 2094 1414 2125 Merc.
1442 2093 1524 2133 330)

195 2156 302 2186 502—7
315 2145 517 2186 paum'ssima
533 2144 568 2174 in
591 2142 742 2174 extremis
763 2140 905 2172 versibus
926 2139 1084 2179 leguntur
1103 2137 1135 2167 A
1291 2147 1357 2177 502
1380 2147 1525 2176 aequom

196 2191 225 2221 si
247 2189 469 2225 Camerarius,
487 2188 541 2219 cui
559 2187 670 2218 bratus
690 2185 717 2215 si
738 2185 742 2220 1
763 2193 905 2223 aequom
922 2182 1061 2222 displicet
1234 2191 1298 2221 503
1317 2185 1393 2222 post
1408 2191 1472 2221 504
1495 2179 1530 2210 P

196 2234 261 2272 506
284 2232 363 2275 (ut)
380 2232 541 2271 intellego
560 2229 780 2263 Camerarius,
809 2237 891 2257 nam
915 2226 1064 2264 sincipt'it
1087 2228 1272 2265 suspectum
1396 2226 1526 2263 508—10

196 2276 281 2308 m'hil
293 2279 426 2317 apparet
438 2275 472 2305 A
578 2274 643 2313 508
663 2273 720 2303 vix
735 2271 838 2302 hodie
905 2268 1054 2299 detulisti
1079 2267 1219 2298 Mueller
1325 2277 1388 2308 510
1411 2269 1524 2298 taliam

195 2320 262 2352 cod.
281 2320 373 2361 (corr.
387 2317 450 2359 B2)
497 2318 588 2349 satin
606 2326 708 2349 sanus
725 2325 763 2346 es
776 2313 989 2345 Menaechmo
1003 2312 1170 2343 continuat
1186 2311 1331 2342 Thomas
1419 2321 1523 2351 511-7

190 2369 299 2405 pauca
313 2364 465 2405 leguntur
477 2362 510 2391 A
