1742 2718
745 43 1068 85 BACCHIDES

247 163 322 201 CH.
354 161 418 199 ille
439 167 496 198 est
517 166 698 197 oneratus
719 164 823 196 recte
843 164 881 195 et
901 157 988 206 plus
1009 154 1111 192 iusto
1131 152 1249 191 uehit.

161 237 228 273 350
246 240 381 265 exorsa
401 227 498 264 haec
519 226 594 263 tela
615 237 695 262 non
718 224 818 260 male
839 220 1002 259 omnino
1023 218 1119 257 mihi
1140 225 1198 257 est
1217 233 1224 255 :

246 299 289 329 ut
307 299 506 329 amantem
526 288 660 328 erilem
681 301 822 338 copem
842 288 1010 325 facerem
1034 283 1164 329 filium,

248 356 300 394 ita
320 356 394 394 feci
414 364 456 393 ut
476 354 558 393 auri
579 361 771 404 quantum
791 353 910 390 uellet
931 357 1111 397 sumeret,

249 429 439 471 quantum
459 428 591 458 autem
612 419 744 457 lubeat
764 418 927 455 reddere
948 424 990 453 ut
1010 416 1147 453 reddat
1167 411 1276 464 patri.

250 499 368 524 senex
388 485 428 523 in
450 486 652 535 Ephesum
672 481 800 534 (hinc)
819 481 889 519 ibit
910 493 1047 518 aurum
1068 491 1274 523 arcessere,

165 563 228 599 355
250 551 313 589 hic
334 558 465 589 nostra
484 557 618 600 agetur
637 556 744 586 aetas
764 547 804 584 in
826 547 1019 584 malacum
1042 545 1216 589 modum,

250 615 445 666 siquidem
465 615 529 653 hic
549 613 742 663 relinquet
762 625 892 662 neque
913 623 1046 649 secum
1068 609 1238 647 abducet
1258 619 1377 644 senex

251 683 343 720 med
363 688 401 719 et
423 680 727 719 Mnesilochum.
787 690 884 727 quas
905 689 978 726 ego
998 674 1062 713 hic
1083 673 1214 712 turbas
1235 671 1340 710 dabo
1359 673 1366 707 Ι

252 749 322 785 sed
342 746 437 796 quid
458 747 680 791 futurumst,
703 756 825 794 quom
847 744 923 780 hoc
945 754 1063 779 senex
1085 736 1294 782 resciuerit,

253 825 374 862 quom
396 824 436 849 se
457 810 719 849 excucurrisse
739 808 831 846 illuc
851 809 990 845 frustra
1010 803 1165 843 sciuerit

168 879 237 923 360
253 889 406 926 nosque
425 889 562 914 aurum
582 875 756 913 abusos?
786 872 882 922 quid
903 870 999 908 mihi
1019 871 1085 907 fiet
1105 868 1269 918 postea?

253 943 373 980 credo
392 942 522 979 hercle
542 939 759 978 adueniens
779 950 927 976 nomen
949 933 1116 973 mutabit
1137 931 1233 970 mihi

255 1007 448 1056 facietque
469 1007 666 1055 extemplo
687 1003 934 1043 Crucisalum
956 1014 1019 1039 me
1035 1013 1082 1038 ex
1103 998 1302 1048 Chrysalo.

255 1074 442 1122 aufugero
461 1072 603 1119 hercle,
626 1069 657 1108 si
678 1068 800 1119 magis
821 1081 914 1106 usus
935 1065 1096 1105 uenerit.

257 1138 289 1176 si
308 1151 374 1176 ero
395 1137 665 1187 reprehensus,
688 1141 820 1172 macto
840 1146 913 1182 ego
933 1131 1044 1170 illurn
1064 1127 1303 1168 infortunio:

171 1206 236 1250 365
257 1202 289 1242 si
309 1203 363 1241 illi
383 1209 473 1241 sunt
494 1201 624 1252 uirgae
644 1199 732 1247 ruri,
754 1207 793 1237 at
813 1197 911 1236 mihi
931 1204 1083 1246 tergum
1103 1192 1260 1233 domist.

257 1282 363 1306 nunc
383 1268 461 1314 ibo,
484 1266 566 1305 erili
586 1265 667 1304 filio
686 1266 790 1303 hanc
810 1262 999 1302 fabricam
1020 1261 1126 1299 dabo

258 1347 374 1383 super
392 1345 488 1371 auro
507 1330 714 1381 amicaque
734 1329 818 1368 eius
838 1328 1002 1366 inuenta
1023 1323 1289 1364 Bacchide.—

741 1475 977 1525 ACTVS
1031 1474 1109 1521 III

837 1573 1020 1610 LYDvs

1515 39 1569 75 ΙΙ.
1590 37 1636 74 iii

1598 161 1657 191 115

1602 483 1664 506 120

1608 810 1668 841 125

1612 1133 1675 1165 130

1619 1558 1696 1596 III.
1718 1556 1732 1593 i

262 1662 331 1699 Lv.
365 1658 533 1697 Pandite
561 1664 680 1706 atque
708 1653 856 1706 aperite
885 1664 1049 1703 propere
1079 1650 1237 1688 ianuam
1267 1649 1369 1686 hanc
1399 1644 1503 1693 Orci,
1532 1657 1599 1694 op-

1474 1723 1594 1748 secro.

263 1804 354 1828 nam
370 1788 555 1839 equidem
570 1787 678 1825 haud
693 1785 803 1824 aliter
816 1796 902 1822 esse
917 1784 1032 1828 duco,
1048 1780 1195 1831 quippe
1208 1778 1275 1829 qui
1291 1789 1409 1816 nemo
1424 1774 1595 1820 aduenit,

178 1865 246 1899 370
263 1855 338 1894 nisi
357 1868 476 1905 quem
495 1866 585 1904 spes
605 1851 796 1901 reliquere
816 1861 955 1887 omnes
975 1860 1060 1885 esse
1080 1853 1123 1883 ut
1143 1843 1241 1893 frugi
1261 1841 1417 1893 possiet.

265 1920 483 1959 Bacchides
502 1932 584 1956 non
605 1915 837 1962 BacchideS,
861 1914 931 1952 sed
952 1913 1134 1951 Bacchae
1154 1916 1245 1948 sunt
1264 1919 1498 1946 acerrumae.

263 1999 385 2036 apage
403 1985 496 2023 istas
515 1997 538 2022 a
558 1996 623 2021 me
641 1994 807 2029 sorores,
826 1992 928 2030 quae
948 1977 1156 2016 hominum
1177 1975 1337 2013 sorbent
1356 1969 1596 2021 sanguinem.
1621 1978 1638 2009 5

265 2050 393 2089 omnis
413 2051 464 2088 ad
484 2047 698 2099 perniciem
718 2046 908 2084 instructa
928 2045 1072 2082 domus
1093 2041 1226 2091 opime
1247 2046 1366 2088 atque
1386 2035 1556 2086 opipare.

268 2115 369 2166 quae
388 2121 431 2153 ut
449 2113 592 2164 aspexi,
617 2126 680 2151 me
700 2110 891 2150 continuo
912 2107 1061 2148 contuli
1081 2106 1277 2157 protinam
1298 2104 1337 2142 in
1358 2103 1490 2153 pedes.

317 2228 379 2258 354
403 2219 480 2249 hinc
511 2217 586 2248 add.
619 2215 832 2247 Camerarius
985 2213 1049 2251 362
1070 2207 1360 2250 pronuntiandum
1390 2216 1434 2252 ex
1463 2202 1604 2234 Crusalo

269 2264 334 2302 366
357 2263 406 2293 fil.
421 2262 493 2292 eius
511 2262 548 2292 h.
563 2260 630 2291 cod.
649 2259 721 2297 (sed
734 2269 816 2290 corr.
832 2258 867 2288 in
883 2256 931 2297 B)
950 2255 1006 2296 (cs.
1023 2255 1103 2295 367)
1236 2253 1301 2290 369
1327 2260 1394 2290 quo
1418 2247 1606 2279 Lambinus

269 2317 333 2347 373
356 2306 527 2346 opiparest
544 2303 669 2335 Ritschl
