<?xml version="1.0" encoding="UTF-8"?>
<!DOCTYPE html PUBLIC "-//W3C//DTD XHTML 1.0 Transitional//EN"
    "http://www.w3.org/TR/xhtml1/DTD/xhtml1-transitional.dtd">
<html xmlns="http://www.w3.org/1999/xhtml" xml:lang="en" lang="en">
 <head>
  <title>
</title>
<meta http-equiv="Content-Type" content="text/html;charset=utf-8" />
  <meta name='ocr-system' content='tesseract 3.04.00' />
  <meta name='ocr-capabilities' content='ocr_page ocr_carea ocr_par ocr_line ocrx_word'/>
</head>
<body>
  <div class='ocr_page' id='page_1' title='image "./tmacciplauticomo01plauuoft_0061.png"; bbox 0 0 1742 2718; ppageno 0'>
   <div class='ocr_carea' id='block_1_1' title="bbox 662 104 1492 142">
    <p class='ocr_par' dir='ltr' id='par_1_1' title="bbox 662 104 1492 142">
     <span class='ocr_line' id='line_1_1' title="bbox 662 104 1492 142; baseline 0 -1"><span class='ocrx_word' id='word_1_1' title='bbox 662 104 1009 142; x_wconf 83' lang='lat' dir='ltr'>AMPHITRVO</span> <span class='ocrx_word' id='word_1_2' title='bbox 1441 106 1492 142; x_wconf 91' lang='lat' dir='ltr'>II.</span> 
     </span>
    </p>
   </div>
   <div class='ocr_carea' id='block_1_2' title="bbox 79 213 1504 2315">
    <p class='ocr_par' dir='ltr' id='par_1_2' title="bbox 79 213 1504 2315">
     <span class='ocr_line' id='line_1_2' title="bbox 79 213 1496 269; baseline -0.004 -12"><span class='ocrx_word' id='word_1_3' title='bbox 79 224 143 269; x_wconf 82' lang='lat'>765</span> <span class='ocrx_word' id='word_1_4' title='bbox 167 224 352 267; x_wconf 81' lang='lat' dir='ltr'>pateram.</span> <span class='ocrx_word' id='word_1_5' title='bbox 411 218 492 254; x_wconf 79' lang='lat' dir='ltr'>AM.</span> <span class='ocrx_word' id='word_1_6' title='bbox 526 228 653 261; x_wconf 80' lang='lat' dir='ltr'>manc,</span> <span class='ocrx_word' id='word_1_7' title='bbox 695 227 820 259; x_wconf 78' lang='lat' dir='ltr'>manc,</span> <span class='ocrx_word' id='word_1_8' title='bbox 858 226 1023 263; x_wconf 74' lang='lat' dir='ltr'>opsecro</span> <span class='ocrx_word' id='word_1_9' title='bbox 1059 220 1106 251; x_wconf 77' lang='lat' dir='ltr'>tc.</span> <span class='ocrx_word' id='word_1_10' title='bbox 1167 213 1273 251; x_wconf 84' lang='lat' dir='ltr'>nimi&#39;</span> <span class='ocrx_word' id='word_1_11' title='bbox 1313 214 1496 261; x_wconf 60' lang='lat' dir='ltr'>demiror,</span> 
     </span>
     <span class='ocr_line' id='line_1_3' title="bbox 1372 279 1496 327; baseline 0 -10"><span class='ocrx_word' id='word_1_12' title='bbox 1372 279 1496 327; x_wconf 73' lang='lat' dir='ltr'>Sosia‚</span> 
     </span>
     <span class='ocr_line' id='line_1_4' title="bbox 164 344 1261 396; baseline -0.002 -12"><span class='ocrx_word' id='word_1_13' title='bbox 164 347 232 396; x_wconf 80' lang='lat' dir='ltr'>qui</span> <span class='ocrx_word' id='word_1_14' title='bbox 253 346 364 384; x_wconf 82' lang='lat' dir='ltr'>illaec</span> <span class='ocrx_word' id='word_1_15' title='bbox 386 345 440 384; x_wconf 92' lang='lat' dir='ltr'>illi</span> <span class='ocrx_word' id='word_1_16' title='bbox 462 359 525 384; x_wconf 89' lang='lat' dir='ltr'>me</span> <span class='ocrx_word' id='word_1_17' title='bbox 545 346 737 384; x_wconf 76' lang='lat' dir='ltr'>donatum</span> <span class='ocrx_word' id='word_1_18' title='bbox 759 357 844 382; x_wconf 85' lang='lat' dir='ltr'>esse</span> <span class='ocrx_word' id='word_1_19' title='bbox 864 358 979 382; x_wconf 78' lang='lat' dir='ltr'>aurea</span> <span class='ocrx_word' id='word_1_20' title='bbox 1000 350 1133 395; x_wconf 77' lang='lat' dir='ltr'>patera</span> <span class='ocrx_word' id='word_1_21' title='bbox 1154 344 1261 391; x_wconf 80' lang='lat' dir='ltr'>sciat,</span> 
     </span>
     <span class='ocr_line' id='line_1_5' title="bbox 165 408 1409 450; baseline -0.002 -1"><span class='ocrx_word' id='word_1_22' title='bbox 165 411 238 449; x_wconf 88' lang='lat' dir='ltr'>nisi</span> <span class='ocrx_word' id='word_1_23' title='bbox 259 418 300 449; x_wconf 91' lang='lat' dir='ltr'>tu</span> <span class='ocrx_word' id='word_1_24' title='bbox 322 412 474 450; x_wconf 88' lang='lat' dir='ltr'>dudum</span> <span class='ocrx_word' id='word_1_25' title='bbox 496 411 598 448; x_wconf 83' lang='lat' dir='ltr'>hanc</span> <span class='ocrx_word' id='word_1_26' title='bbox 619 408 841 448; x_wconf 87' lang='lat' dir='ltr'>conuenisti</span> <span class='ocrx_word' id='word_1_27' title='bbox 862 416 900 447; x_wconf 87' lang='lat' dir='ltr'>et</span> <span class='ocrx_word' id='word_1_28' title='bbox 922 408 1125 447; x_wconf 83' lang='lat' dir='ltr'>narrauisti</span> <span class='ocrx_word' id='word_1_29' title='bbox 1146 410 1244 447; x_wconf 79' lang='lat' dir='ltr'>haec</span> <span class='ocrx_word' id='word_1_30' title='bbox 1266 409 1409 447; x_wconf 79' lang='lat' dir='ltr'>omnia.</span> 
     </span>
     <span class='ocr_line' id='line_1_6' title="bbox 164 473 1495 526; baseline -0.002 -12"><span class='ocrx_word' id='word_1_31' title='bbox 164 478 229 515; x_wconf 89' lang='lat' dir='ltr'>So.</span> <span class='ocrx_word' id='word_1_32' title='bbox 261 489 390 526; x_wconf 85' lang='lat' dir='ltr'>neque</span> <span class='ocrx_word' id='word_1_33' title='bbox 407 476 549 525; x_wconf 89' lang='lat' dir='ltr'>edepol</span> <span class='ocrx_word' id='word_1_34' title='bbox 566 488 639 524; x_wconf 82' lang='lat' dir='ltr'>ego</span> <span class='ocrx_word' id='word_1_35' title='bbox 656 474 735 513; x_wconf 82' lang='lat' dir='ltr'>dixi</span> <span class='ocrx_word' id='word_1_36' title='bbox 751 487 881 524; x_wconf 84' lang='lat' dir='ltr'>neque</span> <span class='ocrx_word' id='word_1_37' title='bbox 898 473 1011 511; x_wconf 79' lang='lat' dir='ltr'>istam</span> <span class='ocrx_word' id='word_1_38' title='bbox 1030 473 1111 512; x_wconf 89' lang='lat' dir='ltr'>uidi</span> <span class='ocrx_word' id='word_1_39' title='bbox 1129 473 1204 512; x_wconf 88' lang='lat' dir='ltr'>nisi</span> <span class='ocrx_word' id='word_1_40' title='bbox 1221 481 1349 512; x_wconf 85' lang='lat' dir='ltr'>tecum</span> <span class='ocrx_word' id='word_1_41' title='bbox 1369 474 1495 513; x_wconf 78' lang='lat' dir='ltr'>simul.</span> 
     </span>
     <span class='ocr_line' id='line_1_7' title="bbox 164 538 1499 591; baseline -0.001 -12"><span class='ocrx_word' id='word_1_42' title='bbox 164 544 246 580; x_wconf 75' lang='lat' dir='ltr'>AM.</span> <span class='ocrx_word' id='word_1_43' title='bbox 283 540 379 591; x_wconf 87' lang='lat' dir='ltr'>quid</span> <span class='ocrx_word' id='word_1_44' title='bbox 418 542 494 578; x_wconf 85' lang='lat' dir='ltr'>hoc</span> <span class='ocrx_word' id='word_1_45' title='bbox 533 539 581 577; x_wconf 87' lang='lat' dir='ltr'>sit</span> <span class='ocrx_word' id='word_1_46' title='bbox 621 538 823 578; x_wconf 89' lang='lat' dir='ltr'>hominis?</span> <span class='ocrx_word' id='word_1_47' title='bbox 880 541 952 577; x_wconf 80' lang='lat' dir='ltr'>AL.</span> <span class='ocrx_word' id='word_1_48' title='bbox 986 538 1053 577; x_wconf 89' lang='lat' dir='ltr'>uin</span> <span class='ocrx_word' id='word_1_49' title='bbox 1093 539 1253 589; x_wconf 86' lang='lat' dir='ltr'>proferri</span> <span class='ocrx_word' id='word_1_50' title='bbox 1294 543 1499 589; x_wconf 79' lang='lat' dir='ltr'>pateram?</span> 
     </span>
     <span class='ocr_line' id='line_1_8' title="bbox 1094 604 1494 655; baseline 0.003 -13"><span class='ocrx_word' id='word_1_51' title='bbox 1094 606 1176 642; x_wconf 85' lang='lat' dir='ltr'>AM.</span> <span class='ocrx_word' id='word_1_52' title='bbox 1209 604 1369 655; x_wconf 85' lang='lat' dir='ltr'>proferri</span> <span class='ocrx_word' id='word_1_53' title='bbox 1391 607 1494 643; x_wconf 89' lang='lat' dir='ltr'>uolo.</span> 
     </span>
     <span class='ocr_line' id='line_1_9' title="bbox 79 669 1390 722; baseline 0 -15"><span class='ocrx_word' id='word_1_54' title='bbox 79 682 148 716; x_wconf 89' lang='lat'>770</span> <span class='ocrx_word' id='word_1_55' title='bbox 167 673 239 709; x_wconf 71' lang='lat' dir='ltr'>AL.</span> <span class='ocrx_word' id='word_1_56' title='bbox 274 673 348 709; x_wconf 78' lang='lat' dir='ltr'>fiat.</span> <span class='ocrx_word' id='word_1_57' title='bbox 398 669 445 722; x_wconf 64' lang='lat' dir='ltr'>(i)</span> <span class='ocrx_word' id='word_1_58' title='bbox 466 678 517 717; x_wconf 81' lang='lat' dir='ltr'>tu,</span> <span class='ocrx_word' id='word_1_59' title='bbox 540 671 741 717; x_wconf 84' lang='lat' dir='ltr'>Thessala,</span> <span class='ocrx_word' id='word_1_60' title='bbox 764 669 868 707; x_wconf 81' lang='lat' dir='ltr'>intus</span> <span class='ocrx_word' id='word_1_61' title='bbox 890 677 1063 719; x_wconf 79' lang='lat' dir='ltr'>pateram</span> <span class='ocrx_word' id='word_1_62' title='bbox 1085 671 1257 719; x_wconf 77' lang='lat' dir='ltr'>proferto</span> <span class='ocrx_word' id='word_1_63' title='bbox 1278 671 1390 715; x_wconf 78' lang='lat' dir='ltr'>foras,</span> 
     </span>
     <span class='ocr_line' id='line_1_10' title="bbox 166 734 1494 785; baseline -0.002 -11"><span class='ocrx_word' id='word_1_64' title='bbox 166 750 243 785; x_wconf 85' lang='lat' dir='ltr'>qua</span> <span class='ocrx_word' id='word_1_65' title='bbox 264 735 382 774; x_wconf 87' lang='lat' dir='ltr'>hodie</span> <span class='ocrx_word' id='word_1_66' title='bbox 405 737 505 773; x_wconf 86' lang='lat' dir='ltr'>meu&#39;</span> <span class='ocrx_word' id='word_1_67' title='bbox 526 734 584 772; x_wconf 87' lang='lat' dir='ltr'>uir</span> <span class='ocrx_word' id='word_1_68' title='bbox 603 734 768 773; x_wconf 75' lang='lat' dir='ltr'>donauit</span> <span class='ocrx_word' id='word_1_69' title='bbox 790 748 862 772; x_wconf 88' lang='lat' dir='ltr'>me.</span> <span class='ocrx_word' id='word_1_70' title='bbox 920 736 1002 772; x_wconf 76' lang='lat' dir='ltr'>AM.</span> <span class='ocrx_word' id='word_1_71' title='bbox 1035 735 1177 772; x_wconf 85' lang='lat' dir='ltr'>secede</span> <span class='ocrx_word' id='word_1_72' title='bbox 1198 735 1275 772; x_wconf 81' lang='lat' dir='ltr'>huc</span> <span class='ocrx_word' id='word_1_73' title='bbox 1297 741 1349 780; x_wconf 78' lang='lat' dir='ltr'>tn,</span> <span class='ocrx_word' id='word_1_74' title='bbox 1373 734 1494 773; x_wconf 79' lang='lat' dir='ltr'>Sosia.</span> 
     </span>
     <span class='ocr_line' id='line_1_11' title="bbox 165 799 1241 849; baseline -0.002 -11"><span class='ocrx_word' id='word_1_75' title='bbox 165 800 269 838; x_wconf 87' lang='lat' dir='ltr'>enim</span> <span class='ocrx_word' id='word_1_76' title='bbox 292 814 386 838; x_wconf 87' lang='lat' dir='ltr'>uero</span> <span class='ocrx_word' id='word_1_77' title='bbox 407 799 502 838; x_wconf 92' lang='lat' dir='ltr'>illud</span> <span class='ocrx_word' id='word_1_78' title='bbox 525 807 675 849; x_wconf 81' lang='lat' dir='ltr'>praeter</span> <span class='ocrx_word' id='word_1_79' title='bbox 694 800 770 837; x_wconf 85' lang='lat' dir='ltr'>alia</span> <span class='ocrx_word' id='word_1_80' title='bbox 791 799 888 837; x_wconf 87' lang='lat' dir='ltr'>mira</span> <span class='ocrx_word' id='word_1_81' title='bbox 910 799 1026 837; x_wconf 88' lang='lat' dir='ltr'>miror</span> <span class='ocrx_word' id='word_1_82' title='bbox 1047 812 1241 845; x_wconf 82' lang='lat' dir='ltr'>maxume,</span> 
     </span>
     <span class='ocr_line' id='line_1_12' title="bbox 165 863 1500 915; baseline 0 -11"><span class='ocrx_word' id='word_1_83' title='bbox 165 866 196 904; x_wconf 88' lang='lat' dir='ltr'>si</span> <span class='ocrx_word' id='word_1_84' title='bbox 218 868 315 904; x_wconf 86' lang='lat' dir='ltr'>haec</span> <span class='ocrx_word' id='word_1_85' title='bbox 335 866 454 904; x_wconf 76' lang='lat' dir='ltr'>habe&#39;t</span> <span class='ocrx_word' id='word_1_86' title='bbox 482 873 655 915; x_wconf 84' lang='lat' dir='ltr'>pateram</span> <span class='ocrx_word' id='word_1_87' title='bbox 683 864 800 903; x_wconf 84' lang='lat' dir='ltr'>illam.</span> <span class='ocrx_word' id='word_1_88' title='bbox 862 866 926 903; x_wconf 87' lang='lat' dir='ltr'>So.</span> <span class='ocrx_word' id='word_1_89' title='bbox 958 878 1008 902; x_wconf 82' lang='lat' dir='ltr'>an</span> <span class='ocrx_word' id='word_1_90' title='bbox 1033 863 1152 902; x_wconf 77' lang='lat' dir='ltr'>etiam</span> <span class='ocrx_word' id='word_1_91' title='bbox 1173 864 1299 902; x_wconf 77' lang='lat' dir='ltr'>credis</span> <span class='ocrx_word' id='word_1_92' title='bbox 1325 865 1376 912; x_wconf 90' lang='lat' dir='ltr'>id,</span> <span class='ocrx_word' id='word_1_93' title='bbox 1399 879 1500 915; x_wconf 81' lang='lat' dir='ltr'>quae</span> 
     </span>
     <span class='ocr_line' id='line_1_13' title="bbox 1154 929 1501 969; baseline 0.003 -2"><span class='ocrx_word' id='word_1_94' title='bbox 1154 930 1193 967; x_wconf 81' lang='lat' dir='ltr'>in</span> <span class='ocrx_word' id='word_1_95' title='bbox 1214 930 1288 967; x_wconf 87' lang='lat' dir='ltr'>hac</span> <span class='ocrx_word' id='word_1_96' title='bbox 1309 929 1501 969; x_wconf 72' lang='lat' dir='ltr'>cistellula</span> 
     </span>
     <span class='ocr_line' id='line_1_14' title="bbox 167 995 1501 1046; baseline -0.001 -12"><span class='ocrx_word' id='word_1_97' title='bbox 167 1005 234 1035; x_wconf 84' lang='lat' dir='ltr'>tuo</span> <span class='ocrx_word' id='word_1_98' title='bbox 272 996 384 1046; x_wconf 85' lang='lat' dir='ltr'>signo</span> <span class='ocrx_word' id='word_1_99' title='bbox 424 996 631 1046; x_wconf 82' lang='lat' dir='ltr'>opsignata</span> <span class='ocrx_word' id='word_1_100' title='bbox 673 997 820 1034; x_wconf 87' lang='lat' dir='ltr'>fertur?</span> <span class='ocrx_word' id='word_1_101' title='bbox 891 998 973 1033; x_wconf 70' lang='lat' dir='ltr'>AM.</span> <span class='ocrx_word' id='word_1_102' title='bbox 1016 997 1168 1034; x_wconf 87' lang='lat' dir='ltr'>saluom</span> <span class='ocrx_word' id='word_1_103' title='bbox 1213 995 1367 1045; x_wconf 85' lang='lat' dir='ltr'>signum</span> <span class='ocrx_word' id='word_1_104' title='bbox 1414 998 1501 1034; x_wconf 83' lang='lat' dir='ltr'>est?</span> 
     </span>
     <span class='ocr_line' id='line_1_15' title="bbox 1238 1059 1496 1110; baseline 0.004 -13"><span class='ocrx_word' id='word_1_105' title='bbox 1238 1062 1303 1098; x_wconf 89' lang='lat' dir='ltr'>So.</span> <span class='ocrx_word' id='word_1_106' title='bbox 1336 1059 1496 1110; x_wconf 85' lang='lat' dir='ltr'>inspice.</span> 
     </span>
     <span class='ocr_line' id='line_1_16' title="bbox 81 1124 1499 1176; baseline -0.001 -12"><span class='ocrx_word' id='word_1_107' title='bbox 81 1132 145 1168; x_wconf 83' lang='lat'>775</span> <span class='ocrx_word' id='word_1_108' title='bbox 167 1128 249 1164; x_wconf 71' lang='lat' dir='ltr'>AM.</span> <span class='ocrx_word' id='word_1_109' title='bbox 282 1133 396 1173; x_wconf 87' lang='lat' dir='ltr'>recte,</span> <span class='ocrx_word' id='word_1_110' title='bbox 420 1125 474 1163; x_wconf 83' lang='lat' dir='ltr'>ita</span> <span class='ocrx_word' id='word_1_111' title='bbox 493 1133 551 1164; x_wconf 87' lang='lat' dir='ltr'>est</span> <span class='ocrx_word' id='word_1_112' title='bbox 578 1133 620 1164; x_wconf 90' lang='lat' dir='ltr'>ut</span> <span class='ocrx_word' id='word_1_113' title='bbox 646 1125 862 1176; x_wconf 82' lang='lat' dir='ltr'>opsignaui.</span> <span class='ocrx_word' id='word_1_114' title='bbox 924 1127 987 1164; x_wconf 87' lang='lat' dir='ltr'>So.</span> <span class='ocrx_word' id='word_1_115' title='bbox 1021 1139 1180 1175; x_wconf 80' lang='lat' dir='ltr'>quaeso,</span> <span class='ocrx_word' id='word_1_116' title='bbox 1204 1124 1299 1175; x_wconf 84' lang='lat' dir='ltr'>quin</span> <span class='ocrx_word' id='word_1_117' title='bbox 1317 1132 1357 1163; x_wconf 89' lang='lat' dir='ltr'>tu</span> <span class='ocrx_word' id='word_1_118' title='bbox 1376 1125 1499 1163; x_wconf 76' lang='lat' dir='ltr'>istane</span> 
     </span>
     <span class='ocr_line' id='line_1_17' title="bbox 693 1190 1500 1229; baseline 0 0"><span class='ocrx_word' id='word_1_119' title='bbox 693 1205 695 1207; x_wconf 90' lang='lat'>·</span> <span class='ocrx_word' id='word_1_120' title='bbox 1388 1190 1500 1229; x_wconf 85' lang='lat' dir='ltr'>iubes</span> 
     </span>
     <span class='ocr_line' id='line_1_18' title="bbox 167 1255 1438 1307; baseline 0 -13"><span class='ocrx_word' id='word_1_121' title='bbox 167 1270 237 1306; x_wconf 89' lang='lat' dir='ltr'>pro</span> <span class='ocrx_word' id='word_1_122' title='bbox 257 1256 394 1294; x_wconf 85' lang='lat' dir='ltr'>cerrita</span> <span class='ocrx_word' id='word_1_123' title='bbox 414 1255 684 1294; x_wconf 83' lang='lat' dir='ltr'><strong>circumferri?</strong></span> <span class='ocrx_word' id='word_1_124' title='bbox 740 1258 822 1293; x_wconf 70' lang='lat' dir='ltr'>Au.</span> <span class='ocrx_word' id='word_1_125' title='bbox 856 1255 997 1306; x_wconf 86' lang='lat' dir='ltr'>e&#39;depol</span> <span class='ocrx_word' id='word_1_126' title='bbox 1020 1255 1083 1306; x_wconf 83' lang='lat' dir='ltr'>qui</span> <span class='ocrx_word' id='word_1_127' title='bbox 1109 1257 1212 1294; x_wconf 83' lang='lat' dir='ltr'>facto</span> <span class='ocrx_word' id='word_1_128' title='bbox 1233 1263 1291 1295; x_wconf 88' lang='lat' dir='ltr'>est</span> <span class='ocrx_word' id='word_1_129' title='bbox 1312 1270 1411 1307; x_wconf 88' lang='lat' dir='ltr'>opus</span> <span class='ocrx_word' id='word_1_130' title='bbox 1428 1271 1438 1303; x_wconf 81' lang='lat'>3</span> 
     </span>
     <span class='ocr_line' id='line_1_19' title="bbox 166 1321 1501 1371; baseline 0.001 -13"><span class='ocrx_word' id='word_1_131' title='bbox 166 1335 257 1359; x_wconf 89' lang='lat' dir='ltr'>nam</span> <span class='ocrx_word' id='word_1_132' title='bbox 297 1322 395 1360; x_wconf 83' lang='lat' dir='ltr'>haec</span> <span class='ocrx_word' id='word_1_133' title='bbox 434 1321 596 1371; x_wconf 87' lang='lat' dir='ltr'>quidem</span> <span class='ocrx_word' id='word_1_134' title='bbox 635 1322 778 1371; x_wconf 79' lang='lat' dir='ltr'>edepol</span> <span class='ocrx_word' id='word_1_135' title='bbox 818 1323 1012 1359; x_wconf 84' lang='lat' dir='ltr'>laruarum</span> <span class='ocrx_word' id='word_1_136' title='bbox 1052 1323 1215 1371; x_wconf 86' lang='lat' dir='ltr'>plenast.</span> <span class='ocrx_word' id='word_1_137' title='bbox 1291 1323 1362 1359; x_wconf 87' lang='lat' dir='ltr'>AL.</span> <span class='ocrx_word' id='word_1_138' title='bbox 1405 1321 1501 1371; x_wconf 85' lang='lat' dir='ltr'>quid</span> 
     </span>
     <span class='ocr_line' id='line_1_20' title="bbox 1195 1386 1502 1437; baseline -0.003 -12"><span class='ocrx_word' id='word_1_139' title='bbox 1195 1386 1325 1425; x_wconf 87' lang='lat' dir='ltr'>uerbis</span> <span class='ocrx_word' id='word_1_140' title='bbox 1356 1389 1502 1437; x_wconf 82' lang='lat' dir='ltr'>opust?</span> 
     </span>
     <span class='ocr_line' id='line_1_21' title="bbox 166 1451 1502 1502; baseline 0 -12"><span class='ocrx_word' id='word_1_141' title='bbox 166 1466 229 1490; x_wconf 89' lang='lat' dir='ltr'>em</span> <span class='ocrx_word' id='word_1_142' title='bbox 259 1451 330 1490; x_wconf 87' lang='lat' dir='ltr'>tibi</span> <span class='ocrx_word' id='word_1_143' title='bbox 364 1459 550 1502; x_wconf 84' lang='lat' dir='ltr'>pateram,</span> <span class='ocrx_word' id='word_1_144' title='bbox 582 1466 729 1491; x_wconf 83' lang='lat' dir='ltr'>eccam.</span> <span class='ocrx_word' id='word_1_145' title='bbox 790 1454 872 1490; x_wconf 75' lang='lat' dir='ltr'>AM.</span> <span class='ocrx_word' id='word_1_146' title='bbox 904 1453 1005 1490; x_wconf 87' lang='lat' dir='ltr'>cedo</span> <span class='ocrx_word' id='word_1_147' title='bbox 1037 1452 1099 1490; x_wconf 91' lang='lat' dir='ltr'>mi.</span> <span class='ocrx_word' id='word_1_148' title='bbox 1160 1454 1233 1490; x_wconf 87' lang='lat' dir='ltr'>AL.</span> <span class='ocrx_word' id='word_1_149' title='bbox 1265 1465 1337 1502; x_wconf 85' lang='lat' dir='ltr'>age</span> <span class='ocrx_word' id='word_1_150' title='bbox 1370 1452 1502 1502; x_wconf 80' lang='lat' dir='ltr'>aspice</span> 
     </span>
     <span class='ocr_line' id='line_1_22' title="bbox 1143 1517 1501 1556; baseline 0 -1"><span class='ocrx_word' id='word_1_151' title='bbox 1143 1519 1221 1556; x_wconf 85' lang='lat' dir='ltr'>huc</span> <span class='ocrx_word' id='word_1_152' title='bbox 1243 1517 1501 1556; x_wconf 79' lang='lat' dir='ltr'>sis&#39;nunciam</span> 
     </span>
     <span class='ocr_line' id='line_1_23' title="bbox 169 1582 1501 1633; baseline 0 -13"><span class='ocrx_word' id='word_1_153' title='bbox 169 1590 209 1621; x_wconf 88' lang='lat' dir='ltr'>tu</span> <span class='ocrx_word' id='word_1_154' title='bbox 238 1582 305 1632; x_wconf 85' lang='lat' dir='ltr'>qui</span> <span class='ocrx_word' id='word_1_155' title='bbox 333 1596 434 1633; x_wconf 83' lang='lat' dir='ltr'>quae</span> <span class='ocrx_word' id='word_1_156' title='bbox 462 1585 564 1621; x_wconf 83' lang='lat' dir='ltr'>facta</span> <span class='ocrx_word' id='word_1_157' title='bbox 590 1583 781 1631; x_wconf 76' lang='lat' dir='ltr'>infitiare3</span> <span class='ocrx_word' id='word_1_158' title='bbox 810 1596 929 1633; x_wconf 87' lang='lat' dir='ltr'>quem</span> <span class='ocrx_word' id='word_1_159' title='bbox 958 1597 1031 1633; x_wconf 82' lang='lat' dir='ltr'>ego</span> <span class='ocrx_word' id='word_1_160' title='bbox 1062 1582 1137 1620; x_wconf 86' lang='lat' dir='ltr'>iam</span> <span class='ocrx_word' id='word_1_161' title='bbox 1169 1582 1234 1621; x_wconf 88' lang='lat' dir='ltr'>hic</span> <span class='ocrx_word' id='word_1_162' title='bbox 1264 1582 1501 1621; x_wconf 85' lang='lat' dir='ltr'>conuincam</span> 
     </span>
     <span class='ocr_line' id='line_1_24' title="bbox 1358 1649 1498 1697; baseline -0.007 -12"><span class='ocrx_word' id='word_1_163' title='bbox 1358 1649 1498 1697; x_wconf 85' lang='lat' dir='ltr'>palam.</span> 
     </span>
     <span class='ocr_line' id='line_1_25' title="bbox 82 1713 1484 1764; baseline 0 -14"><span class='ocrx_word' id='word_1_164' title='bbox 82 1717 150 1760; x_wconf 80' lang='lat'>780</span> <span class='ocrx_word' id='word_1_165' title='bbox 168 1721 278 1752; x_wconf 89' lang='lat' dir='ltr'>estne</span> <span class='ocrx_word' id='word_1_166' title='bbox 299 1715 396 1752; x_wconf 85' lang='lat' dir='ltr'>haec</span> <span class='ocrx_word' id='word_1_167' title='bbox 417 1722 550 1764; x_wconf 85' lang='lat' dir='ltr'>patera</span> <span class='ocrx_word' id='word_1_168' title='bbox 570 1727 648 1764; x_wconf 83' lang='lat' dir='ltr'>qua</span> <span class='ocrx_word' id='word_1_169' title='bbox 667 1715 849 1752; x_wconf 81' lang='lat' dir='ltr'>donatu’s</span> <span class='ocrx_word' id='word_1_170' title='bbox 874 1713 957 1751; x_wconf 87' lang='lat' dir='ltr'>illi?</span> <span class='ocrx_word' id='word_1_171' title='bbox 1005 1715 1086 1752; x_wconf 87' lang='lat' dir='ltr'>AM.</span> <span class='ocrx_word' id='word_1_172' title='bbox 1120 1727 1274 1752; x_wconf 86' lang='lat' dir='ltr'>summe</span> <span class='ocrx_word' id='word_1_173' title='bbox 1297 1713 1484 1764; x_wconf 87' lang='lat' dir='ltr'>Iuppiter,</span> 
     </span>
     <span class='ocr_line' id='line_1_26' title="bbox 168 1777 1474 1829; baseline -0.001 -12"><span class='ocrx_word' id='word_1_174' title='bbox 168 1778 264 1828; x_wconf 87' lang='lat' dir='ltr'>quid</span> <span class='ocrx_word' id='word_1_175' title='bbox 284 1793 357 1829; x_wconf 84' lang='lat' dir='ltr'>ego</span> <span class='ocrx_word' id='word_1_176' title='bbox 378 1778 529 1817; x_wconf 89' lang='lat' dir='ltr'>uideo?</span> <span class='ocrx_word' id='word_1_177' title='bbox 558 1780 656 1817; x_wconf 83' lang='lat' dir='ltr'>haec</span> <span class='ocrx_word' id='word_1_178' title='bbox 677 1793 722 1817; x_wconf 88' lang='lat' dir='ltr'>ea</span> <span class='ocrx_word' id='word_1_179' title='bbox 742 1786 800 1817; x_wconf 80' lang='lat' dir='ltr'>est</span> <span class='ocrx_word' id='word_1_180' title='bbox 821 1780 998 1828; x_wconf 82' lang='lat' dir='ltr'>profecto</span> <span class='ocrx_word' id='word_1_181' title='bbox 1019 1786 1162 1828; x_wconf 86' lang='lat' dir='ltr'>patera.</span> <span class='ocrx_word' id='word_1_182' title='bbox 1222 1778 1330 1829; x_wconf 88' lang='lat' dir='ltr'>perii,</span> <span class='ocrx_word' id='word_1_183' title='bbox 1353 1777 1474 1817; x_wconf 88' lang='lat' dir='ltr'>Sosia.</span> 
     </span>
     <span class='ocr_line' id='line_1_27' title="bbox 168 1843 1431 1894; baseline -0.001 -12"><span class='ocrx_word' id='word_1_184' title='bbox 168 1846 232 1882; x_wconf 88' lang='lat' dir='ltr'>So.</span> <span class='ocrx_word' id='word_1_185' title='bbox 263 1851 331 1881; x_wconf 83' lang='lat' dir='ltr'>aut</span> <span class='ocrx_word' id='word_1_186' title='bbox 350 1845 417 1893; x_wconf 94' lang='lat' dir='ltr'>pol</span> <span class='ocrx_word' id='word_1_187' title='bbox 439 1845 537 1882; x_wconf 86' lang='lat' dir='ltr'>haec</span> <span class='ocrx_word' id='word_1_188' title='bbox 557 1843 840 1894; x_wconf 79' lang='lat' dir='ltr'>praestigiatrix</span> <span class='ocrx_word' id='word_1_189' title='bbox 861 1843 1000 1882; x_wconf 89' lang='lat' dir='ltr'>mulier</span> <span class='ocrx_word' id='word_1_190' title='bbox 1021 1845 1146 1882; x_wconf 90' lang='lat' dir='ltr'>multo</span> <span class='ocrx_word' id='word_1_191' title='bbox 1168 1857 1352 1881; x_wconf 86' lang='lat' dir='ltr'>maxuma</span> <span class='ocrx_word' id='word_1_192' title='bbox 1372 1850 1431 1881; x_wconf 91' lang='lat' dir='ltr'>est</span> 
     </span>
     <span class='ocr_line' id='line_1_28' title="bbox 166 1909 1502 1960; baseline -0.001 -13"><span class='ocrx_word' id='word_1_193' title='bbox 166 1917 234 1947; x_wconf 87' lang='lat' dir='ltr'>aut</span> <span class='ocrx_word' id='word_1_194' title='bbox 276 1916 450 1960; x_wconf 87' lang='lat' dir='ltr'>pateram</span> <span class='ocrx_word' id='word_1_195' title='bbox 492 1909 556 1948; x_wconf 88' lang='lat' dir='ltr'>hic</span> <span class='ocrx_word' id='word_1_196' title='bbox 595 1909 723 1948; x_wconf 87' lang='lat' dir='ltr'>inesse</span> <span class='ocrx_word' id='word_1_197' title='bbox 762 1916 927 1960; x_wconf 88' lang='lat' dir='ltr'>oportet.</span> <span class='ocrx_word' id='word_1_198' title='bbox 997 1911 1078 1947; x_wconf 86' lang='lat' dir='ltr'>AM.</span> <span class='ocrx_word' id='word_1_199' title='bbox 1120 1910 1301 1959; x_wconf 83' lang='lat' dir='ltr'>agedum,</span> <span class='ocrx_word' id='word_1_200' title='bbox 1344 1910 1502 1947; x_wconf 86' lang='lat' dir='ltr'>exsolue</span> 
     </span>
     <span class='ocr_line' id='line_1_29' title="bbox 1308 1974 1500 2012; baseline 0 0"><span class='ocrx_word' id='word_1_201' title='bbox 1308 1974 1500 2012; x_wconf 83' lang='lat' dir='ltr'>cistulam.</span> 
     </span>
     <span class='ocr_line' id='line_1_30' title="bbox 168 2040 1504 2092; baseline -0.001 -14"><span class='ocrx_word' id='word_1_202' title='bbox 168 2042 233 2078; x_wconf 89' lang='lat' dir='ltr'>So.</span> <span class='ocrx_word' id='word_1_203' title='bbox 265 2040 361 2090; x_wconf 89' lang='lat' dir='ltr'>quid</span> <span class='ocrx_word' id='word_1_204' title='bbox 382 2054 455 2091; x_wconf 84' lang='lat' dir='ltr'>ego</span> <span class='ocrx_word' id='word_1_205' title='bbox 476 2040 588 2079; x_wconf 84' lang='lat' dir='ltr'>istam</span> <span class='ocrx_word' id='word_1_206' title='bbox 611 2043 843 2080; x_wconf 84' lang='lat' dir='ltr'>exsoluam?</span> <span class='ocrx_word' id='word_1_207' title='bbox 899 2040 1142 2092; x_wconf 82' lang='lat' dir='ltr'>opsignatast</span> <span class='ocrx_word' id='word_1_208' title='bbox 1172 2047 1286 2087; x_wconf 85' lang='lat' dir='ltr'>recte,</span> <span class='ocrx_word' id='word_1_209' title='bbox 1310 2053 1370 2078; x_wconf 89' lang='lat' dir='ltr'>res</span> <span class='ocrx_word' id='word_1_210' title='bbox 1394 2047 1504 2089; x_wconf 84' lang='lat' dir='ltr'>gesta</span> 
     </span>
     <span class='ocr_line' id='line_1_31' title="bbox 1295 2105 1501 2143; baseline -0.01 0"><span class='ocrx_word' id='word_1_211' title='bbox 1295 2111 1354 2143; x_wconf 85' lang='lat' dir='ltr'>est</span> <span class='ocrx_word' id='word_1_212' title='bbox 1374 2105 1476 2143; x_wconf 89' lang='lat' dir='ltr'>bene</span> <span class='ocrx_word' id='word_1_213' title='bbox 1494 2119 1501 2141; x_wconf 73' lang='grc' dir='ltr'>ε</span> 
     </span>
     <span class='ocr_line' id='line_1_32' title="bbox 83 2169 1500 2224; baseline -0.001 -16"><span class='ocrx_word' id='word_1_214' title='bbox 83 2172 125 2215; x_wconf 78' lang='lat'>78</span> <span class='ocrx_word' id='word_1_215' title='bbox 131 2180 147 2216; x_wconf 84' lang='lat'>5</span> <span class='ocrx_word' id='word_1_216' title='bbox 171 2178 211 2209; x_wconf 86' lang='lat' dir='ltr'>tu</span> <span class='ocrx_word' id='word_1_217' title='bbox 224 2170 409 2221; x_wconf 87' lang='lat' dir='ltr'>peperisti</span> <span class='ocrx_word' id='word_1_218' title='bbox 425 2171 758 2222; x_wconf 84' lang='lat' dir='ltr'>Amphitruonem</span> <span class='ocrx_word' id='word_1_219' title='bbox 774 2169 939 2224; x_wconf 72' lang='lat' dir='ltr'>(alium),</span> <span class='ocrx_word' id='word_1_220' title='bbox 956 2186 1029 2222; x_wconf 82' lang='lat' dir='ltr'>ego</span> <span class='ocrx_word' id='word_1_221' title='bbox 1044 2172 1164 2210; x_wconf 86' lang='lat' dir='ltr'>alium</span> <span class='ocrx_word' id='word_1_222' title='bbox 1179 2170 1314 2222; x_wconf 90' lang='lat' dir='ltr'>peperi</span> <span class='ocrx_word' id='word_1_223' title='bbox 1329 2169 1481 2209; x_wconf 85' lang='lat' dir='ltr'>Sosiam</span> <span class='ocrx_word' id='word_1_224' title='bbox 1491 2184 1500 2217; x_wconf 89' lang='lat'>;</span> 
     </span>
     <span class='ocr_line' id='line_1_33' title="bbox 214 2273 1497 2315; baseline -0.002 -9"><span class='ocrx_word' id='word_1_225' title='bbox 214 2285 277 2315; x_wconf 87' lang='lat'>770</span> <span class='ocrx_word' id='word_1_226' title='bbox 301 2275 311 2305; x_wconf 93' lang='lat' dir='ltr'>i</span> <span class='ocrx_word' id='word_1_227' title='bbox 328 2275 404 2306; x_wconf 84' lang='lat' dir='ltr'>add.</span> <span class='ocrx_word' id='word_1_228' title='bbox 421 2275 518 2308; x_wconf 80' lang='lat' dir='ltr'>ItaL:</span> <span class='ocrx_word' id='word_1_229' title='bbox 552 2280 586 2306; x_wconf 89' lang='lat' dir='ltr'>at</span> <span class='ocrx_word' id='word_1_230' title='bbox 607 2276 730 2306; x_wconf 80' lang='lat' dir='ltr'>Bothe:</span> <span class='ocrx_word' id='word_1_231' title='bbox 755 2276 840 2307; x_wconf 90' lang='lat' dir='ltr'>heus</span> <span class='ocrx_word' id='word_1_232' title='bbox 863 2275 1039 2306; x_wconf 78' lang='lat' dir='ltr'>Acidalius</span> <span class='ocrx_word' id='word_1_233' title='bbox 1182 2285 1242 2315; x_wconf 86' lang='lat'>773</span> <span class='ocrx_word' id='word_1_234' title='bbox 1268 2279 1421 2315; x_wconf 85' lang='lat' dir='ltr'>pateram</span> <span class='ocrx_word' id='word_1_235' title='bbox 1439 2273 1497 2304; x_wconf 77' lang='lat' dir='ltr'>del.</span> 
     </span>
    </p>
   </div>
   <div class='ocr_carea' id='block_1_3' title="bbox 170 2317 1502 2404">
    <p class='ocr_par' dir='ltr' id='par_1_3' title="bbox 170 2317 1502 2404">
     <span class='ocr_line' id='line_1_34' title="bbox 170 2317 1501 2360; baseline -0.002 -11"><span class='ocrx_word' id='word_1_236' title='bbox 170 2318 256 2349; x_wconf 70' lang='grc' dir='ltr'><em>Βνιζκ·</em></span> <span class='ocrx_word' id='word_1_237' title='bbox 298 2319 418 2350; x_wconf 86' lang='lat' dir='ltr'>cistula</span> <span class='ocrx_word' id='word_1_238' title='bbox 436 2319 573 2350; x_wconf 83' lang='lat' dir='ltr'>Guz&#39;etus</span> <span class='ocrx_word' id='word_1_239' title='bbox 663 2322 725 2359; x_wconf 87' lang='lat'>782</span> <span class='ocrx_word' id='word_1_240' title='bbox 747 2320 799 2350; x_wconf 82' lang='lat' dir='ltr'>vel</span> <span class='ocrx_word' id='word_1_241' title='bbox 811 2318 917 2350; x_wconf 89' lang='lat' dir='ltr'>multo</span> <span class='ocrx_word' id='word_1_242' title='bbox 928 2319 1050 2350; x_wconf 83' lang='lat' dir='ltr'>mulier</span> <span class='ocrx_word' id='word_1_243' title='bbox 1070 2318 1177 2360; x_wconf 82' lang='lat' dir='ltr'><em>(BE1)</em></span> <span class='ocrx_word' id='word_1_244' title='bbox 1270 2320 1333 2358; x_wconf 88' lang='lat'>783</span> <span class='ocrx_word' id='word_1_245' title='bbox 1359 2317 1501 2349; x_wconf 79' lang='lat' dir='ltr'>exsolue</span> 
     </span>
     <span class='ocr_line' id='line_1_35' title="bbox 171 2361 1502 2404; baseline -0.002 -11"><span class='ocrx_word' id='word_1_246' title='bbox 171 2362 328 2394; x_wconf 82' lang='lat' dir='ltr'>Mueller:</span> <span class='ocrx_word' id='word_1_247' title='bbox 348 2373 422 2394; x_wconf 86' lang='lat' dir='ltr'>eam</span> <span class='ocrx_word' id='word_1_248' title='bbox 435 2363 529 2394; x_wconf 90' lang='lat' dir='ltr'>solue</span> <span class='ocrx_word' id='word_1_249' title='bbox 541 2362 606 2395; x_wconf 86' lang='lat' dir='ltr'><em>cod.</em></span> <span class='ocrx_word' id='word_1_250' title='bbox 620 2362 694 2404; x_wconf 78' lang='lat' dir='ltr'>(pro</span> <span class='ocrx_word' id='word_1_251' title='bbox 705 2373 746 2394; x_wconf 88' lang='lat' dir='ltr'>ea</span> <span class='ocrx_word' id='word_1_252' title='bbox 763 2363 810 2404; x_wconf 86' lang='lat' dir='ltr'>s.)</span> <span class='ocrx_word' id='word_1_253' title='bbox 823 2362 869 2404; x_wconf 89' lang='lat' dir='ltr'>(A</span> <span class='ocrx_word' id='word_1_254' title='bbox 880 2367 943 2404; x_wconf 84' lang='lat' dir='ltr'>pro</span> <span class='ocrx_word' id='word_1_255' title='bbox 957 2363 1004 2403; x_wconf 90' lang='lat' dir='ltr'>X)</span> <span class='ocrx_word' id='word_1_256' title='bbox 1085 2363 1147 2402; x_wconf 89' lang='lat'>785</span> <span class='ocrx_word' id='word_1_257' title='bbox 1164 2362 1264 2394; x_wconf 86' lang='lat' dir='ltr'>aliurn</span> <span class='ocrx_word' id='word_1_258' title='bbox 1276 2361 1351 2393; x_wconf 84' lang='lat' dir='ltr'>add.</span> <span class='ocrx_word' id='word_1_259' title='bbox 1367 2361 1502 2393; x_wconf 83' lang='lat' dir='ltr'>Guielus</span> 
     </span>
    </p>
   </div>
   <div class='ocr_carea' id='block_1_4' title="bbox 1518 106 1543 141">
    <p class='ocr_par' dir='ltr' id='par_1_4' title="bbox 1518 106 1543 141">
     <span class='ocr_line' id='line_1_36' title="bbox 1518 106 1543 141; baseline 0 0"><span class='ocrx_word' id='word_1_260' title='bbox 1518 106 1543 141; x_wconf 89' lang='lat' dir='ltr'>ii</span> 
     </span>
    </p>
   </div>
   <div class='ocr_carea' id='block_1_5' title="bbox 1521 229 1576 258">
    <p class='ocr_par' dir='ltr' id='par_1_5' title="bbox 1521 229 1576 258">
     <span class='ocr_line' id='line_1_37' title="bbox 1521 229 1576 258; baseline 0 -9"><span class='ocrx_word' id='word_1_261' title='bbox 1521 229 1576 258; x_wconf 67' lang='lat'>1535</span> 
     </span>
    </p>
   </div>
   <div class='ocr_carea' id='block_1_6' title="bbox 1518 685 1579 717">
    <p class='ocr_par' dir='ltr' id='par_1_6' title="bbox 1518 685 1579 717">
     <span class='ocr_line' id='line_1_38' title="bbox 1518 685 1579 717; baseline -0.016 -9"><span class='ocrx_word' id='word_1_262' title='bbox 1518 685 1579 717; x_wconf 66' lang='lat'>140</span> 
     </span>
    </p>
   </div>
   <div class='ocr_carea' id='block_1_7' title="bbox 1522 1140 1580 1172">
    <p class='ocr_par' dir='ltr' id='par_1_7' title="bbox 1522 1140 1580 1172">
     <span class='ocr_line' id='line_1_39' title="bbox 1522 1140 1580 1172; baseline 0.017 -1"><span class='ocrx_word' id='word_1_263' title='bbox 1522 1140 1580 1172; x_wconf 71' lang='lat'>145</span> 
     </span>
    </p>
   </div>
   <div class='ocr_carea' id='block_1_8' title="bbox 1525 1728 1582 1759">
    <p class='ocr_par' dir='ltr' id='par_1_8' title="bbox 1525 1728 1582 1759">
     <span class='ocr_line' id='line_1_40' title="bbox 1525 1728 1582 1759; baseline -0.018 -9"><span class='ocrx_word' id='word_1_264' title='bbox 1525 1728 1582 1759; x_wconf 84' lang='lat'>150</span> 
     </span>
    </p>
   </div>
   <div class='ocr_carea' id='block_1_9' title="bbox 1523 2187 1582 2220">
    <p class='ocr_par' dir='ltr' id='par_1_9' title="bbox 1523 2187 1582 2220">
     <span class='ocr_line' id='line_1_41' title="bbox 1523 2187 1582 2220; baseline 0 0"><span class='ocrx_word' id='word_1_265' title='bbox 1523 2187 1582 2220; x_wconf 88' lang='grc' dir='ltr'>Ι55</span> 
     </span>
    </p>
   </div>
  </div>
 </body>
</html>
