1814 2723
247 67 316 104 IV.
338 65 363 103 ii
756 65 803 103 T.
835 64 1016 104 MACCI
1047 63 1251 102 PLAVTI

553 176 621 215 ubi
641 175 811 226 primum
832 182 890 213 est
910 173 1061 212 licitum
1082 173 1174 213 ilico
1696 188 1761 226 599

282 261 320 293 35
553 240 759 291 properaui
780 239 888 277 abire
908 240 958 278 de
979 240 1074 278 foro.

553 305 695 351 iratast,
719 305 850 350 credo,
873 317 979 342 nunc
1000 303 1096 342 mihi
1112 319 1123 351 3
1688 302 1759 337 600

553 368 724 420 placabit
744 370 847 419 palla
866 381 986 418 quam
1006 367 1111 415 dedi,

339 435 457 486 quam
479 434 598 473 hodie
619 433 728 471 uxori
748 432 891 482 apstuli
911 440 1030 482 atque
1051 432 1174 471 detuli
1195 432 1286 471 huic
1310 431 1457 470 Erotio.
1689 433 1755 467 601

393 503 461 539 PE.
494 499 589 550 quid
619 499 704 537 ais?
762 500 846 536 MA.
878 497 964 536 uiro
994 512 1057 536 me
1088 499 1192 536 malo
1227 499 1329 536 male
1364 504 1539 546 nuptam.
1600 498 1671 538 PE.

996 561 1097 600 satin
1116 561 1231 600 audis
1251 575 1353 612 quae
1373 561 1452 599 illic
1472 560 1673 611 loquitur?

277 647 320 678 40
394 633 477 669 MA.
510 629 603 668 sati⁷.
665 630 780 666 MEN.
814 623 846 665 si
876 627 1039 677 sapiam,
1072 626 1165 665 hinc
1199 626 1302 665 intro
1335 626 1488 673 abeam,
1520 625 1588 664 ubi
1617 624 1671 663 mi

801 693 902 731 bene
923 691 981 730 sit.
1042 694 1111 729 PE.
1144 705 1284 730 mane:
1314 692 1416 729 male
1436 689 1507 729 erit
1527 689 1669 741 potius.

339 764 422 801 MA.
456 760 504 799 ne'
526 760 630 798 illam
652 765 805 797 ecastor
825 759 1025 796 faenerato
1046 756 1251 807 apstulisti.
1312 758 1381 794 PE.
1414 755 1470 795 sic
1490 757 1615 795 datur.

338 829 422 865 ΜΑ.
452 826 676 864 clanculum
697 830 736 862 te
756 822 877 861 istaec
899 822 1044 872 flagitia
1064 823 1192 861 facere
1212 822 1403 860 censebas
1424 823 1546 871 pote?
1690 827 1756 872 605

338 894 453 930 ΜΕΝ.
495 890 591 940 quid
629 889 721 927 illuc
764 895 833 934 est,
876 901 982 934 uxor,
1024 887 1186 937 negoti?
1275 888 1358 924 MA.
1400 899 1491 924 men
1530 886 1671 936 rogas?

1147 954 1262 990 MEN.
1293 951 1361 989 uin
1381 952 1487 989 hunc
1508 952 1672 1000 rogem?

339 1024 422 1060 MA.
454 1022 562 1060 aufer
581 1020 674 1058 hinc
694 1018 951 1070 palpationes.
1012 1019 1081 1055 PE.
1114 1030 1230 1067 perge
1250 1023 1303 1055 tu.
1373 1017 1488 1054 MEN.
1512 1014 1609 1066 quid
1629 1022 1671 1053 tu

1574 1079 1671 1118 mihi

277 1166 319 1199 45
340 1151 456 1191 tristis
486 1153 557 1190 es?
614 1152 697 1188 MA.
730 1157 768 1188 te
797 1148 894 1188 scire
924 1155 1089 1198 oportet.
1150 1150 1219 1185 PE.
1250 1146 1323 1185 scit
1352 1147 1422 1185 sed
1451 1145 1672 1185 dissimulat

1531 1211 1668 1249 malus.

338 1285 454 1322 ΜΕΝ.
486 1281 583 1332 quid
603 1279 802 1331 negotist?
876 1281 959 1318 MA.
993 1280 1311 1329 pallam—MEN.
1343 1276 1517 1328 pallam?
1582 1277 1667 1313 MA.

916 1344 1078 1394 quidam
1100 1344 1370 1394 pallam—PE.
1402 1341 1498 1392 quid
1520 1342 1670 1392 paues?

339 1415 454 1452 ΜΕΝ.
486 1412 541 1450 nil
567 1410 753 1462 equidem
778 1423 916 1461 paueo.
978 1411 1047 1447 PE.
1078 1408 1153 1447 nisi
1181 1422 1328 1447 unum:
1358 1409 1461 1458 palla
1480 1408 1669 1457 pallorem
1687 1411 1757 1447 610

1516 1471 1666 1510 incutit.

335 1551 375 1583 at
395 1551 437 1582 tu
457 1542 507 1581 ne
527 1544 628 1581 clam
650 1555 713 1580 me
733 1553 933 1579 comesses
955 1538 1175 1590 prandium.
1236 1552 1352 1589 perge
1373 1537 1412 1575 in
1433 1537 1572 1576 uirum.
1606 1535 1607 1538 ¹

338 1611 454 1649 ΜΕΝ.
486 1621 566 1646 non
596 1601 731 1645 taces?
803 1608 871 1643 PE.
905 1618 985 1643 non
1016 1606 1147 1643 hercle
1173 1617 1268 1643 uero
1294 1610 1418 1642 taceo.
1477 1609 1590 1640 nutat
1619 1616 1669 1641 ne

1518 1669 1666 1718 loquar.

278 1753 320 1786 50
340 1743 455 1779 ΜΕΝ.
487 1753 567 1777 non
588 1739 718 1777 hercle
745 1735 981 1787 egoquidem
1002 1749 1169 1785 usquam
1190 1733 1401 1784 quicquam
1423 1740 1520 1772 nuto
1539 1746 1669 1783 neque

1457 1797 1564 1849 nicto
1584 1797 1665 1836 tibi.

338 1871 422 1909 MA.
455 1868 504 1907 ne
525 1882 597 1919 ego
618 1875 769 1907 ecastor
789 1866 928 1905 mulier
949 1865 1099 1904 misera.
1150 1866 1265 1902 MEN.
1289 1863 1355 1914 qui
1377 1870 1418 1901 tu
1439 1862 1580 1902 misera
1599 1864 1670 1901 es?

1440 1927 1494 1966 mi
1514 1927 1666 1978 expedi.

339 2003 406 2039 PE.
439 1999 535 2038 nihil
556 2001 633 2038 hoc
654 1997 918 2038 confidentius
938 2012 945 2035 ε
966 1995 1062 2046 quin
1083 2008 1184 2046 quae
1204 1994 1316 2032 uides
1337 2007 1383 2032 ea
1402 1999 1598 2043 pernegat.
1686 1993 1753 2038 615

380 2110 445 2141 599
467 2100 595 2131 licitum
612 2104 665 2130 est
682 2097 818 2138 (-umst)
840 2096 975 2128 Guietus
1062 2096 1143 2125 600³
1159 2093 1305 2133 placebit
1322 2092 1396 2123 PCD
1485 2093 1545 2121 601
1565 2090 1669 2122 hodie

336 2156 401 2177 om.
421 2144 454 2175 B
506 2143 586 2174 huic
603 2141 706 2173 detuli
724 2140 790 2172 cod.
811 2153 818 2172 :
841 2140 913 2170 traz'.
936 2138 1061 2170 Ritschl
1074 2149 1081 2169 t
1096 2137 1178 2175 sort.
1195 2137 1228 2167 h.
1249 2136 1389 2166 detetuli
1478 2136 1542 2165 602
1566 2134 1669 2165 statin

336 2188 401 2221 cod.
424 2189 515 2230 (corr.
545 2184 611 2227 B2)
751 2186 816 2224 604
840 2187 1009 2214 mecastor
1031 2180 1097 2212 cod.
1241 2181 1305 2218 605
1330 2180 1417 2219 potis
1435 2178 1668 2210 Lindemann:

337 2237 476 2273 potesse
494 2229 560 2261 cod.
580 2229 631 2270 (cf
649 2227 741 2269 Epid.
763 2239 823 2268 227
848 2231 983 2267 potesse
1004 2231 1064 2266 pro
1087 2224 1175 2264 potis
1191 2223 1241 2254 vel
1254 2225 1351 2265 pote)
1386 2254 1391 2261 ,
1504 2223 1569 2252 608
1591 2221 1669 2252 Tris

337 2276 405 2308 cod.
418 2276 512 2318 (corr.
530 2273 590 2311 132)
639 2272 682 2302 sit
698 2282 735 2302 se
751 2272 832 2302 diss.
854 2269 919 2301 cod.
986 2271 1055 2308 §09
1070 2267 1150 2308 quid
1168 2276 1274 2307 panes
1292 2270 1463 2297 matronae
1478 2266 1671 2297 continuant

337 2321 398 2352 alii
569 2318 633 2347 610
658 2325 766 2355 paueo
783 2315 830 2345 Β3
847 2326 854 2346 :
876 2313 979 2354 paulo
1001 2312 1067 2343 cod.
1093 2313 1105 2353 <
1107 2316 1170 2352 pro
1185 2310 1301 2351 pauio)
1414 2312 1519 2340 totum
1537 2317 1668 2340 versum

339 2361 550 2395 Menaechmo
565 2359 648 2391 dant
661 2359 724 2390 alii
886 2359 951 2396 614
969 2359 1045 2398 post
1059 2366 1088 2387 v.
1108 2356 1174 2394 619
1190 2353 1363 2394 Kiessling
1443 2352 1523 2392 quid
1541 2352 1668 2382 Parcus

339 2409 402 2446 615
426 2405 575 2446 quinque
591 2403 658 2434 cod.
673 2414 680 2434 ε
704 2402 760 2442 qui
777 2411 863 2442 quae
881 2401 930 2431 13²
1018 2399 1068 2431 vel
1081 2399 1270 2439 pernegat?
1289 2396 1543 2438 (interrogative)
