1742 2718
741 100 947 139 CASINA
1457 100 1503 135 V.
1526 97 1539 133 i

284 218 401 262 poeta
420 218 539 260 atque
559 217 602 248 ut
623 211 720 248 haec
741 217 798 248 est
820 210 926 249 fabre
947 212 1049 249 facta
1067 210 1118 248 ab
1140 209 1265 248 nobis.

284 278 353 316 CL.
386 283 556 326 optunso
577 287 643 313 ore
663 288 768 312 nunc
788 275 976 325 peruelim
998 273 1211 325 progrediri

283 354 428 387 senem,
452 353 532 390 quo
552 353 671 378 senex
691 339 856 389 nequior
876 341 999 378 nullu’
1025 339 1134 378 uiuit.

285 420 301 438 :k
364 424 380 440 ‚f
442 419 459 438 2³<
521 420 538 439 *
598 404 671 442 nisi
692 403 800 441 illum
822 403 983 454 quidem
1530 420 1568 441 10

88 475 152 521 865
175 472 405 522 nequiorem
427 484 512 510 esse
531 470 715 509 arbitrare
737 469 803 519 qui
824 470 984 520 praebet
1004 469 1058 508 illi
1079 471 1220 509 locum.

284 551 301 570 κ
362 552 380 570 ιι
440 550 459 570 *
519 549 536 567 *
594 533 668 586 (te)
687 548 792 572 nunc
813 534 1033 584 praesidem

280 602 373 640 uolo
392 600 466 648 hic,
492 599 725 646 Pardalisca,
748 612 842 645 esse,
866 598 933 649 qui
954 599 1046 639 hinc
1073 607 1185 639 exeat

280 679 371 704 eum
393 673 433 703 ut
493 679 510 698 *
571 678 588 697 *
650 663 822 702 ludibrio
842 664 999 703 habeas.
1060 666 1130 702 PA.
1161 665 1302 704 lubens
1322 665 1452 704 fecero

333 743 350 763 *
412 744 429 763 ³⁵
489 737 527 769 et
548 731 687 768 solens.
1530 747 1566 780 15

41 800 149 842 87o-1
174 798 243 835 CL.
277 810 294 830 ³1<
356 810 373 830 *
432 801 608 845 spectato
628 793 721 831 hinc
741 792 897 831 omnia:
926 792 1031 832 intus
1052 794 1148 844 quid
1167 801 1284 844 agant

170 858 358 912 (loquere.
405 860 509 912 MV.)
528 873 631 910 pone
653 860 754 905 med,
772 859 926 897 amabo.
983 859 1053 898 CL.
1077 866 1115 897 et
1134 858 1190 898 ibi
1209 859 1300 898 licet
1319 858 1507 899 audacius

279 939 380 976 quae
399 925 497 963 uelis
517 924 638 963 libere
658 923 849 974 proloqui.
910 925 994 962 Mv.
1026 931 1122 971 tace,

334 997 467 1029 nostra
485 989 577 1029 foris
597 988 756 1039 crepuit.

253 1112 513 1151 OLYMPIO
624 1111 940 1149 MYRRHINA
1051 1111 1422 1151 CLEVSTRATA
1521 1115 1550 1152 ii

656 1176 1018 1213 PARDALISCA

86 1265 151 1309 875
227 1259 300 1297 OL.
343 1259 484 1308 Neque
515 1270 596 1306 quo
633 1256 779 1306 fugiam
818 1269 948 1306 neque
981 1255 1050 1294 ubi
1084 1258 1227 1296 lateam
1261 1271 1390 1309 neque
1429 1261 1506 1298 hoc

949 1322 1115 1360 dedecu’
1137 1336 1217 1372 quo
1238 1325 1359 1362 modo
1380 1326 1504 1363 celem

220 1386 1504 1439 scio‚tantumerusatqueegoflagitiosuperauimu'nuptiisnostris,

225 1453 279 1492 ita
307 1467 414 1492 nunc
433 1454 567 1504 pudeo
586 1460 705 1503 atque
725 1452 778 1490 ita
798 1466 905 1491 nunc
930 1466 1059 1503 paueo
1079 1460 1198 1503 atque
1223 1453 1276 1491 ita
1300 1453 1507 1493 inridiculo

1218 1523 1353 1557 sumus
1374 1520 1504 1558 ambo.

171 1584 242 1623 sed
271 1597 345 1634 ego
371 1582 558 1634 insipiens
583 1596 690 1622 noua
716 1596 822 1621 nunc
849 1582 976 1622 facio:
1007 1584 1131 1634 pudet
1156 1597 1275 1634 quem
1303 1584 1400 1634 priu'
1427 1598 1507 1624 non

1056 1649 1277 1699 puditumst
1305 1663 1504 1700 umquam.

170 1727 331 1765 operam
369 1715 470 1761 date,
507 1714 603 1752 dum
643 1726 730 1752 mea
768 1714 870 1752 sacta
904 1713 1025 1752 itero:
1070 1721 1128 1753 est
1164 1728 1306 1764 operae
1339 1715 1507 1766 pretium
1529 1725 1546 1758 5

1139 1779 1297 1819 auribus
1318 1781 1505 1832 accipere,

86 1852 156 1886 880
172 1844 226 1883 ita
244 1844 408 1884 ridicula
427 1844 574 1891 auditu,
597 1844 736 1883 iteratu
757 1858 802 1884 ea
822 1852 913 1884 sunt
933 1859 1035 1896 quae
1056 1859 1129 1896 ego
1145 1847 1250 1885 intus
1273 1847 1438 1886 turbaui.

215 1950 342 1989 862—71
362 1950 564 1990 paucissima
587 1955 714 1981 servata
739 1951 773 1982 in
797 1952 831 1983 A
990 1956 1118 1994 864—71
1146 1955 1239 1984 initia
1269 1953 1424 1984 mutilata
1451 1957 1511 1984 aut

172 1997 287 2024 temere
300 1993 446 2034 suppleta
469 1993 504 2024 P
522 1994 573 2034 (cſs
601 1994 692 2026 adv.
718 1995 798 2036 844)
933 2000 996 2037 864
1021 1999 1084 2029 nisi
1113 1998 1221 2028 Brix:
1245 2008 1288 2029 ne
1311 1997 1352 2037 P,
1374 1997 1408 2028 A
1432 2008 1463 2028 n.
1486 1998 1506 2027 l.

173 2037 237 2076 865
260 2047 291 2067 n.
311 2047 341 2068 a.
361 2047 389 2067 e.
403 2047 433 2076 q.
448 2036 467 2067 1.
481 2047 514 2077 p.
533 2037 580 2068 illi
596 2037 636 2078 P,
649 2038 682 2068 A
700 2049 731 2069 n.
745 2039 763 2070 l.
785 2051 791 2070 :
819 2041 926 2072 traieci
937 2042 1073 2081 (Journ.
1095 2042 1182 2072 Phil.
1197 2043 1250 2081 26,
1263 2042 1343 2082 298)
1441 2042 1507 2072 866

174 2085 207 2110 te
218 2079 293 2111 add.
310 2078 405 2110 Valla
529 2082 591 2120 867
617 2082 695 2112 uolo
711 2082 744 2111 A
763 2095 770 2114 :
794 2094 859 2115 om.
876 2084 909 2114 P
920 2084 1034 2126 (spat.)
1165 2086 1230 2124 869
1255 2085 1375 2116 uolens
1387 2085 1509 2116 Preuss

176 2123 224 2163 (A
238 2134 271 2154 n.
287 2123 324 2164 l.)
341 2135 348 2154 :
370 2124 427 2154 vix
440 2124 550 2156 sciens
568 2125 624 2165 (cs.
640 2125 689 2156 ad
700 2125 798 2163 Epz‘d.
813 2128 891 2166 237)
1007 2130 1071 2168 870
1097 2128 1188 2160 intus
1200 2129 1278 2168 quid
1291 2129 1382 2160 intus
1395 2139 1423 2160 a.
1441 2128 1505 2169 PE,

173 2166 207 2196 A
223 2177 255 2197 n.
268 2166 288 2197 l.
423 2170 486 2207 872
507 2169 647 2208 loquere
664 2169 780 2199 addidi
865 2181 910 2201 an
927 2172 1009 2204 tibi?
1100 2173 1262 2204 audacius
1280 2173 1359 2204 licet
1374 2184 1381 2204 :
1405 2172 1512 2203 traieci

174 2211 238 2249 873
263 2210 360 2241 uisP
444 2211 533 2254 MY.]
550 2212 600 2243 vel
614 2212 676 2244 PA.
695 2213 747 2252 (ef.
767 2212 814 2243 ad
826 2225 856 2244 v.
871 2215 951 2255 874)
1073 2217 1137 2256 874
1161 2220 1278 2247 uestra
1290 2216 1324 2246 A
1443 2217 1508 2254 876

174 2254 244 2284 srus
260 2254 293 2284 Ρ
307 2253 421 2296 (Fpro
439 2254 480 2294 E)
613 2257 675 2294 877
702 2256 748 2286 ita
765 2260 831 2288 tert.
850 2268 917 2290 om.
935 2259 968 2289 A
1061 2259 1274 2290 inridiculum
1290 2260 1324 2290 P
1443 2259 1506 2297 878

175 2308 241 2336 que
252 2297 284 2328 P
369 2298 523 2337 puditum
535 2309 692 2338 umquam
706 2305 757 2330 est
769 2299 804 2329 P
910 2304 974 2342 879
1000 2313 1103 2343 opera
1115 2304 1146 2334 d.
1161 2303 1196 2333 P
1281 2304 1425 2343 pretium
1437 2313 1503 2333 om.

173 2340 208 2371 P
328 2341 458 2380 880-90
476 2342 565 2381 fines
592 2343 780 2383 (linearum,
805 2344 836 2374 si
857 2355 922 2376 non
946 2346 1116 2388 versuum)
1147 2346 1295 2378 mutilati
1313 2351 1374 2378 aut
1395 2351 1509 2378 temere

174 2384 310 2426 suppleti
323 2383 357 2414 P
370 2384 421 2426 (cf.
442 2384 530 2418 adv.
549 2386 629 2427 901)
743 2386 809 2418 880
832 2388 980 2431 turbaui]
998 2394 1033 2421 tu
1049 2390 1083 2421 P

219 2438 336 2460 PLAvT.
356 2437 368 2459 1
1379 2432 1422 2464 18
