1742 2718
666 74 1013 113 AMPHITRVO
1445 74 1492 110 V.
1514 74 1526 110 i

171 187 271 226 erilis
292 187 504 237 praeuortit
524 194 652 225 metus
672 201 678 223 :
709 197 881 229 accurro,
906 191 947 220 ut
969 182 1132 220 sciscam
1155 182 1249 231 quid
1270 181 1374 220 uelit.

61 263 151 297 1070
169 260 287 302 atque
307 252 413 290 illam
434 251 612 301 geminos
634 250 733 288 filios
754 262 897 300 pueros
919 247 1116 298 peperisse
1138 247 1368 297 conspicor;

170 330 298 367 neque
332 325 508 355 nostrum
543 316 753 366 quisquam
787 313 992 360 sensimus,
1025 326 1147 362 quom
1178 312 1338 362 peperit,
1370 326 1499 362 neque

1240 377 1495 428 prouidimus.

224 447 294 485 sed
314 446 410 497 quid
430 448 537 486 hoc?
566 446 653 497 quis
681 445 745 484 hic
766 452 825 484 est
852 458 971 483 senex
1001 443 1068 494 qui
1096 451 1187 481 ante
1215 442 1323 481 aedis
1348 450 1499 480 nostras
1522 457 1560 478 20

1292 507 1346 545 sic
1372 507 1500 546 iacet?

491 589 683 614 numnam
704 576 810 613 hunc
830 573 1021 624 percussit
1043 573 1249 623 Iuppiter?

170 643 288 681 credo
322 642 475 692 edepol,
508 654 600 679 nam
634 654 704 691 pro
737 639 915 690 Iuppiter
945 639 1138 688 sepultust
1173 637 1284 688 quasi
1319 637 1367 675 sit
1402 651 1499 675 mor-

1399 709 1497 741 tuos.

61 784 147 821 1075
168 773 236 811 ibo
270 780 308 811 et
341 785 594 822 cognoscam,
628 770 805 821 quisquis
840 776 908 808 est.
969 768 1207 819 Amphitruo
1241 767 1304 805 hic
1339 768 1499 817 quidem

1165 831 1258 885 (est)
1278 834 1355 870 eru’
1376 846 1498 870 meus.

170 902 420 953 Amphitruo.
497 904 580 940 AM.
612 900 719 951 perii.
802 902 876 938 BR.
910 913 1032 949 surge.
1094 900 1176 936 AM.
1209 897 1346 935 interii.
1425 900 1497 935 BR.

702 967 802 1005 cedo
823 979 997 1003 manum.
1058 965 1140 1001 AM.
1173 963 1259 1013 quis
1282 977 1344 1001 me
1365 965 1501 1001 tenet?

171 1037 245 1073 BR.
278 1042 344 1074 tua
374 1034 534 1074 Bromia
561 1033 713 1073 ancilla.
786 1034 868 1071 AM.
902 1039 1007 1071 totus
1034 1031 1167 1078 timeo,
1196 1031 1249 1069 ita
1269 1032 1360 1069 med
1381 1030 1501 1069 incre·
1523 1047 1559 1078 ²5

1205 1095 1289 1146 puit
1311 1095 1513 1145 Iuppiter„

171 1179 246 1205 nec
266 1179 378 1205 secus
399 1172 457 1204 est
477 1164 590 1215 quasi
610 1164 642 1203 si
661 1164 712 1202 ab
733 1164 985 1202 Accherunte
1010 1161 1178 1201 ueniam.
1240 1162 1309 1200 sed
1337 1160 1432 1211 quid
1459 1169 1501 1199 tu

1400 1228 1501 1264 foras

173 1310 326 1347 egressa
340 1297 411 1334 es?
463 1298 536 1334 BR.
564 1296 703 1333 eadem
718 1307 792 1332 nos
812 1292 983 1332 formido
1004 1292 1162 1331 timidas
1182 1300 1327 1331 terrore
1347 1291 1501 1342 impulit

64 1368 154 1402 1080
172 1361 213 1399 in
232 1361 397 1400 aedibus
418 1368 459 1399 tu
481 1360 549 1399 ubi
569 1359 733 1398 habitas.
793 1358 915 1396 nimia
935 1358 1032 1396 mira
1051 1358 1144 1396 uidi.
1205 1371 1279 1396 uae
1299 1357 1407 1404 mihi,

173 1425 411 1476 Amphitruo
419 1440 430 1474 5
450 1427 504 1464 ita
520 1424 616 1463 mihi
630 1424 786 1463 animus
799 1423 917 1462 etiam
934 1437 1040 1461 nunc
1052 1423 1174 1461 abest.
1226 1425 1309 1460 AM.
1331 1423 1500 1471 agedum

1301 1521 1308 1525 .
1337 1488 1501 1539 expedi:

173 1557 256 1596 scin
283 1570 346 1596 me
370 1563 481 1595 tuom
501 1569 588 1595 esse
608 1569 718 1594 erum
738 1556 1102 1605 Amphitruonem?
1159 1556 1234 1592 BR.
1265 1553 1358 1592 scio.
1417 1556 1499 1591 ΑΜ.
1523 1569 1563 1600 30

872 1619 965 1658 uide
984 1619 1102 1658 etiam
1123 1633 1240 1657 nunc.
1301 1621 1375 1657 BR.
1407 1618 1499 1656 scio.

174 1690 256 1726 AM.
288 1689 386 1727 haec
406 1689 489 1726 sola
510 1700 645 1725 sanam
666 1692 841 1724 mentem
861 1691 986 1735 gestat
1006 1697 1185 1723 meorum
1205 1683 1464 1722 familiarium.

176 1756 249 1791 BR.
280 1752 405 1791 immo
438 1765 577 1791 omnes
611 1750 696 1790 sani
730 1757 821 1789 sunt
854 1750 1041 1799 profecto.
1118 1751 1202 1787 AM.
1233 1756 1272 1787 at
1311 1762 1374 1787 me
1407 1761 1505 1786 uxor

1209 1812 1391 1852 insanum
1412 1813 1504 1851 facit

68 1890 154 1934 1085
176 1883 255 1922 suis
286 1882 413 1922 foedis
446 1881 570 1921 factis.
643 1883 718 1919 BR.
749 1887 788 1918 at
822 1893 896 1930 ego
929 1879 1070 1918 faciam
1105 1886 1146 1918 tu
1179 1878 1286 1917 idem
1319 1886 1362 1917 ut
1395 1878 1505 1917 aliter

1289 1943 1503 1994 praedices,

230 2012 479 2063 Amphitruo,
502 2012 609 2063 piam
630 2019 668 2050 et
687 2010 875 2062 pudicam
895 2009 981 2048 e'sse
1001 2017 1110 2048 tuam
1131 2022 1291 2048 uxorem
1312 2016 1354 2046 ut
1374 2008 1483 2047 scias.

230 2079 282 2117 de
302 2092 348 2117 ea
366 2092 407 2116 re
427 2077 537 2128 signa
555 2085 675 2127 atque
695 2082 925 2126 argumenta
943 2075 1080 2125 paucis
1100 2074 1230 2113 uerbis
1252 2076 1423 2124 eloquar.
1526 2089 1563 2121 35

225 2183 309 2221 1069
333 2187 442 2213 metus
457 2182 588 2213 Nonius
603 2183 666 2221 362
683 2192 690 2212 :
714 2156 825 2211 mgtus
837 2180 901 2212 cod.
923 2185 960 2211 ut
970 2179 1032 2211 vid.
1055 2180 1181 2219 (motus
1197 2179 1244 2217 D,
1257 2183 1389 2209 meotus
1399 2177 1440 2218 B,
1454 2188 1507 2207 me

179 2225 269 2257 otius
283 2225 352 2266 PE)
459 2235 542 2265 1075
559 2224 705 2268 (atque)
720 2224 843 2262 Amph.
863 2223 973 2255 Luchs
1076 2227 1128 2253 est
1140 2222 1191 2263 (e)
1206 2221 1282 2252 add.
1299 2221 1508 2253 Camerarius

182 2269 302 2310 (praec.
321 2275 364 2309 -e,
384 2269 402 2300 i.
415 2280 440 2300 e.
461 2270 546 2310 -em)
644 2279 726 2308 1077
752 2269 802 2298 vel
816 2270 862 2298 ita
879 2279 932 2299 me
1032 2269 1112 2306 1083
1137 2276 1254 2296 sanam
1274 2264 1506 2296 Camerarius:

713 2320 793 2338 orum

181 2356 311 2378 sarcam
336 2346 400 2377 cod.
428 2346 478 2386 (rc
499 2351 562 2386 pro
585 2345 624 2386 n)
651 2355 803 2377 mearum
826 2344 893 2376 cod.
913 2348 952 2375 ut
970 2343 1035 2375 vid.
1056 2343 1203 2384 (morum
1227 2342 1270 2382 D,
1290 2351 1439 2372 mearum
1463 2340 1508 2379 E,

183 2399 257 2420 mea
266 2389 334 2428 PE)
428 2392 512 2421 1086
527 2394 617 2421 tuam
634 2390 667 2420 in
686 2399 791 2430 marg.
812 2391 849 2419 ut
862 2387 925 2420 vid.
943 2386 1009 2419 cod.
1031 2386 1134 2428 (unde
1148 2391 1237 2417 tuam
1255 2396 1331 2417 esse
1347 2384 1379 2415 Β
1375 2384 1413 2423 ],
1431 2393 1506 2413 esse

184 2437 274 2464 tuam
291 2433 328 2472 E,
349 2443 425 2464 esse
440 2432 490 2474 D)

227 2486 346 2508 PLAVT.
366 2486 378 2506 x
1396 2473 1414 2502 4
