1814 2723
221 45 300 84 ΙΙΙ.
324 45 369 83 iii
742 44 788 80 T.
824 41 1003 81 MACCI
1035 40 1238 78 PLAVTI

328 156 398 194 sed
420 154 486 205 qui
507 153 726 205 perspicere
748 159 909 203 possent
931 148 1014 203 [cor
1035 148 1259 199 sapientiae,

328 220 443 270 igitur
463 220 681 270 perspicere
703 225 745 256 ut
766 213 934 268 possint]
955 214 1083 253 cordis
1104 213 1258 264 copiam
1275 227 1285 260 ;
1681 211 1744 254 385

291 300 308 331 5
331 286 399 324 ubi
420 285 461 324 id
482 283 750 334 inspexissent,
775 280 990 331 cogitarent
1011 286 1148 330 postea

331 351 452 390 uitam
475 358 517 388 ut
537 348 724 387 uixissent
745 346 840 386 olim
860 346 900 383 in
920 343 1198 383 adulescentia.

331 416 402 454 fuit
423 413 672 454 conducibile
693 414 770 450 hoc
792 411 953 461 quidem
974 423 1062 448 mea
1082 409 1287 448 sententia.

331 483 394 520 uel
416 477 654 534 [quasi]⁴ego
677 475 802 531 [met],
826 476 894 526 qui
914 476 1067 514 dudum
1088 475 1141 512 fili
1162 488 1300 513 caussa
1320 487 1527 524 coeperam

332 560 404 597 ego
426 560 488 584 me
509 543 729 583 excruciare
749 541 881 588 animi,
905 540 1016 590 quasi
1036 539 1132 590 quid
1153 539 1254 577 filius
1683 548 1750 583 390

274 629 314 652 10
333 613 433 650 meu'
455 609 683 660 deliquisset
704 608 796 646 med
817 620 907 656 erga
926 613 993 644 aut
1015 602 1159 658 [quasi]
1180 618 1261 642 non
1281 605 1462 654 pluruma

334 678 538 715 malefacta
558 677 646 712 mea
666 680 796 712 essent
817 671 944 710 solida
962 670 1002 709 in
1022 668 1301 709 adulescentia.

334 743 510 792 profecto
531 739 741 778 deliramus
763 737 960 776 interdum
982 749 1105 774 senes.

335 807 405 845 sed
427 807 527 844 meu’
549 803 693 843 sodalis
714 803 743 841 it
763 816 853 841 cum
875 801 1020 851 praeda
1041 799 1276 849 Apoecides.

337 871 469 910 uenire
491 872 640 909 saluom
664 875 920 907 mercatorem
942 866 1107 916 gaudeo.
1685 869 1750 907 395

278 951 316 983 15
338 936 433 987 quid
482 937 553 973 fit?
628 935 700 972 ΑΡ.
750 932 789 971 di
838 933 1016 981 deaeque
1064 937 1102 968 te
1149 929 1350 968 adiuuant.
1429 931 1497 966 PE.
1547 941 1664 966 omen

1525 994 1664 1043 placet.

338 1070 411 1106 ΑΡ.
443 1066 539 1117 quin
560 1064 683 1104 omini
703 1077 842 1103 omnes
863 1068 1079 1113 suppetunt
1099 1075 1158 1099 res
1179 1073 1398 1110 prosperae.

338 1134 407 1171 sed
429 1139 470 1170 tu
491 1133 618 1172 †hanc
638 1130 775 1169 iubes†
796 1128 897 1167 intro
918 1125 1075 1166 abduci.
1136 1128 1205 1163 PE.
1236 1126 1333 1163 heus
1352 1127 1359 1162 ἔ
1394 1125 1496 1162 foras

337 1198 437 1238 exite
457 1199 536 1236 huc
555 1196 705 1246 aliquis.
765 1196 867 1234 duce
888 1193 1002 1232 istam
1023 1192 1126 1230 intro
1146 1190 1362 1229 mulierem.

337 1272 456 1314 atque
476 1262 626 1302 audin?
682 1262 745 1300 SE.
778 1259 875 1310 quid
896 1258 985 1296 uis?
1042 1259 1110 1295 PE.
1144 1270 1241 1295 caue
1262 1255 1344 1293 siris
1365 1268 1455 1293 cum
1477 1252 1555 1292 filia
1685 1268 1757 1301 400

278 1344 318 1367 20
339 1343 425 1368 mea
446 1326 619 1379 copulari
640 1328 743 1364 hanc
764 1339 893 1375 neque
915 1323 1152 1374 conspicere.
1212 1320 1290 1359 iam
1311 1321 1449 1359 tenes?

338 1396 379 1434 in
398 1394 619 1433 aediculam
639 1392 764 1429 istanc
785 1403 937 1428 sorsum
959 1386 1145 1427 concludi
1165 1387 1269 1424 uolo.

340 1460 542 1499 diuortunt
562 1470 690 1496 mores
711 1454 850 1505 uirgini
871 1455 987 1503 longe
1007 1466 1053 1491 ac
1074 1454 1200 1502 lupae.

342 1527 413 1563 AP.
445 1525 562 1563 docte
583 1529 620 1561 et
641 1520 836 1571 sapienter
856 1518 966 1558 dicis.
1026 1514 1279 1568 num<quam)
1298 1515 1405 1554 nimi'
1425 1522 1555 1565 potest
1620 1529 1621 1532 ¹

342 1588 571 1640 pudicitiam
593 1586 802 1637 quisquam
823 1598 917 1622 suae
938 1596 1091 1622 seruare
1113 1581 1226 1620 filiae.
1690 1591 1754 1627 405

284 1668 323 1699 25
343 1656 485 1706 edepol
506 1668 555 1692 ne
575 1653 689 1691 istam
713 1665 730 1685 *
757 1649 921 1700 temperi
941 1656 1060 1700 gnato
1081 1656 1149 1686 tuo

384 1759 447 1796 384
471 1756 531 1787 sed
548 1766 592 1786 an
609 1756 668 1786 sed
687 1755 720 1785 id
748 1755 854 1784 incert.
888 1752 953 1784 cod.
1076 1761 1134 1781 cor
1157 1749 1346 1789 sapientiae
1365 1748 1439 1786 (pro
1453 1747 1622 1786 sapientia
1639 1752 1670 1785 ἐ,

340 1800 390 1833 ie.
412 1804 463 1830 est
476 1800 501 1839 ἒ)
523 1824 529 1830 .
547 1823 555 1830 .
576 1822 583 1829 .
600 1798 732 1838 possint
757 1797 816 1828 del.
851 1796 985 1836 Geppert
1009 1795 1067 1834 (iv.
1092 1796 1123 1831 1)
1265 1793 1329 1831 388
1353 1792 1415 1822 lzuc
1429 1794 1552 1830 transp.
1570 1790 1675 1821 Brix:

335 1848 410 1886 post
422 1853 485 1883 393
494 1843 593 1873 exhib.
607 1841 672 1873 cod.
696 1842 805 1882 (prius
824 1851 887 1870 om.
903 1842 1036 1880 propter
1049 1837 1259 1868 lzomoeoteL?
1278 1836 1314 1866 ii.
1327 1837 1362 1875 6)
1451 1845 1527 1865 mea
1537 1834 1672 1873 quidem

341 1887 520 1925 Acidalius,
541 1886 688 1924 rlzytlzmz'
701 1895 799 1915 causa
936 1884 999 1922 389
1022 1882 1118 1921 quasi
1136 1881 1196 1911 del.
1217 1879 1350 1910 Guietus
1450 1888 1514 1915 ego
1542 1877 1674 1907 Guietus

343 1931 395 1972 (cf.
416 1941 445 1962 v.
466 1931 544 1969 390)
607 1930 732 1960 dudum
754 1928 887 1959 Guietus
904 1938 909 1957 t
937 1927 1015 1956 dum
1029 1925 1095 1956 cod.
1185 1933 1250 1962 390
1271 1922 1321 1953 vel
1335 1932 1399 1960 ego
1415 1921 1514 1952 med:
1540 1924 1674 1959 egomet

343 1986 395 2005 me
420 1972 558 2004 Mueller
579 1974 631 2013 (cf.
657 1984 685 2003 v.
717 1972 797 2012 389)
933 1980 992 2009 391
1021 1979 1117 1999 meus
1137 1967 1183 2005 J:
1217 1965 1336 1996 melius
1360 1965 1427 1996 cod.
1519 1974 1572 1994 me
1595 1963 1670 1993 Ital.

344 2018 440 2058 quasi
465 2017 522 2048 del.
541 2016 667 2046 Ritsvhl
756 2015 899 2055 plurima
916 2012 1018 2043 Pius:
1044 2012 1233 2050 plurumum
1251 2009 1317 2040 cod.
1439 2009 1503 2047 396
1527 2008 1562 2038 fit
1575 2006 1646 2037 Ital.
1665 2017 1672 2036 τ

344 2063 387 2093 sit
402 2060 468 2092 cod.
558 2061 716 2091 adiuuant
736 2059 808 2100 [res
824 2056 987 2096 propere]
1007 2055 1065 2085 PE.
1083 2054 1151 2085 cod.
1170 2054 1224 2092 (ex
1238 2063 1268 2084 v.
1288 2052 1368 2092 397)
1509 2061 1571 2090 397
1597 2060 1673 2089 pro-

345 2115 446 2145 spere
461 2103 537 2134 Ital.
550 2104 615 2143 (vel
624 2103 712 2136 -raeB
728 2113 734 2133 :
761 2110 907 2141 propere
922 2099 989 2129 cod.
1089 2099 1152 2136 398
1176 2095 1280 2135 hanc]
1298 2096 1406 2126 istanc
1417 2095 1502 2125 Brz'x
1579 2093 1673 2124 iubes

346 2149 428 2189 (PE)
452 2148 500 2178 vel
523 2148 641 2177 lubens
668 2145 732 2185 (Β)
757 2143 845 2174 cod.:
877 2142 954 2173 iube
978 2142 1025 2172 sis
1052 2142 1232 2172 Gruterus:
1265 2139 1341 2170 iube
1369 2139 1397 2169 si
1424 2139 1515 2178 sapis
1540 2137 1676 2177 Seyffi’rt

348 2204 411 2232 404
435 2201 615 2230 numquam
632 2189 805 2220 Fleckeisen
822 2199 828 2217 ς
859 2196 939 2216 num
956 2184 1021 2216 cod.
1157 2192 1220 2222 405
1245 2182 1438 2222 pudicitiam
1456 2182 1530 2221 quis
1545 2180 1675 2219 Bentley

349 2236 424 2276 (del.
458 2244 580 2274 quam;
613 2233 651 2272 cf.
679 2232 724 2263 ad
745 2242 773 2262 v.
801 2231 881 2269 404)
1036 2228 1100 2266 406
1118 2230 1193 2267 post
1218 2226 1316 2256 istam
1342 2236 1406 2256 ras.
1434 2226 1454 2255 8
1482 2224 1543 2255 litt.
1566 2223 1599 2252 in
1623 2223 1672 2254 B:

349 2281 446 2311 istam
468 2275 614 2320 (hodie)
636 2275 793 2306 Mueller:
832 2273 931 2303 istam
955 2269 1134 2314 (inlipso)
1157 2268 1294 2300 Redslob
1320 2268 1421 2309 (Berl.
1451 2268 1536 2299 Phil.
1568 2265 1673 2297 Woclz.

350 2334 403 2361 22,
423 2322 501 2362 553)
593 2324 746 2358 tempore
763 2316 827 2348 cod.
