1814 2723
142 57 218 94 III.
241 56 286 94 iv
663 56 710 92 T.
743 52 924 93 MACCI
955 52 1158 90 PLAVTI

244 180 375 218 neque
412 166 531 205 fuisse
569 177 769 215 umquam,
811 176 940 213 neque
982 175 1067 200 esse
1105 160 1287 199 morbum
1330 171 1448 208 quem
1486 157 1573 196 istic

1253 229 1255 231 ’
1383 229 1569 262 autumat.

188 312 227 346 75
246 311 384 336 uerum
405 296 437 336 si
457 296 552 347 quid
573 294 714 334 metuis
735 308 758 332 a
778 307 851 341 me,
874 293 967 331 iube
986 306 1050 332 me
1070 291 1232 330 uinciri:
1261 291 1366 336 uolo,

245 364 342 401 dum
362 362 448 400 istic
468 362 605 400 itidem
626 359 829 398 uinciatur.
889 360 962 396 Tv.
993 357 1115 395 immo
1136 356 1241 395 enim
1261 368 1366 401 uero,
1391 353 1533 403 Hegi0‚

246 427 333 466 istic
349 427 416 477 qui
433 428 516 465 uolt
532 425 737 464 uinciatur.
796 426 873 461 AR.
905 431 991 461 tace
1012 423 1144 460 modo.
1168 434 1240 471 ego
1261 428 1309 467 te,
1334 418 1573 457 Philocrates

245 495 351 540 false,
374 492 513 531 faciam
534 498 576 529 ut
596 503 711 529 uerus
731 489 851 527 hodie
872 488 1062 538 reperiare
1082 488 1298 536 Tyndarus.
1593 494 1662 528 610

248 558 345 609 quid
374 557 427 595 mi
457 557 655 595 abnutas?
710 556 783 593 ΤΥ.
816 553 888 592 tibi
912 566 984 603 ego
1008 553 1187 591 abnuto?
1243 553 1319 588 AR.
1352 549 1447 599 quid
1474 554 1572 598 agat,

1220 616 1251 654 si
1271 615 1374 666 apsis
1394 613 1577 663 longius?

189 695 230 724 80
250 691 331 727 HE.
364 688 460 738 quid
480 687 565 726 ais?
594 686 690 737 quid
711 686 742 724 si
766 687 906 725 adeam
930 686 1036 723 hunc
1056 683 1270 722 insanum?
1325 682 1398 718 ΤΥ.
1430 681 1576 728 nugas!

1299 744 1573 790 ludificabitur,

248 819 386 871 garriet
407 818 501 869 quoi
521 831 651 868 neque
672 830 741 868 pes
762 829 951 866 umquam
973 827 1102 864 neque
1122 820 1240 863 caput
1259 817 1493 861 compareat.
1543 819 1579 825 ·“‘

248 892 479 923 ornamenta
498 890 665 933 apsunt:
695 882 869 928 Aiacem,
889 882 995 918 hunc
1016 892 1137 929 quom
1157 877 1280 924 uides,
1303 876 1431 926 ipsum
1454 874 1575 913 uides.
1598 877 1664 921 615

249 952 330 988 HE.
363 949 474 988 nihili
512 948 623 987 facio.
683 955 815 986 tamen
853 945 983 984 adibo.
1051 946 1124 981 ΤΥ.
1161 955 1266 980 nunc
1305 954 1377 991 ego
1415 939 1579 978 omnino

1438 1004 1577 1051 occidi,

252 1093 358 1119 nunc
379 1093 452 1130 ego
472 1078 572 1117 inte'r
592 1091 745 1117 sacrum
767 1089 982 1126 saxumque
1003 1082 1073 1121 sto,
1097 1087 1170 1112 nec
1191 1072 1287 1123 quid
1307 1071 1447 1110 faciam
1468 1069 1560 1108 scio.

191 1149 232 1189 85
255 1148 335 1184 HE.
366 1147 418 1184 do
435 1144 505 1184 tibi
521 1158 692 1194 operam,
709 1142 1024 1192 Aristophontes,
1040 1139 1071 1177 si
1087 1139 1183 1189 quid
1197 1146 1254 1177 est
1267 1138 1376 1188 quod
1392 1149 1454 1174 me
1471 1134 1578 1173 uelis.

254 1214 329 1249 AR.
362 1225 409 1250 ex
429 1224 492 1249 me
511 1209 667 1248 audibis
688 1222 780 1247 uera
800 1221 901 1258 quae
922 1219 1028 1244 nunc
1048 1207 1143 1243 falsa
1163 1203 1333 1254 opinare,
1358 1201 1500 1252 Hegio.

253 1278 323 1315 sed
344 1278 420 1315 hoc
440 1275 622 1326 primum,
645 1288 709 1312 me
729 1272 954 1323 expurigare
975 1270 1046 1309 tibi
1066 1271 1170 1316 uolo,
1193 1282 1257 1306 me
1276 1268 1468 1305 insaniam
1601 1268 1671 1302 620

253 1355 384 1392 neque
400 1350 532 1380 tenere
553 1353 682 1389 neque
699 1339 753 1376 mi
774 1352 858 1376 esse
876 1339 999 1375 ullum
1016 1336 1210 1381 morbum,
1228 1333 1302 1371 nisi
1318 1334 1426 1383 quod
1442 1330 1580 1370 seruio.

255 1415 294 1446 at
314 1407 367 1445 ita
383 1420 446 1445 me
462 1420 527 1444 rex
543 1407 707 1444 deorum
721 1411 839 1453 atque
856 1401 1063 1440 hominum
1076 1400 1169 1438 faxit
1185 1398 1330 1449 patriae
1346 1403 1584 1447 compotem,

195 1488 239 1522 90
257 1480 299 1511 ut
328 1471 415 1511 istic
445 1470 686 1509 Philocrates
721 1482 802 1507 non
834 1467 956 1517 magis
990 1473 1047 1505 est
1082 1478 1201 1515 quam
1232 1471 1298 1502 aut
1329 1476 1401 1512 ego
1434 1469 1501 1500 aut
1530 1469 1584 1499 tu.

1179 1532 1262 1568 HE.
1296 1530 1372 1567 eho
1392 1528 1456 1567 dic
1477 1527 1585 1574 mihi,
1603 1525 1605 1528 ’

257 1604 343 1654 quis
364 1603 441 1641 illic
462 1602 577 1653 igitur
593 1601 683 1640 est?
739 1602 815 1638 AR.
848 1612 967 1649 quem
984 1599 1137 1637 dudum
1154 1595 1232 1634 dixi
1253 1609 1275 1633 a
1294 1593 1486 1644 principio
1503 1592 1584 1631 tibi.

256 1671 333 1708 hoc
354 1669 384 1707 si
405 1670 508 1707 secu'
529 1666 707 1718 reperies,
730 1667 878 1703 nullam
900 1677 1079 1703 caussam
1100 1662 1190 1701 dico
1215 1660 1309 1711 quin
1331 1658 1426 1697 mihi
1607 1661 1673 1704 625

257 1743 295 1774 et
310 1743 516 1785 parentum
538 1741 576 1772 et
597 1731 786 1771 libertatis
806 1732 913 1781 apud
934 1738 972 1768 te
994 1728 1168 1778 deliquio
1189 1726 1270 1765 siet.

259 1802 340 1839 HE.
373 1800 469 1850 quid
496 1807 537 1838 tu
561 1798 647 1837 ais?
703 1799 775 1836 ΤΥ.
808 1810 871 1835 me
896 1804 1007 1834 tuom
1032 1808 1116 1833 esse
1145 1806 1300 1832 seruom
1330 1798 1368 1830 et
1392 1798 1429 1829 te
1457 1802 1589 1827 meum

944 1874 1064 1900 erum.
1125 1861 1205 1898 HE.
1237 1858 1345 1896 haud
1363 1856 1463 1894 istuc
1483 1867 1587 1904 rogo.

198 1944 238 1975 95
258 1930 393 1970 fuistin
412 1930 542 1969 liber?
597 1931 670 1967 ΤΥ.
702 1928 767 1967 fui.
819 1930 894 1966 AR.
919 1926 1025 1965 enim
1041 1938 1135 1964 uero
1155 1937 1236 1963 non
1257 1922 1339 1969 fuit,
1357 1934 1479 1971 nugas
1500 1919 1588 1969 agit.

258 1999 332 2035 ΤΥ.
364 1995 431 2046 qui
452 2003 493 2034 tu
515 1994 590 2034 scis
605 1997 622 2032 ?
650 2008 701 2032 an
722 2002 763 2032 tu
784 1994 947 2031 fortasse
968 1990 1073 2029 fuisti
1094 2003 1205 2028 meae
1225 1987 1339 2027 matri
1360 1985 1561 2036 opstetrix,

259 2061 328 2112 qui
356 2061 397 2100 id
426 2068 506 2099 tam
534 2061 721 2099 audacter
755 2058 885 2098 dicere
914 2058 1067 2096 audes?
1140 2057 1216 2093 AR.
1249 2065 1414 2103 puerum
1444 2059 1482 2089 te
1511 2049 1593 2088 uidi
1611 2054 1681 2099 630

1485 2129 1591 2166 puer.

261 2194 335 2257 :Pia
367 2198 406 2230 at
426 2204 499 2240 ego
519 2198 556 2229 te
577 2191 695 2229 uideo
715 2190 839 2229 maior
859 2188 1046 2227 maiorem
1063 2202 1070 2225 :
1100 2185 1162 2224 e'm
1178 2197 1311 2223 rusum
1332 2182 1412 2221 tibi.

308 2296 373 2334 614
397 2295 478 2334 quoi
495 2294 666 2324 Acidalz'us
683 2306 690 2325 t
715 2294 805 2333 quod
818 2292 882 2324 cod.
898 2293 933 2333 (i.
952 2302 979 2331 7,
991 2294 1028 2330 p.
1043 2289 1099 2327 21)
1188 2288 1254 2318 616
1279 2287 1374 2317 nihili
1386 2285 1595 2316 Lambinus:

267 2340 348 2370 nihil
367 2338 430 2369 cod.
558 2339 624 2377 619
648 2338 698 2368 vel
711 2338 830 2375 opinas
955 2336 1019 2364 620
1041 2334 1090 2364 vel
1105 2332 1180 2363 med
1198 2340 1392 2371 expurgare
1410 2330 1493 2371 (-rg-
1510 2327 1594 2368 cod.)

267 2385 329 2422 631
355 2380 452 2426 (uir)
469 2382 535 2413 uid.
557 2381 696 2412 Mueller
712 2381 843 2420 (Rhein.
863 2380 951 2409 Mus.
973 2389 1023 2417 54,
1044 2378 1122 2416 3853
