1814 2723
212 79 289 116 III.
311 79 339 116 ii
732 83 777 118 T.
813 82 993 121 MACCI
1026 83 1228 119 PLAVTI

313 194 385 231 AL.
419 207 498 231 non
521 193 664 232 ornatis
686 192 748 231 isti
768 194 875 243 apud
896 207 967 231 uos
989 193 1174 243 nuptias?
1231 195 1300 233 CL.
1334 207 1432 232 orno
1452 200 1491 232 et
1511 207 1615 244 paro.

312 259 385 296 AL.
418 273 498 297 non
533 273 623 308 ergo
658 272 756 308 opus
791 266 849 297 est
882 258 1100 297 adiutrice?
1157 260 1227 298 CL.
1260 258 1342 297 sati'
1377 258 1533 298 domist.
1574 257 1642 297 ubi

1483 323 1643 374 nuptiae

310 390 462 436 fuerint,
505 397 587 428 tum
627 389 740 427 istam
780 389 1015 427 conuenibo.
1080 403 1185 427 nunc
1225 391 1321 436 uale,
1362 396 1482 438 atque
1519 388 1644 426 istanc

1486 453 1645 492 iube*

312 522 385 558 AL.
417 519 511 569 quid
534 533 606 569 ego
627 533 733 557 nunc
754 518 924 556 faciam?
955 518 1143 568 flagitium
1165 532 1393 557 maxumum
1419 518 1493 557 feci
1514 518 1631 557 miser

252 604 290 625 20
312 593 470 636 propter
491 598 649 634 operam
671 584 772 622 illius
794 583 921 633 hirqui
944 585 1109 633 inprobi,
1135 583 1321 631 edentuli,
1665 595 1732 632 550

312 650 379 700 qui
400 651 476 688 hoc
498 649 592 686 mihi
614 648 805 687 contraxit
820 664 829 696 3
860 662 1019 698 operam
1041 648 1169 686 uxoris
1191 648 1379 698 polliceor
1400 649 1512 695 foras,

311 715 422 765 quasi
444 714 670 752 catillatum.
729 713 916 763 flagitium
939 713 1122 759 hominis,
1146 713 1212 763 qui
1235 713 1330 752 dixit
1351 713 1447 751 mihi

313 794 423 818 suam
459 793 618 818 uxorem
658 780 760 817 hanc
793 778 1064 817 arcessituram
1099 792 1207 826 esse3
1251 792 1296 816 ea
1330 792 1370 816 se
1405 792 1491 817 earn
1530 777 1646 828 negat

1449 843 1642 881 morarier.

315 918 433 960 atque
453 911 595 959 edepol
617 909 758 947 mirum
780 909 820 947 ni
842 910 996 948 subolet
1017 909 1093 947 iam
1115 910 1191 947 hoc
1213 908 1303 947 huic
1325 908 1479 946 uicinae
1500 922 1621 947 meae.

256 990 270 1010 2
278 988 294 1019 5
315 989 451 1014 uerum
472 982 604 1013 autem
624 977 884 1013 altrouorsum
902 974 1023 1024 quom
1040 988 1126 1012 eam
1148 987 1303 1012 mecum
1325 973 1516 1012 rationem
1537 980 1645 1024 puto,
1668 985 1731 1022 555

315 1041 345 1079 si
367 1041 463 1091 quid
483 1040 580 1079 eiius
601 1048 714 1087 esset,
737 1047 839 1078 esset
860 1054 1016 1078 mecum
1039 1039 1262 1089 postulatio.

314 1106 380 1145 ibo
400 1106 513 1153 intro,
537 1113 578 1144 ut
599 1106 819 1144 subducam
841 1105 974 1143 nauim
996 1119 1129 1143 rusum
1151 1104 1190 1143 in
1212 1103 1499 1155 puluinaria:u

317 1173 388 1211 CL.
418 1171 495 1209 iam
517 1171 581 1209 hic
597 1179 655 1209 est
671 1171 801 1221 lepide
818 1170 1052 1209 ludificatus.
1104 1170 1235 1209 miseri
1251 1177 1293 1208 ut
1314 1169 1499 1209 festinant
1515 1172 1646 1208 senes!

315 1251 422 1275 nunc
442 1250 515 1287 ego
531 1236 640 1274 illum
661 1236 782 1283 nihili,
802 1236 1046 1286 decrepitum
1069 1249 1201 1274 meum
1222 1235 1350 1274 uirum
1366 1235 1499 1274 ueniat
1515 1234 1645 1283 uelim,

256 1315 297 1346 30
316 1310 359 1341 ut
379 1316 469 1341 eum
490 1302 690 1341 ludificem
712 1301 896 1348 uicissim,
919 1309 1129 1351 postquam
1151 1302 1257 1339 hunc
1278 1301 1403 1340 delusi
1424 1303 1599 1339 alterum.
1668 1306 1735 1351 560

317 1381 407 1406 nam
430 1381 502 1417 ego
522 1367 670 1417 aliquid
692 1368 922 1405 contrahere
944 1366 1061 1416 cupio
1082 1366 1177 1416 litigi
1199 1366 1298 1404 inter
1319 1380 1386 1405 eos
1408 1368 1518 1405 duos.

317 1434 386 1472 sed
407 1447 545 1472 eccum
565 1432 723 1471 incedit.
773 1440 823 1479 at,
847 1440 968 1482 quom
989 1431 1154 1482 aspicias
1176 1431 1335 1479 tristem,
1354 1431 1453 1482 frugi
1473 1444 1644 1470 censeas.

254 1544 299 1581 iii
574 1546 904 1581 LYSIDAMVS
1015 1544 1387 1583 CLEVSTRATA

317 1627 386 1663 LY.
420 1625 589 1664 Stultitia
610 1638 751 1675 magna
771 1632 839 1671 est,
863 1638 951 1663 mea
971 1617 1132 1675 quidem
1154 1623 1357 1670 sententia,

315 1690 517 1730 homine'm
537 1697 753 1728 amatorem
774 1690 896 1728 ullum
919 1691 969 1728 ad
990 1691 1117 1728 forum
1138 1690 1362 1740 procedere,

315 1755 355 1794 in
375 1769 465 1794 eum
486 1755 591 1794 diem
613 1754 706 1805 quoi
727 1756 835 1805 quod
856 1762 961 1793 amet
981 1754 1021 1792 in
1042 1755 1193 1793 mundo
1214 1753 1310 1802 siet3
1667 1759 1731 1805 565

316 1821 415 1859 sicut
435 1834 508 1871 ego
528 1820 602 1859 feci
623 1821 787 1858 stultus:
819 1819 986 1859 contriui
1007 1819 1111 1858 diem
1116 1850 1127 1867 ,

278 1898 296 1930 5
316 1888 411 1925 dum
431 1894 517 1925 asto
536 1887 754 1925 aduocatus
776 1886 963 1937 quoidam
985 1893 1153 1936 cognato
1173 1899 1263 1923 meo
1278 1899 1288 1932 3

315 1965 433 2001 quem
453 1953 583 1990 hercle
604 1965 678 2002 ego
698 1952 806 1991 litem
827 1953 928 1991 adeo
948 1950 1164 2002 perdidisse
1184 1950 1352 1999 gaudeo,

314 2029 364 2054 ne
385 2030 448 2054 me
467 2017 708 2068 nequiquam
731 2017 804 2056 sibi
825 2016 944 2056 hodie
964 2015 1228 2055 aduocauerit.

315 2095 407 2119 nam
428 2095 517 2120 meo
539 2083 700 2133 quidem
720 2082 853 2121 animo
874 2081 941 2132 qui
961 2082 1175 2120 aduocatos
1195 2081 1365 2118 aduocet
1665 2092 1732 2129 570

360 2189 424 2227 546
447 2198 509 2218 nos
525 2187 559 2217 P
717 2197 782 2227 550
806 2186 949 2226 improbi
977 2183 1102 2228 <olidi>
1125 2183 1271 2222 Palmer,
1299 2184 1352 2213 cui
1372 2183 1481 2214 hiatus
1507 2182 1648 2223 displicet

252 2243 260 2253 κ
316 2241 380 2272 552
404 2231 537 2262 catillae
564 2236 634 2262 tum
666 2232 697 2262 T
833 2240 895 2270 553
921 2240 996 2260 esse
1021 2228 1079 2259 del.
1107 2227 1279 2258 Acidalius
1420 2237 1484 2266 555
1517 2237 1582 2266 quo
1607 2226 1641 2256 A

318 2275 448 2306 ratione
475 2275 508 2306 P
609 2277 674 2314 556
698 2279 789 2305 esset
805 2273 951 2305 semelP
981 2305 1004 2315 l
1051 2281 1113 2311 557
1137 2270 1361 2311 puluinarium
1381 2270 1413 2300 P
1511 2280 1575 2310 559
1598 2270 1648 2300 vel

316 2319 418 2350 illunc
518 2320 581 2357 565
606 2323 693 2349 amat
709 2319 743 2349 A
852 2318 916 2356 568
939 2315 1137 2356 perdisseP
1236 2324 1300 2354 570
1323 2325 1390 2345 om.
1408 2314 1441 2345 P
1457 2314 1518 2354 (iii,
1533 2324 1564 2354 p.
1583 2317 1642 2353 50)
