1742 2718
699 88 972 126 ASINARIA
1440 85 1492 121 II.
1515 84 1559 120 iii

87 217 149 252 395
173 205 255 241 ΜΕ.
288 215 411 253 quom
431 200 615 247 uenisset,
631 206 722 250 post
737 212 818 236 non
840 197 970 235 redit?
1027 197 1086 233 L1.
1110 207 1191 233 non
1208 195 1360 244 edepol.
1402 193 1497 242 quid
1524 207 1558 236 15

1307 258 1470 296 uolebas
1483 259 1500 295 ?

174 335 255 371 ΜΕ.
287 331 435 382 argenti
457 330 595 381 uiginti
616 330 754 376 minas,
778 328 809 366 si
829 329 996 374 adesset,
1018 324 1245 375 accepisset.

173 400 231 435 L1.
265 397 331 447 qui
352 411 422 447 pro
443 396 573 434 istuc?
631 397 715 433 ΜΕ.
747 394 879 432 asinos
901 391 1081 431 uendidit
1103 391 1261 429 Pellaeo
1281 387 1487 427 mercatori

172 471 355 501 mercatu.
415 463 475 499 L1.
508 461 600 499 scio.
661 468 702 498 tu
724 459 765 498 id
786 472 892 497 nunc
913 458 1059 496 refers?
1088 456 1164 494 iarn
1185 454 1250 493 hic
1270 454 1389 492 credo
1410 466 1499 491 eum

1261 520 1498 557 adfuturum.

173 596 257 632 ME.
288 607 366 643 qua
385 592 484 630 facie
504 598 636 630 uoster
657 591 802 629 Saurea
822 590 909 628 est?
938 588 970 626 si
991 588 1021 625 is
1043 594 1111 634 est,
1134 586 1211 624 iam
1232 584 1330 623 scire
1350 591 1497 634 potero.

89 672 154 704 400
174 661 233 697 L1.
266 656 483 696 macilentis
505 656 628 702 malis,
651 656 800 692 rufulus
820 653 1077 703 aliquantum,
1102 650 1333 696 uentriosu5‚
1526 660 1565 682 20

172 722 400 762 truculentis
421 721 556 768 oculis,
580 721 795 759 commoda
815 726 972 765 statura,
995 716 1093 755 tristi
1114 718 1250 754 fronte.

174 791 256 827 ΜΕ.
289 802 370 827 non
391 786 519 838 potuit
540 785 666 836 pictor
687 784 830 823 rectius
852 783 1074 822 describere
1095 781 1192 820 eiius
1213 782 1390 819 formam.

173 856 230 892 L1.
254 861 372 904 atque
385 854 516 891 hercle
534 851 663 901 ipsum
677 851 779 888 adeo
792 856 969 894 contuor,
986 845 1187 897 quassanti
1200 845 1327 896 capite
1341 844 1498 883 incedit.

171 919 338 969 quisque
359 918 519 956 obuiam
541 916 634 954 huic
654 914 863 954 occesserit
884 913 993 960 irato,
1016 911 1230 963 uapulabit.

88 996 150 1032 405
173 986 256 1023 ΜΕ.
289 983 485 1034 siquidem
515 983 646 1020 hercle
670 979 898 1019 Aeacidinis
928 978 1045 1016 minis
1074 976 1296 1027 animisque
1325 977 1501 1026 expletus
1524 988 1563 1020 25

1383 1040 1500 1080 cedit.

172 1116 203 1154 si
224 1116 317 1154 med
336 1114 454 1153 iratus
475 1112 654 1163 tetigerit,
677 1112 796 1150 iratus
817 1109 1031 1161 uapulabit.

310 1227 572 1263 LEONIDA
684 1223 1001 1259 MERCATOR
1113 1220 1363 1256 LIBANVS
1523 1215 1570 1253 iv

173 1309 243 1346 LE.
287 1306 396 1356 Quid
430 1307 506 1343 hoc
537 1305 587 1342 sit
618 1302 750 1353 negoti
789 1301 989 1340 neminem
1023 1313 1157 1338 meum
1191 1299 1343 1339 dictum
1372 1297 1504 1348 magni

1336 1366 1464 1402 facere
1477 1365 1494 1402 ?

174 1438 371 1476 Libanum
392 1437 432 1474 in
453 1435 659 1474 tostrinam
680 1441 722 1472 ut
743 1433 930 1471 iusseram
951 1431 1096 1478 uenire,
1120 1430 1152 1468 is
1172 1432 1304 1468 nullus
1324 1429 1443 1469 uenit.

174 1516 224 1541 ne
244 1502 308 1540 ille
328 1502 471 1550 edepol
491 1508 599 1550 tergo
620 1506 658 1537 et
679 1497 856 1536 cruribus
877 1495 1075 1535 consuluit
1097 1495 1175 1532 hau
1196 1494 1350 1532 decore.

86 1583 156 1616 410
175 1569 258 1605 ΜΕ.
291 1566 407 1605 nimis
427 1564 687 1616 imperiosust.
749 1564 809 1601 LI.
842 1576 916 1600 uae
937 1561 1057 1599 mihi!
1115 1563 1186 1598 LE.
1219 1560 1339 1599 hodie
1355 1561 1505 1598 saluere

1411 1624 1505 1663 iussi

174 1697 372 1736 Libanum
391 1697 605 1735 libertum?
634 1695 713 1733 iam
734 1696 855 1732 manu
876 1692 1083 1732 emissu's?
1139 1693 1199 1730 L1.
1232 1703 1396 1742 opsecro
1416 1698 1465 1728 te.
1525 1701 1541 1731 5

173 1764 244 1801 LE.
276 1776 326 1801 ne
346 1764 389 1801 tu
409 1763 540 1800 hercle
560 1775 652 1799 cum
673 1773 817 1810 magno
838 1760 943 1797 malo
964 1757 1061 1795 mihi
1082 1757 1243 1796 obuiam
1264 1755 1474 1795 occessisti.

173 1841 246 1878 qur
275 1841 358 1866 non
386 1827 540 1874 uenisti,
576 1834 619 1865 ut
647 1826 847 1872 iusseram,
871 1825 911 1863 in
941 1824 1177 1863 tostrinam?
1255 1824 1315 1861 L1.
1347 1822 1412 1860 hic
1441 1835 1505 1860 me

398 1893 400 1897 ’
1301 1893 1502 1926 moratust.

174 1959 244 1996 LE.
282 1957 478 2007 siquidem
509 1958 640 1996 hercle
674 1969 781 1995 nunc
815 1969 1015 1995 summum
1051 1956 1193 1993 Iouem
1227 1960 1266 1992 te
1299 1952 1407 1992 dicas
1441 1952 1506 1990 de-

1342 2017 1505 2056 tinuisse

87 2096 153 2133 415
173 2095 293 2138 atque
312 2087 343 2126 is
364 2094 543 2138 precator
561 2087 699 2135 adsiet‚
723 2088 867 2126 malam
887 2100 969 2126 rem
991 2085 1161 2136 ecfugies
1183 2096 1412 2134 numquam.

128 2208 132 2212 p
175 2160 227 2199 tu,
268 2153 444 2200 uerbero,
484 2152 692 2203 imperium
732 2165 865 2190 meum
904 2149 1207 2201 contempsisti?
1300 2150 1360 2186 L1.
1396 2146 1502 2197 perii,
1528 2162 1565 2184 10

1347 2215 1501 2263 hospes.

219 2329 284 2361 395
308 2321 476 2352 Conueni.
491 2321 553 2352 sed
568 2320 690 2362 Ussing
775 2330 842 2358 400
864 2320 900 2360 cf.
918 2318 984 2351 Leo
999 2319 1046 2351 ad
1059 2319 1113 2350 loc.
1205 2327 1270 2358 405
1295 2318 1387 2349 cedit
1403 2315 1504 2347 Scala-

172 2375 253 2405 ger:
277 2365 406 2396 incedit
422 2364 487 2396 cod.
503 2365 555 2404 (cf.
567 2367 656 2403 403),
675 2361 768 2403 quod
780 2366 890 2394 tuetur
901 2362 968 2393 Leo
1055 2364 1121 2402 416
1143 2362 1271 2402 hospes
1287 2362 1373 2401 perii
1390 2359 1503 2399 Bothe,

178 2409 231 2440 cui
244 2408 479 2447 contempsisti
495 2407 637 2448 displicet
