1742 2718
647 162 992 199 AMPHITRVO
1444 166 1470 200 l.
1496 164 1505 200 i

61 285 126 328 265
148 278 310 328 quando
325 276 456 326 imago
471 282 530 314 est
549 274 680 313 huiius
697 274 736 311 in
754 288 827 319 me,
847 280 995 312 certum
1013 281 1071 312 est
1087 274 1288 312 hominem
1306 276 1470 313 cludere.

149 349 187 380 et
207 341 313 380 enim
334 354 429 380 uero
449 339 637 390 quoniam
660 340 825 377 formam
842 338 929 388 cepi
951 338 1066 376 huius
1087 338 1126 376 in
1149 340 1239 377 med
1261 346 1297 377 et
1319 346 1473 384 statum,

149 408 263 446 decet
283 413 322 444 et
342 407 444 444 facta
464 417 672 453 moresque
694 402 809 440 huius
830 403 974 441 habere
997 416 1059 440 me
1080 402 1215 441 similis
1236 403 1340 441 item.
1500 421 1557 451 115

149 471 282 522 itaque
303 484 366 509 me
387 471 534 508 malum
556 482 641 508 esse
657 475 823 518 oportet,
841 467 1039 514 callidum,
1057 476 1229 506 astutum
1245 469 1472 515 admodum,

149 544 268 587 atque
288 538 394 574 hunc
415 537 494 574 telo
515 548 587 573 suo
607 533 693 580 sibi,
716 532 874 578 malitia,
896 546 919 570 a
939 532 1086 570 foribus
1107 534 1260 582 pellere.

61 615 130 649 270
150 603 220 641 sed
258 601 355 652 quid
393 600 484 639 illuc
523 601 611 638 est?
651 599 804 636 caelum
842 604 1027 647 aspectat.
1100 598 1320 647 opseruabo
1359 612 1474 648 quam

1275 677 1354 701 rem
1376 670 1473 713 agat.

149 734 214 771 So.
246 739 351 770 certe
389 731 543 781 edepol,
579 729 611 768 si
650 728 901 779 quicquamst
935 727 1042 766 aliud
1077 729 1185 777 quod
1219 729 1376 766 credam
1410 735 1475 765 aut

1207 801 1313 832 certo
1343 793 1473 838 sciam,

149 864 268 902 credo
288 875 362 912 ego
381 862 456 900 hac
476 856 597 899 noctu
620 861 870 898 Nocturnum
892 858 1180 897 obdormiuisse
1201 859 1362 897 ebrium.
1499 877 1559 900 120

149 941 241 966 nam
262 940 391 977 neque
412 940 453 965 se
474 924 770 975 Septentriones
791 937 992 974 quoquam
1020 923 1059 961 in
1080 925 1188 962 caelo
1209 932 1474 971 commouent,

149 1005 279 1042 neque
299 1005 341 1030 se
362 993 476 1029 Luna
496 1003 699 1040 quoquam
721 996 847 1026 mutat
866 996 984 1038 atque
1005 988 1060 1027 uti
1082 996 1214 1026 exorta
1234 996 1292 1027 est
1313 990 1442 1035 semel,

61 1071 129 1109 275
149 1071 224 1096 nec
246 1057 409 1106 Iugulae
429 1068 559 1105 neque
579 1056 811 1103 Vesperugo
832 1066 962 1103 neque
983 1053 1177 1102 Vergiliae
1198 1053 1394 1092 occidunt.

149 1122 204 1161 ita
223 1120 354 1160 statim
374 1127 478 1158 stant
498 1119 619 1169 signa,
642 1132 773 1169 neque
794 1132 871 1156 nox
891 1131 1094 1168 quoquam
1115 1118 1299 1157 concedit
1320 1118 1396 1157 die.

152 1189 234 1225 ΜΕ.
267 1199 393 1237 perge,
418 1186 520 1232 Nox,
541 1191 585 1222 ut
605 1182 794 1233 occepisti
809 1198 818 1231 3
847 1196 936 1233 gere
956 1182 1055 1233 patri
1077 1197 1225 1222 morem
1248 1197 1360 1222 meo:
1500 1201 1560 1232 125

150 1258 316 1302 optumo
336 1258 501 1301 optume
520 1257 727 1300 optumam
748 1261 908 1299 operam
925 1249 1006 1294 das,
1023 1249 1155 1287 datam
1177 1249 1338 1298 pulchre
1359 1250 1474 1287 locas.

150 1319 216 1356 So.
248 1330 378 1367 neque
398 1329 471 1366 ego
491 1316 565 1354 hac
586 1322 704 1354 nocte
724 1313 942 1364 longiorem
963 1327 1027 1352 me
1047 1313 1193 1352 uidisse
1214 1328 1369 1361 cense0‚

61 1385 131 1419 280
149 1381 224 1421 nisi
244 1381 339 1421 item
359 1384 494 1429 unam,
514 1380 742 1419 uerberatus
762 1393 881 1430 quam
903 1378 1077 1429 pependi
1097 1386 1296 1429 perpetem
1315 1394 1325 1427 3

148 1462 236 1487 earn
257 1460 417 1498 quoque
433 1447 576 1497 edepol
597 1445 715 1485 etiam
737 1446 862 1483 multo
882 1446 980 1482 haec
1000 1443 1094 1482 uicit
1115 1444 1370 1494 longitudine.

149 1513 268 1551 credo
284 1512 427 1562 edepol
442 1510 628 1561 equidem
645 1509 816 1549 dormire
832 1510 964 1548 Solem
984 1516 1103 1558 atque
1122 1510 1313 1560 adpotum
1334 1509 1457 1560 probe
1464 1525 1472 1557 ,³
1497 1523 1557 1555 ¹30

150 1577 248 1616 mira
267 1584 358 1616 sunt
378 1576 452 1614 nisi
472 1575 654 1614 inuitauit
675 1588 759 1614 sese
780 1574 820 1612 in
840 1587 939 1612 cena
959 1575 1192 1624 plusculum.

153 1645 236 1681 ΜΕ.
267 1647 332 1681 a'1‘n
353 1655 462 1689 uero,
482 1628 680 1680 uerbero?
709 1641 806 1679 deos
826 1652 911 1677 esse
932 1638 987 1677 tui
1009 1638 1145 1677 similis
1164 1640 1308 1689 putas?

62 1714 129 1758 285
151 1722 225 1759 ego
245 1708 311 1758 pol
332 1714 370 1746 te
390 1706 472 1745 istis
493 1705 568 1744 tuis
588 1719 659 1756 pro
679 1703 794 1743 dictis
815 1711 854 1743 et
874 1705 976 1742 male
997 1702 1117 1749 factis,
1141 1703 1308 1751 furcifer,

151 1773 341 1824 accipiam
360 1787 367 1818 3
397 1773 519 1811 modo
539 1771 591 1810 sis
611 1770 703 1809 ueni
724 1771 825 1809 huc:
855 1768 1034 1808 inuenies
1054 1768 1321 1807 infortunium.

151 1841 216 1878 So.
249 1837 316 1877 ubi
337 1845 427 1876 sunt
446 1836 510 1876 isti
529 1826 763 1875 scortatores
784 1834 852 1885 qui
872 1833 945 1873 soli
965 1832 1078 1872 inuiti
1099 1833 1275 1872 cubant?
1504 1848 1512 1869 ι
1523 1848 1561 1880 35

151 1905 248 1943 haec
269 1916 347 1942 nox
367 1902 464 1941 scita
484 1909 542 1940 est
563 1901 785 1940 exercendo
806 1907 935 1938 scorto
956 1899 1156 1937 conducto
1176 1900 1288 1937 male.

152 1969 236 2006 ME.
263 1969 365 2006 meu'
380 1974 490 2018 pater
501 1980 609 2005 nunc
624 1979 696 2017 pro
711 1964 827 2003 huius
845 1963 975 2002 uerbis
992 1971 1096 2002 recte
1112 1970 1150 2001 et
1166 1963 1360 2014 sapienter
1376 1963 1475 2009 facit,

63 2048 131 2083 ²90
150 2033 217 2084 qui
251 2033 479 2083 complexus
517 2045 609 2070 cum
643 2032 865 2069 Alcumena
903 2029 1022 2067 cubat
1059 2042 1206 2075 amans,
1242 2028 1375 2067 animo
1413 2042 1478 2078 op-

1297 2106 1475 2143 sequens.

150 2162 217 2200 So.
247 2160 314 2199 ibo
333 2167 376 2198 ut
396 2173 483 2199 erus
504 2159 613 2209 quod
633 2155 841 2208 imperauit
861 2157 1105 2195 Alcumenae
1126 2155 1316 2194 nuntiem.

194 2264 257 2304 265
281 2263 399 2295 ludere
415 2262 555 2303 Langen
572 2263 597 2303 (‘
608 2259 792 2301 Beitraege’
814 2262 867 2299 ¹7⁸¹
1000 2269 1061 2298 271
1087 2259 1115 2289 si
1133 2259 1254 2289 Bothe:
1279 2259 1348 2290 scio
1365 2258 1392 2289 si
1408 2257 1474 2289 cod.

151 2307 212 2348 (iv.
225 2310 263 2347 3)
352 2307 440 2346 quod
451 2306 524 2337 Ital.
544 2317 552 2337 ε
575 2306 655 2346 quid
667 2303 731 2335 cod.
825 2313 888 2342 272
914 2302 1164 2334 Nocturninum
1178 2302 1266 2333 codd.
1285 2302 1481 2341 Hieronymi

150 2351 224 2383 adv.
250 2350 467 2392 Vzgv'lantium
485 2361 517 2390 4,
535 2360 566 2390 p.
584 2350 650 2380 286
806 2356 869 2386 275
895 2347 1009 2385 iugula
1025 2345 1091 2376 cod.
1112 2345 1268 2376 Varronis
1283 2345 1382 2383 Lz'ng.
1403 2344 1475 2375 Lat.

153 2405 182 2435 7,
199 2403 243 2434 50
331 2395 396 2434 276
418 2394 516 2433 signa
531 2393 646 2424 omnia
663 2401 716 2423 ne.
733 2389 868 2421 Nonius
883 2399 944 2429 391
962 2392 993 2420 et
1006 2399 1084 2429 393,
1101 2388 1258 2419 Donalus
1273 2389 1319 2419 ad
1339 2388 1473 2418 Pltorm.

152 2448 182 2477 5,
204 2449 235 2478 3,
257 2440 278 2468 6
297 2437 456 2478 (ignauia,
475 2437 494 2468 i.
510 2447 535 2468 e.
554 2436 654 2475 signa
669 2439 732 2473 oia,
753 2433 841 2464 codd.
859 2433 1018 2473 Donati),
1039 2432 1126 2464 unde
1136 2433 1182 2472 fit
1196 2443 1306 2463 versus
1322 2431 1477 2462 iambicus

152 2483 218 2513 280
241 2481 339 2524 item]
356 2481 492 2522 quidem
508 2480 646 2521 Seyfflrt
777 2478 839 2517 284
862 2476 912 2508 vel
927 2474 992 2507 ess’
