1814 2723
160 62 229 98 IV.
250 61 295 96 ix
658 58 704 94 T.
737 54 918 94 MACCI
950 54 1152 91 PLAVTI

192 187 229 219 25
251 186 343 210 nam
364 170 417 209 illi
438 171 574 210 itidem
591 169 746 208 Vlixem
765 167 910 213 audiui,
929 174 972 205 ut
987 179 1060 216 ego
1079 180 1177 213 sum,
1196 165 1314 204 fuisse
1331 172 1370 204 et
1384 166 1575 203 audacem

1345 238 1383 268 et
1406 231 1576 268 malum:

249 303 350 342 dolis
390 302 461 352 ego
496 303 711 352 deprensus
746 313 843 345 sum,
876 298 926 336 ill’
959 297 1189 336 mendicans
1228 309 1354 347 paene
1392 294 1576 333 inuentus
1596 306 1665 344 950

1433 359 1574 407 interit,

250 436 344 473 dum
366 433 419 471 ibi
441 431 605 482 exquirit
626 433 703 469 fata
725 430 887 468 Iliorum
904 443 913 477 3
941 427 1169 467 adsimiliter
1189 426 1243 465 mi
1264 424 1384 464 hodie
1404 424 1552 474 optigit.

250 499 405 537 uinctus
426 511 523 543 sum,
547 498 617 535 sed
638 495 739 534 dolis
760 509 823 533 me
844 493 970 533 exemi
987 508 993 531 :
1023 492 1117 531 item
1135 505 1175 531 se
1196 493 1259 530 ille
1276 490 1446 529 seruauit
1463 488 1574 528 dolis.

305 563 379 601 Ilio
399 562 469 600 tria
490 561 607 599 fuisse
627 559 761 598 audiui
782 561 859 597 fata
879 571 980 608 quae
1000 557 1054 595 illi
1074 558 1201 594 forent
1222 555 1361 594 exitio:

190 648 229 679 30
303 628 456 678 signum
478 641 523 665 ex
543 640 631 664 arce
652 625 683 663 si
704 624 879 675 periisset
895 638 904 671 3
931 625 1096 661 alterum
1117 621 1272 660 etiamst
1292 620 1415 659 Troili
1435 633 1540 658 mors
1553 634 1564 668 3

303 694 468 739 tertium,
489 705 610 742 quom
624 698 759 741 portae
774 688 964 739 Phrygiae
978 687 1098 725 limen
1113 700 1297 736 superum
1311 685 1554 724 scinderetur
1570 699 1576 723 z
1597 697 1637 733 95
1645 696 1662 733 5

301 758 409 808 paria
428 757 521 795 item
543 756 614 794 tria
634 755 665 793 is
686 755 808 793 tribus
830 761 920 792 sunt
940 755 1018 791 sata
1038 759 1173 790 nostro
1193 751 1284 789 huic
1306 750 1391 789 Ilio.

249 838 340 862 nam
362 824 514 862 dudum
535 821 662 872 primo
683 828 725 859 ut
745 820 918 859 dixeram
941 825 1074 857 nostro
1091 816 1174 855 seni
1196 815 1447 855 mendacium

250 897 289 928 et
309 890 359 927 de
383 887 538 937 hospite
565 894 603 925 et
632 887 682 925 de
711 898 806 923 auro
837 892 873 922 et
903 884 953 922 de
982 882 1127 929 lembo,
1149 880 1203 919 ibi
1233 880 1387 931 signum
1415 893 1462 918 ex
1489 892 1578 917 arce

1326 945 1403 983 iam
1423 943 1578 994 apstuli.

191 1032 231 1064 35
252 1019 329 1058 iam
351 1019 430 1057 duo
452 1016 651 1055 restabant
666 1017 744 1053 fata
764 1022 872 1061 tunc,
888 1027 961 1052 nec
982 1011 1104 1062 magis
1120 1010 1161 1050 id
1177 1023 1357 1061 ceperam
1374 1009 1578 1060 oppidum.

251 1091 341 1135 post
361 1083 428 1122 ubi
449 1083 612 1121 tabellas
631 1082 683 1120 ad
705 1094 839 1119 senem
861 1078 996 1125 detuli,
1019 1077 1072 1116 ibi
1094 1076 1222 1116 occidi
1242 1075 1432 1122 Troilum,
1598 1078 1668 1122 960

250 1162 371 1199 quom
392 1146 544 1187 censuit
566 1145 859 1184 Mnesilochum
881 1157 971 1182 cum
992 1156 1112 1181 uxore
1133 1155 1216 1180 esse
1237 1141 1389 1179 dudum
1410 1139 1552 1177 militis.

249 1214 303 1254 ibi
325 1214 389 1252 uix
416 1227 478 1251 me
503 1210 675 1250 exsolui:
705 1217 823 1260 atque
848 1208 890 1247 id
917 1207 1107 1259 periclum
1133 1205 1330 1253 adsimilo,
1350 1204 1506 1242 Vlixem
1536 1211 1579 1242 ut

1353 1268 1579 1320 praedicant

305 1343 506 1394 cognitum
527 1342 577 1380 ab
600 1342 757 1380 Helena
772 1353 857 1378 esse
877 1338 1076 1388 proditum
1095 1336 1289 1375 Hecubae
1305 1350 1315 1383 3
1343 1336 1412 1374 sed
1429 1341 1471 1373 ut
1487 1333 1580 1373 olim

1455 1399 1518 1438 ille
1539 1413 1581 1438 se

192 1497 235 1527 40
308 1473 507 1513 blanditiis
528 1471 671 1511 exemit
692 1478 729 1509 et
749 1468 938 1520 persuasit
959 1468 1000 1507 se'
1021 1476 1062 1506 ut
1083 1467 1291 1515 amitteret,

254 1541 347 1580 item
369 1554 441 1591 ego
462 1538 562 1578 dolis
583 1551 647 1576 me
666 1537 733 1575 illo
754 1535 872 1574 extuli
893 1549 913 1574 e
934 1534 1081 1584 periclo
1103 1542 1141 1572 et
1161 1533 1299 1583 decepi
1321 1545 1465 1570 senem.
1600 1535 1666 1579 ’965

254 1605 365 1657 poste'
386 1619 477 1643 cum
498 1601 722 1653 magnufico
742 1601 874 1647 milite,
897 1599 1004 1638 urbis
1025 1592 1156 1638 uerbis
1172 1600 1240 1649 qui
1260 1597 1431 1636 inermus
1452 1595 1566 1646 capit,

255 1670 412 1711 conflixi
427 1678 546 1720 atque
561 1667 764 1707 hominem
780 1665 931 1717 reppuli
946 1680 956 1714 3
986 1665 1078 1704 dein
1094 1677 1267 1715 pugnam
1284 1661 1465 1701 conserui
1481 1660 1580 1699 seni:

257 1751 347 1776 eum
368 1750 440 1787 ego
460 1737 562 1774 adeo
581 1747 662 1772 uno
683 1731 892 1771 mendacio
913 1731 1053 1777 deuici,
1076 1743 1157 1768 uno
1178 1729 1257 1768 ictu
1278 1728 1502 1777 extempulo

195 1820 237 1852 45
526 1799 612 1850 cepi
633 1798 769 1849 spolia.
826 1798 857 1836 is
877 1812 984 1837 nunc
1004 1799 1197 1837 ducentos

525 1878 710 1904 nummos
731 1864 935 1915 Philippos
957 1863 1079 1910 militi,
1103 1875 1202 1912 quos
1602 1863 1686 1908 969*Ξ

524 1932 617 1970 dare
637 1944 679 1969 se
699 1929 888 1981 promisit,
911 1928 1030 1968 dabit.
1090 1940 1196 1965 nunc
1602 1937 1672 1973 970

299 2050 364 2079 949
402 2038 468 2069 illic
503 2038 584 2078 (pro
601 2036 656 2072 -1i;
697 2036 715 2067 i.
737 2035 771 2075 7)
801 2035 910 2066 eidem
947 2032 1092 2071 (locativo
1119 2031 1233 2062 casussli
1261 2028 1375 2059 audiui
1399 2027 1523 2058 ulixem
1555 2026 1588 2057 P

256 2093 322 2122 950
344 2092 488 2122 prensus
505 2082 537 2111 A
696 2089 758 2119 951
787 2079 917 2109 illorum
934 2076 1021 2107 codd.
1168 2083 1232 2112 952
1257 2083 1310 2102 me
1328 2082 1394 2102 om.
1409 2071 1441 2101 P
1538 2069 1587 2100 vel

258 2125 302 2156 ill’
392 2135 455 2165 953
482 2125 558 2165 Ilio]
577 2125 623 2155 illi
640 2124 673 2154 A
767 2122 893 2161 forent]
913 2121 1006 2151 suere
1023 2119 1055 2149 A
1160 2125 1224 2156 955
1249 2116 1335 2146 forte
1352 2114 1386 2144 P
1470 2115 1583 2144 lumen

259 2169 291 2200 A
313 2170 371 2209 (vi,
390 2180 423 2209 p.
441 2170 497 2208 87)
629 2169 694 2207 956
718 2166 770 2197 his
786 2165 819 2195 A
912 2169 1028 2194 nostra
1043 2161 1122 2202 ΡΟ,
1140 2171 1172 2200 p.
1190 2160 1246 2199 27)
1380 2168 1444 2197 959
1467 2162 1538 2189 tum
1554 2156 1588 2187 P

250 2215 320 2254 N961
346 2213 576 2244 mnesilochus
594 2211 637 2249 A,
655 2210 833 2250 quz‘z'nhoc
847 2219 876 2240 v.
898 2207 999 2246 deficit
1127 2205 1192 2243 963
1205 2203 1287 2242 fort.
1314 2202 1483 2241 proditum
1508 2211 1584 2231 esse

262 2258 360 2295 Hec„
378 2256 515 2295 undefit
532 2255 628 2286 z'amb.
654 2253 837 2285 octonarius
924 2251 1005 2281 illim
1029 2249 1165 2288 Seygffert
1294 2247 1357 2285 964
1365 2246 1445 2284 sort.
1463 2248 1500 2276 se
1526 2244 1590 2283 (vel

260 2302 351 2340 sese)
369 2301 416 2332 uti
447 2302 547 2335 amit,
581 2297 667 2328 unde
682 2298 727 2337 fit
751 2296 853 2327 z‘amb.
882 2293 1064 2325 octoncrmbas
1193 2291 1258 2329 965
1283 2289 1339 2319 ilio
1356 2288 1421 2320 cod.
1442 2288 1513 2329 <illo
1535 2287 1583 2325 D)

262 2345 368 2377 extuli
386 2343 524 2374 Dz'ssald
536 2353 542 2372 :
568 2342 682 2381 expuli
700 2340 764 2371 cod.
877 2349 895 2368 e
912 2348 977 2368 om.
991 2337 1023 2367 Β
1175 2336 1240 2373 966
1262 2333 1311 2363 vel
1321 2331 1407 2372 post’
1520 2332 1584 2371 967

262 2389 402 2420 confixit
419 2386 482 2418 cod.
505 2386 595 2427 (corr.
615 2385 649 2414 in
665 2384 712 2425 B)
845 2383 910 2421 968
933 2391 1007 2412 cum
1024 2378 1087 2411 cod.
1110 2380 1200 2418 (corr.
1219 2377 1252 2407 in
1269 2377 1316 2417 Β)
