1814 2723
222 56 291 92 IV.

256 438 295 460 10

261 1094 300 1115 20

262 1413 299 1445 25

264 1810 307 1841 30

314 56 359 92 iii
734 55 781 92 T.
815 52 997 93 MACCI
1029 52 1233 90 PLAVTI

316 167 386 204 Lv.
419 165 514 216 perii
536 167 665 204 hercle
682 168 689 204 l
719 178 805 203 rure
826 163 904 202 iam
924 162 1039 202 rediit
1059 175 1155 201 uxor
1175 175 1286 200 mea:
1666 172 1731 209 705

315 231 461 270 uidisse
482 233 601 270 credo
622 229 827 269 mulierem
846 226 990 281 (illam)
1008 228 1048 266 in
1068 227 1244 266 aedibus.

315 297 386 334 sed
406 309 508 346 quae
528 298 711 345 loquatur
731 292 916 333 exaudire
936 292 1029 331 hinc
1050 305 1130 330 non
1152 305 1266 341 queo.

315 362 503 399 accedam
531 360 703 411 propius.
763 361 841 398 Do.
874 372 949 397 uae
969 357 1134 396 miserae
1154 356 1231 394 mi!
1289 357 1360 394 Lv.
1393 354 1516 392 immo
1537 352 1645 391 mihi.

317 427 392 463 Do.
425 424 609 476 disperii!
668 426 739 463 Lv.
772 423 960 475 equidem
979 423 1113 461 hercle
1131 419 1282 472 oppido
1303 418 1401 471 perii
1423 418 1562 457 miser!

316 490 425 529 uidit.
484 498 528 528 ut
548 498 586 528 te
607 502 757 537 omnes,
781 487 995 539 Demipho,
1017 486 1059 526 di
1079 485 1288 537 perduint!
1667 491 1737 526 710

319 557 395 593 Do.
428 557 495 605 pol
516 556 592 594 hoc
613 562 671 593 est
692 554 747 592 ire
766 554 876 603 quod
897 566 961 590 rus
982 553 1084 590 meu'
1104 550 1164 589 uir
1184 549 1320 588 noluit.

318 622 386 658 Lv.
419 620 517 670 quid
537 633 644 658 nunc
665 633 738 669 ego
759 617 901 658 faciam
920 616 995 656 nisi
1015 616 1073 654 uti
1092 616 1233 654 adeam
1254 622 1374 664 atque
1394 613 1615 663 adloquar?

316 685 425 724 iubet
446 686 597 723 saluere
617 686 702 722 suo'
720 683 780 722 uir
799 695 961 721 uxorem
981 695 1104 720 suam.

317 750 457 789 urbani
477 751 576 788 fiunt
596 747 761 787 rustici?
817 750 894 787 Do.
926 746 1110 798 pudicius

317 816 466 855 faciunt
486 828 606 865 quam
627 813 683 852 illi
702 812 771 864 qui
790 827 873 852 non
893 813 994 851 fiunt
1014 810 1157 850 rustici.
1670 815 1736 852 715

318 883 390 920 Lv.
421 894 516 918 num
537 880 635 930 quid
655 878 891 929 delinquont
910 876 1074 916 rustici?
1130 879 1208 915 Do.
1240 882 1393 914 ecastor
1413 872 1543 912 minus

318 960 437 997 quam
458 944 599 984 urbani
619 952 658 982 et
677 945 805 982 multo
825 942 945 981 minu’
967 941 1060 980 mali
1080 948 1274 991 quaerunt
1293 939 1379 978 sibi.

319 1013 388 1049 Lv.
421 1010 518 1060 quid
538 1017 671 1048 autem
692 1007 833 1047 urbani
852 1007 1133 1058 deliquerunt?
1161 1006 1226 1045 dic
1246 1004 1355 1052 mihi,

318 1076 437 1127 cupio
457 1077 588 1114 hercle
608 1073 717 1113 scire.
777 1075 855 1112 Do.
888 1073 959 1111 sed
979 1080 1021 1110 tu
1042 1085 1106 1110 me
1126 1078 1296 1121 temptas
1317 1069 1454 1109 sciens.

319 1141 438 1192 quoia
458 1140 523 1179 illa
543 1139 683 1179 mulier
702 1139 825 1177 intust
837 1140 855 1176 ?
910 1139 981 1175 Lv.
1013 1135 1200 1175 uidistine
1220 1137 1338 1174 eam?
1672 1142 1742 1177 720

322 1208 398 1245 Do.
423 1205 516 1244 uidi.
576 1207 647 1243 Lv.
671 1203 790 1254 quoia
809 1217 856 1242 ea
876 1202 924 1241 sit
944 1201 1117 1252 rogitas?
1174 1203 1251 1240 Do.
1278 1199 1487 1240 resciscam
1507 1206 1650 1237 tamen.

323 1273 392 1310 Lv.
427 1270 495 1309 uin
516 1270 647 1309 dicam
669 1269 854 1319 quoiast?
882 1267 1070 1306 illa—illa
1089 1268 1363 1317 edepol—uae
1383 1264 1481 1304 mihi
1498 1267 1505 1302 1

321 1335 456 1375 nescio
477 1335 574 1385 quid
595 1334 736 1373 dicam.
798 1335 875 1372 Do.
907 1332 1056 1370 haeres.
1117 1333 1187 1370 Lv.
1218 1332 1298 1370 hau
1319 1330 1402 1369 uidi
1423 1329 1555 1380 magis

324 1403 400 1439 Do.
433 1400 529 1450 quin
551 1399 679 1438 dicis?
736 1400 806 1437 Lv.
838 1397 935 1448 quin
955 1396 988 1435 si
1008 1397 1258 1435 liceat—Do.
1282 1395 1433 1434 dictum
1454 1392 1638 1445 oportuit.

324 1468 394 1504 Lv.
427 1479 509 1503 non
528 1477 706 1515 possum,
727 1462 781 1501 ita
801 1462 947 1511 instas;
976 1475 1091 1512 urges
1111 1460 1224 1511 quasi
1244 1474 1316 1511 pro
1336 1459 1466 1499 noxio.
1675 1466 1740 1502 725

324 1534 401 1570 Do.
434 1530 526 1577 scio,
550 1528 755 1568 innoxiu's.
815 1530 885 1567 Lv.
917 1528 1105 1566 audacter
1124 1526 1307 1577 quamuis
1326 1525 1460 1565 dicito.

325 1599 401 1635 Do.
439 1595 528 1635 dice
561 1594 687 1645 igitur.
761 1595 832 1632 Lv.
868 1592 1011 1632 dicam.
1064 1594 1164 1631 ¹Do.
1201 1591 1311 1642 atqui
1345 1591 1566 1630 dicundum
1600 1596 1658 1628 est

1512 1663 1656 1694 tamen.

325 1729 395 1766 Lv.
427 1724 704 1765 illast—etiam
724 1723 785 1763 uis
805 1737 953 1763 nomen
973 1723 1134 1762 dicam?
1192 1724 1269 1760 Do.
1301 1721 1399 1760 nihil
1417 1720 1513 1771 agis,

325 1793 549 1831 manufesto
570 1798 690 1829 teneo
708 1789 749 1828 in
769 1789 896 1829 noxia.
957 1790 1030 1827 Lv.
1059 1801 1138 1838 qua
1158 1786 1304 1825 noxia?

326 1857 564 1908 istaquidem
593 1855 661 1894 illa
691 1863 761 1894 est.
835 1856 913 1893 Do.
951 1866 1053 1905 quae
1087 1852 1152 1891 illa
1183 1853 1271 1891 est?
1346 1853 1415 1889 Lv.
1457 1849 1657 1888 illa—Do.
1681 1860 1750 1896 730

1493 1913 1659 1956 †iohia†

328 1990 398 2026 Lv.
430 1985 598 2025 iam-si
617 1985 717 2024 nihil
736 1998 831 2024 usus
851 1991 966 2032 esset,
987 1982 1067 2022 iam
1087 1996 1169 2022 non
1190 1981 1374 2021 dicerem.

371 2093 434 2131 706
451 2090 541 2121 illam
558 2088 636 2121 add.
654 2087 782 2119 Rz'tsclzl
869 2097 930 2127 707
948 2097 1039 2127 queo
1052 2085 1210 2126 Pylades:
1229 2095 1297 2125 quo
1314 2084 1377 2115 cod.
1396 2083 1463 2124 (vii.
1475 2082 1507 2121 1)
1597 2083 1661 2122 708

328 2136 402 2166 mis.
423 2135 504 2164 mihi
525 2133 590 2165 cod.
729 2141 853 2172 714—51
871 2132 944 2171 fere
962 2130 1091 2161 nihz'lA
1236 2138 1298 2168 715
1322 2126 1387 2167 illi]
1411 2125 1532 2157 urbani
1552 2124 1657 2166 Goetz‚

327 2180 379 2210 cm'
400 2188 500 2218 quam
521 2177 525 2220 Ι
545 2176 592 2207 illi
619 2176 759 2217 displicet
891 2185 955 2215 719
976 2177 1053 2215 post
1075 2183 1134 2213 721
1156 2184 1162 2203 :
1194 2173 1266 2203 trai.
1291 2171 1395 2202 Bothe
1525 2180 1588 2210 725
1615 2169 1665 2200 vel

276 2252 284 2262 χ
327 2224 373 2253 sic
386 2222 549 2262 distingue
564 2222 682 2259 instas,
699 2230 802 2258 urges
954 2227 1015 2257 727
1040 2222 1074 2248 at
1091 2217 1171 2256 quid
1192 2216 1225 2246 Β
1334 2216 1453 2256 dicam,
1471 2213 1659 2257 <ao—Do.

328 2266 420 2305 atqui
436 2265 572 2306 Seyffert
704 2274 768 2303 729
791 2261 928 2293 innoxia
945 2260 1115 2311 [echoda
1139 2270 1177 2290 es
1191 2259 1250 2290 del.
1271 2258 1387 2289 Dousa
1501 2267 1567 2297 qua
1583 2254 1663 2299 (in)

329 2310 507 2340 Abraham
642 2317 705 2345 730
728 2307 776 2337 vel
792 2307 889 2337 illaec
