1742 2718
704 45 1028 86 BACCHIDES
1456 38 1526 75 IV.
1551 38 1596 74 iv

202 178 251 203 ne
272 177 473 215 quoquam
494 160 716 212 exsurgatis,
740 161 868 198 donec
889 172 911 196 a
932 171 994 195 me
1015 155 1086 194 erit
1106 154 1260 204 signum
1282 153 1429 190 datum.

204 232 262 267 Pl.
295 243 318 267 o
340 229 614 278 imperatorem
635 225 802 276 probum
820 226 828 261 t
886 224 963 262 CH.
994 220 1073 259 iam
1093 218 1154 257 bis
1178 217 1326 256 bibisse
1346 214 1527 265 oportuit.

119 298 187 340 760
206 296 293 332 MN.
326 293 641 344 fugimus——Cl-I.
674 303 745 328 uos
774 296 950 327 uostrum
980 293 1112 325 curate
1142 283 1324 329 officium,
1352 294 1424 330 ego
1445 280 1532 318 ecfi-

1265 347 1364 385 ciam
1386 350 1531 383 meum.

702 466 1037 504 CHRYSALvs
1553 464 1582 489 v

206 552 284 591 CH.
318 552 508 590 Insanum
529 560 715 599 magnum
736 546 877 584 molior
897 543 1109 594 negotium,

206 624 420 666 metuoque
440 622 482 654 ut
502 613 622 653 hodie
642 612 814 663 possiem
835 609 1039 649 emolirier.

207 683 277 721 sed
297 695 402 720 nunc
422 681 644 719 truculento
666 677 719 715 mi
739 684 857 726 atque
878 688 998 712 saeuo
1018 685 1111 711 usus
1133 677 1289 717 senest3

207 760 299 785 nam
319 759 400 784 non
420 743 607 784 conducit
627 744 719 780 hu'1'c
740 739 1020 791 sycophantiae

121 819 188 865 765
209 824 343 849 senem
364 808 616 859 tranquillum
635 805 725 858 <mi>
744 819 829 844 esse
849 804 917 843 ubi
938 817 1001 842 me
1020 801 1223 853 aspexerit.
1557 805 1575 837 5

208 875 378 913 uorsabo
398 887 471 923 ego
492 873 611 910 illunc
632 871 761 917 hodie,
786 870 818 908 si
838 870 943 916 uiuo,
966 869 1100 919 probe.

208 947 287 977 tam
309 939 464 977 frictum
485 950 557 987 ego
578 937 687 974 illum
709 936 873 974 reddam
894 947 1013 984 quam
1033 932 1189 971 frictum
1210 938 1268 969 est
1288 929 1400 968 cicer.

207 1004 474 1043 adambulabo
494 1004 544 1041 ad
565 1002 720 1048 ostium,
744 1009 797 1047 ut,
820 1000 981 1050 quando
1002 1005 1123 1045 exeat,

208 1071 404 1120 extemplo
424 1067 653 1108 aduenienti
674 1066 709 1105 ei
731 1066 893 1105 tabellas
915 1065 1006 1102 dem
1027 1063 1067 1100 in
1088 1074 1261 1100 manum.

486 1180 810 1217 NICOBVLvs
921 1176 1260 1213 CHRYSALVS
1557 1168 1603 1205 vi

123 1274 192 1309 770
211 1265 276 1302 Nl.
310 1262 445 1301 Nimio
466 1261 577 1299 illaec
598 1274 657 1299 res
679 1268 737 1298 est
757 1272 922 1308 magnae
943 1256 1116 1296 diuidiae
1137 1254 1245 1301 mihi,

211 1329 487 1380 supterfugisse
508 1327 562 1366 sic
583 1326 679 1364 mihi
701 1326 820 1364 hodie
841 1324 1086 1374 Chrysalum.

212 1395 288 1434 CH.
321 1396 450 1433 saluos
472 1406 570 1439 sum,
594 1392 712 1430 iratus
733 1398 791 1429 est
811 1403 940 1428 senex.
1000 1401 1106 1426 nunc
1127 1394 1184 1425 est
1204 1384 1301 1423 mihi

210 1459 384 1498 adeundi
404 1460 455 1497 ad
474 1457 679 1497 hominem
700 1464 866 1506 tempus.
927 1455 992 1492 N1.
1026 1453 1112 1502 quis
1133 1451 1305 1501 loquitur
1324 1450 1477 1500 prope?

210 1533 328 1576 atque
348 1524 588 1575 hicquidem,
611 1522 763 1572 opinor,
787 1521 1026 1570 Chrysalust.
1087 1519 1165 1557 CH.
1196 1521 1409 1554 accessero.
1563 1527 1580 1558 5

125 1601 190 1638 775
212 1592 277 1630 NI.
310 1591 415 1629 bone
436 1603 558 1636 serue,
580 1590 698 1626 salue.
758 1586 854 1637 quid
875 1586 947 1623 fit?
976 1596 1094 1634 quam
1116 1595 1207 1620 mox
1227 1580 1370 1631 nauigo

210 1655 251 1693 in
272 1657 486 1706 Ephesum,
509 1661 552 1691 ut
572 1666 710 1691 aurum
731 1659 904 1701 repetam
924 1649 975 1687 ab
995 1646 1209 1686 Theotimo
1230 1646 1425 1684 domum?

211 1722 346 1759 taces?
374 1733 442 1770 per
462 1718 592 1758 omnis
613 1719 709 1756 deos
730 1716 868 1755 adiuro
889 1722 941 1761 ut,
966 1713 1006 1751 ni
1027 1725 1160 1750 meum

211 1794 372 1837 gnatum
393 1793 473 1823 tam
494 1797 624 1822 amem
645 1791 763 1832 atque
784 1781 819 1820 ei
840 1783 942 1819 facta
962 1778 1118 1829 cupiam
1140 1790 1241 1827 quae
1261 1776 1292 1814 is
1313 1775 1418 1822 uelit,

212 1859 255 1889 ut
274 1859 341 1889 tua
361 1850 438 1888 iam
458 1849 576 1900 uirgis
596 1850 716 1887 latera
736 1849 955 1885 lacerentur
974 1844 1098 1895 probe
1564 1852 1603 1873 10

211 1917 452 1966 ferratusque
473 1915 513 1953 in
533 1913 698 1965 pistrino
718 1920 887 1951 aetatem
907 1918 1099 1949 conteras.

212 1981 346 2019 omnia
365 1980 505 2019 resciui
525 1980 671 2018 scelera
691 1992 738 2017 ex
759 1976 1012 2015 Mnesilocho
1032 1983 1109 2013 tua.

212 2047 290 2085 CH.
322 2059 413 2084 men
434 2044 707 2083 criminatust?
736 2049 935 2092 optumest
953 2056 960 2078 ε
990 2053 1062 2089 ego
1083 2052 1170 2077 sum
1191 2039 1328 2085 malus,

125 1836 194 1871 779

126 1875 195 1917 780

257 2150 320 2188 760
343 2149 488 2188 sugimus
512 2146 691 2178 Fritzsche:
717 2145 884 2185 fugiamus
909 2142 974 2174 cod.
1110 2143 1171 2182 765
1195 2142 1241 2171 mi
1266 2140 1341 2172 add.
1365 2139 1543 2171 Hermann

214 2202 278 2232 770
312 2192 458 2222 Nimium
484 2191 550 2221 Leo
574 2190 608 2229 (i.
638 2190 675 2229 3)
775 2197 917 2228 magnae
947 2185 1109 2226 Pylades:
1142 2195 1242 2215 mane
1267 2183 1330 2216 cod.
1481 2194 1542 2224 774

214 2236 265 2266 vel
278 2236 380 2275 opino
468 2234 633 2266 chrisalus
649 2232 715 2265 cod.
