1814 2723
204 45 276 84 IV.
297 45 327 82 ii
714 49 760 84 T.
795 48 974 86 MACCI
1007 49 1210 85 PLAVTI

299 156 378 192 ΗΕ.
411 157 565 205 egone?
632 158 708 193 ER.
750 162 856 193 tune.
929 157 1009 193 ΗΕ.
1042 163 1125 194 tum
1156 163 1196 194 tu
1228 156 1281 194 mi
1311 156 1425 206 igitur
1453 170 1540 196 erus
1570 170 1621 196 es.

1117 223 1190 259 ER.
1224 222 1346 260 immo
1367 223 1621 261 beneuolens.

296 284 363 323 uin
403 293 439 324 te
474 285 612 324 faciam
648 286 919 324 fortunatum?
988 287 1069 324 HE.
1106 287 1238 325 malim
1279 300 1397 337 quam
1438 287 1623 326 miserum

1448 351 1620 402 quidem.

298 417 371 454 ER.
404 417 503 454 cedo
543 428 714 453 manum.
776 417 855 453 HE.
889 428 951 454 em
991 428 1163 453 manum.
1224 417 1298 453 ER.
1331 415 1371 454 di
1410 423 1447 453 te
1486 430 1623 454 omnes

992 480 1191 518 adiuuant.
1253 482 1333 518 HE.
1367 480 1463 518 nihil
1484 481 1620 519 sentio.

236 550 276 580 80
298 548 372 584 ER.
404 560 485 585 non
506 546 611 584 enim
633 559 673 584 es
694 545 733 583 in
756 545 959 592 senticeto,
981 559 1028 584 eo
1049 559 1129 584 non
1150 546 1280 584 sentis.
1341 547 1411 585 sed
1432 545 1522 584 iube
1641 552 1710 587 860

296 625 389 650 uasa
410 611 479 650 tibi
501 625 597 661 pura
617 611 793 661 apparari
814 611 864 649 ad
885 625 966 649 rem
988 610 1164 649 diuinam
1185 606 1274 658 cito,

294 685 413 727 atque
433 690 577 727 agnum
598 676 739 715 adferri
751 678 960 729 ‚proprium
977 676 1173 727 pinguem.
1226 678 1306 714 HE.
1337 678 1438 726 qur?
1484 678 1558 714 ER.
1582 684 1624 715 ut

1403 743 1621 780 sacrufices.

296 810 376 847 HE.
400 807 494 858 quoi
510 809 704 847 deorum?
759 809 833 845 ER.
857 807 952 845 mihi
969 809 1110 854 hercle,
1126 821 1217 845 nam
1234 820 1307 857 ego
1323 820 1428 845 nunc
1445 806 1516 845 tibi
1537 821 1623 845 sum

1235 885 1412 910 summus
1434 871 1621 922 Iuppiter,

293 939 398 978 idem
420 953 492 989 ego
513 953 600 977 sum
622 940 744 986 Salus,
769 940 955 986 Fortuna,
977 940 1072 985 Lux,
1097 938 1273 985 Laetitia,
1304 936 1515 976 Gaudium.

234 1009 273 1046 85
294 1004 406 1055 proin
427 1012 468 1042 tu
490 1006 609 1043 deum
631 1005 737 1042 hunc
759 1003 958 1042 saturitate
979 1003 1096 1042 facias
1118 1003 1371 1052 tranquillum
1392 1001 1474 1041 tibi.
1642 1003 1706 1049 865

295 1072 377 1108 ΗΕ.
409 1069 572 1108 essurire
594 1069 690 1107 mihi
710 1069 856 1107 uidere.
913 1071 986 1107 ER.
1020 1068 1238 1119 miquidem
1259 1067 1417 1115 essurio,
1436 1082 1517 1106 non
1538 1068 1619 1106 tibi.

295 1137 375 1173 ΗΕ.
399 1142 467 1174 tuo
488 1135 685 1180 arbitratu,
705 1134 817 1172 facile
837 1134 973 1183 patior.
1028 1136 1101 1172 ER.
1126 1135 1254 1180 credo,
1271 1135 1494 1172 consuetu's
1514 1147 1620 1184 puer.

296 1202 377 1238 HE.
402 1200 578 1251 Iuppiter
599 1208 636 1238 te
657 1200 777 1250 dique
797 1200 974 1249 perdant.
1036 1201 1109 1237 ER.
1134 1199 1171 1237 te
1192 1198 1432 1237 hercle——mi
1453 1212 1622 1249 aequom

1405 1272 1463 1302 est
1482 1263 1622 1314 gratias

293 1344 406 1380 agere
427 1331 479 1369 ob
496 1331 679 1369 nuntium
696 1345 705 1378 3
735 1337 888 1369 tanturn
905 1343 978 1380 ego
994 1343 1100 1369 nunc
1117 1338 1230 1381 porto
1246 1344 1269 1369 a
1284 1337 1399 1381 portu
1416 1330 1486 1368 tibi
1503 1329 1598 1368 boni
1615 1344 1621 1366 ;

233 1412 274 1444 90
294 1409 399 1434 nunc
429 1403 470 1434 tu
501 1395 597 1434 mihi
626 1397 767 1446 places.
828 1397 908 1433 HE.
941 1394 1019 1443 abi,
1046 1397 1211 1443 stultu's,
1232 1409 1318 1434 sero
1348 1403 1436 1446 post
1466 1403 1622 1445 tempus
1642 1396 1711 1439 870

1497 1459 1619 1498 uenis.

295 1528 368 1564 ER.
401 1526 516 1576 igitur
536 1525 682 1580 olimsi
703 1525 965 1573 aduenissem‚
989 1526 1102 1577 magi'
1123 1534 1163 1565 tu
1185 1535 1268 1565 tum
1290 1527 1389 1565 istuc
1410 1525 1560 1564 diceres
1576 1539 1605 1572 3⁴

294 1605 400 1630 nunc
420 1593 522 1629 hanc
544 1586 731 1629 laetitiam
751 1591 886 1641 accipe
907 1606 929 1630 a
951 1606 1013 1630 me
1035 1606 1153 1642 quam
1175 1594 1266 1631 fero.
1326 1605 1417 1630 nam
1440 1591 1563 1629 filium

294 1664 403 1695 tuom
433 1658 554 1695 modo
584 1656 624 1694 in
653 1664 768 1707 portu
800 1657 1117 1707 Philopolemum
1147 1657 1294 1704 uiuom,
1318 1659 1469 1695 saluom
1500 1663 1537 1694 et
1564 1669 1622 1694 so-

1480 1721 1621 1772 spitem

293 1787 374 1826 uidi
395 1788 433 1825 in
455 1788 614 1838 publica
634 1791 777 1835 celoce,
801 1788 1030 1838 ibidemque
1051 1788 1160 1826 illum
1181 1789 1522 1827 adulescentulum

231 1863 271 1896 95
293 1854 435 1890 Aleum
457 1867 535 1891 una
555 1861 593 1892 et
615 1862 725 1892 tuom
747 1855 988 1903 Stalagmum
1011 1867 1177 1900 seruom,
1202 1853 1269 1902 qui
1289 1852 1438 1903 aufugit
1459 1854 1590 1899 domo,
1641 1851 1706 1895 875

294 1917 359 1967 qui
380 1917 450 1956 tibi
473 1918 668 1969 surrupuit
690 1918 940 1968 quadrimum
961 1931 1126 1967 puerum
1148 1918 1311 1956 filiolum
1333 1925 1454 1956 tuom.

295 1984 374 2019 HE.
411 1982 476 2020 abi
514 1983 553 2020 in
593 1984 736 2021 malam
768 1996 859 2029 rem,
897 1982 999 2021 ludis
1034 1996 1107 2021 me.
1182 1984 1255 2020 ER.
1293 1982 1345 2020 ita
1379 1996 1442 2020 me
1473 1982 1620 2020 amabit

1264 2054 1398 2085 sancta
1420 2047 1616 2094 Saturitas,

297 2112 440 2162 Hegio,
463 2112 594 2162 itaque
615 2126 686 2151 suo
708 2126 770 2151 me
791 2126 945 2162 semper
965 2113 1203 2151 condecoret
1224 2111 1471 2161 cognomine,

338 2217 400 2255 865
425 2215 537 2246 diuum
557 2215 666 2247 Bothe.
688 2215 860 2245 cm'lv'ams
876 2216 973 2245 deum
994 2214 999 2257 Ι
1020 2215 1108 2246 hunc
1122 2214 1262 2255 displicet
1374 2215 1434 2254 871
1461 2213 1511 2245 vel
1523 2224 1619 2254 mage

293 2259 357 2300 874
381 2259 527 2291 celocem
546 2259 668 2290 ibidem
685 2258 773 2291 codd.
795 2259 899 2289 Nonii
911 2269 1000 2312 5331
