1742 2718
137 209 181 239 90

136 532 177 564 95

118 1057 179 1079 100

121 1449 179 1480 105

121 1776 181 1798 110

168 86 212 122 .i
615 85 660 121 T.
696 83 875 121 MACCI
908 82 1111 119 PLAVTI

308 197 385 235 hoc
405 196 472 234 ubi
495 195 731 246 Amphitruo
752 208 839 233 erus
859 193 1109 243 conspicatus
1130 199 1199 240 est,

307 261 398 300 ilico
418 261 568 312 equites
589 261 697 299 iubet
718 262 877 299 dextera
897 259 1094 297 inducere.

307 327 458 377 equites
479 334 616 377 parent
637 326 702 364 citi
720 341 726 363 :
757 326 807 363 ab
828 326 986 363 dextera
1006 337 1192 362 maxumo

359 406 449 431 cum
471 394 641 430 clamore
661 391 839 428 inuolant
860 389 1009 439 impetu
1030 388 1158 435 alacri,
1411 431 1413 433 ¹
1550 397 1616 434 245

306 459 467 495 foedant
488 465 525 495 et
546 463 749 507 proterunt
770 454 942 492 hostiurn
965 453 1098 503 copias

414 523 496 561 iure
517 522 690 559 iniustas.

202 589 287 626 ME.
317 600 535 637 numquam
565 586 682 623 etiam
714 585 926 635 quicquam
956 585 1087 622 adhuc
1118 583 1329 621 uerborum
1360 590 1418 622 est
1446 596 1530 633 pro-

1128 651 1282 686 locutus
1303 661 1529 699 perperam:

200 731 372 767 namque
393 730 466 766 ego
493 716 546 754 fui
571 715 624 753 illi
646 716 685 753 in
706 729 746 753 re
762 714 957 765 praesenti
978 722 1016 752 et
1042 715 1144 751 meu'
1165 726 1286 762 quom
1314 721 1530 763 pugnatum

1331 786 1388 816 est
1409 785 1528 828 pater.

202 850 266 886 So.
299 849 519 897 perduelles
549 853 756 896 penetrant
786 859 827 884 se
857 844 896 882 in
924 845 1055 894 fugam
1072 859 1081 892 3
1121 844 1174 882 ibi
1205 843 1347 882 nostris
1376 843 1531 881 animus
1550 855 1620 892 250

1332 908 1530 946 additust:

201 978 447 1017 uortentibus
469 977 658 1016 Telobois
679 976 765 1015 telis
787 975 1089 1026 complebantur
1109 987 1273 1024 corpora

202 1043 388 1094 ipsusque
410 1043 648 1093 Amphitruo
669 1056 799 1092 regern
822 1043 1016 1080 Pterelam
1038 1043 1107 1079 sua
1127 1039 1378 1090 optruncauit
1398 1052 1529 1077 manu.

255 1111 352 1147 haec
373 1109 464 1146 illist
485 1117 657 1158 pugnata
677 1121 809 1158 pugna
830 1109 954 1157 usque
974 1120 997 1144 a
1018 1106 1123 1144 mani
1143 1107 1194 1144 ad
1216 1119 1424 1156 uesperum

257 1174 350 1227 (hoc
379 1175 480 1212 adeo
510 1175 586 1211 hoc
616 1172 872 1211 commemini
907 1171 1020 1221 magi’
1055 1171 1147 1221 quia
1180 1170 1247 1208 illo
1281 1170 1346 1209 die
1379 1170 1533 1220 inpran-

1361 1248 1426 1273 sus
1446 1234 1530 1286 fui),

202 1306 270 1343 sed
291 1304 484 1355 proelium
505 1304 545 1342 id
566 1305 727 1342 tandem
748 1302 904 1341 diremit
925 1315 1003 1340 nox
1023 1301 1246 1340 interuentu
1268 1314 1350 1339 suo.
1553 1311 1571 1335 2
1578 1310 1594 1346 5
1599 1309 1617 1346 5

202 1370 389 1420 postridie
410 1370 450 1408 in
472 1377 597 1408 castra
617 1383 664 1407 ex
684 1369 780 1407 urbe
800 1370 851 1407 ad
872 1381 944 1406 nos
966 1367 1132 1406 ueniunt
1152 1368 1290 1405 flentes
1311 1365 1507 1416 principes
1525 1381 1531 1403 z

202 1435 340 1474 uelatis
362 1435 544 1473 manibus
565 1442 677 1473 orant
698 1435 948 1484 ignoscamus
969 1440 1177 1483 peccatum
1199 1446 1325 1479 suom,

202 1502 434 1550 deduntque
454 1514 507 1548 se,
530 1500 666 1539 diuina
686 1501 940 1548 humanaque
960 1498 1106 1545 omnia,
1128 1499 1266 1536 urbem
1287 1505 1325 1536 et
1346 1497 1489 1535 liberos

201 1566 241 1604 in
262 1565 461 1604 dicionem
482 1565 601 1615 atque
621 1565 660 1602 in
681 1564 911 1603 arbitratum
933 1563 1065 1602 cuncti
1086 1563 1281 1602 Thebano
1302 1564 1433 1612 poplo.

201 1639 289 1681 post
310 1631 362 1669 ob
384 1630 567 1668 uirtutem
589 1643 655 1668 ero
676 1628 957 1679 Amphitruoni
977 1636 1111 1678 patera
1131 1629 1278 1667 donata
1296 1640 1413 1666 aurea
1433 1634 1502 1672 est,
1554 1626 1623 1660 260

200 1696 267 1746 qui
290 1697 441 1734 Pterela
462 1694 628 1745 potitare
649 1708 714 1733 rex
735 1702 793 1733 est
815 1693 962 1732 solitus,
1023 1694 1120 1732 haec
1141 1693 1196 1731 sic
1217 1692 1346 1731 dicam
1368 1705 1466 1730 erae.

200 1773 306 1799 nunc
327 1773 485 1810 pergam
508 1759 561 1797 eri
578 1759 786 1810 imperium
809 1760 969 1809 exsequi
991 1766 1029 1797 et
1050 1772 1113 1796 me
1130 1759 1295 1796 domum
1316 1769 1529 1807 capessere.

256 1827 339 1863 ΜΕ.
371 1832 477 1871 attat,
502 1825 579 1863 illic
601 1826 679 1863 huc
700 1825 850 1863 iturust.
883 1823 950 1862 ibo
971 1836 1043 1873 ego
1064 1823 1142 1861 illic
1162 1822 1335 1869 obuiam,

254 1903 384 1940 neque
406 1903 479 1940 ego
496 1891 602 1928 hunc
624 1889 828 1928 hominem
844 1887 958 1941 (huc)
977 1887 1097 1926 hodie
1116 1889 1168 1926 ad
1187 1887 1296 1925 aedis
1317 1888 1387 1925 has
1407 1886 1532 1925 sinam

1111 1966 1301 2002 umquam
1321 1952 1509 1990 accedere
1524 1966 1534 1999 3

245 2071 308 2100 242
332 2061 380 2091 vel
395 2061 626 2100 conspicatust
759 2069 823 2098 243
847 2058 1010 2089 inuadere
1020 2056 1212 2088 Salmasius
1226 2056 1324 2095 (recte,
1337 2056 1369 2086 si
1380 2056 1532 2095 inudere,

201 2116 305 2145 quam
322 2105 485 2135 lectionem
503 2116 518 2135 e
533 2104 630 2135 veleri
644 2102 744 2133 codice
760 2102 947 2132 Lambinus
961 2101 1054 2139 eruit,
1073 2100 1108 2130 in
1130 2099 1159 2129 T
1169 2102 1197 2130 et
1212 2098 1267 2129 ΡΑ
1284 2099 1381 2139 stetit)
1470 2108 1533 2137 253

202 2149 270 2179 illic
287 2153 339 2179 est
355 2148 421 2179 cod.
441 2148 503 2187 (illi
529 2153 581 2178 est
605 2147 671 2178 El:
698 2146 763 2177 illis
787 2150 840 2176 est
863 2144 952 2176 codd.
980 2143 1083 2174 Nonii
1103 2153 1161 2182 231
1254 2143 1286 2175 h.
1314 2143 1380 2173 illic
1397 2153 1425 2174 e.
1445 2152 1478 2182 p.
1498 2153 1529 2181 p.

202 2193 267 2223 iam
284 2203 315 2223 u.
333 2192 465 2232 (iasub.)
486 2191 622 2221 Mueller
637 2190 766 2230 (Rhein.
785 2189 874 2220 Mus.
890 2198 942 2228 54,
959 2187 1041 2227 381)
1130 2197 1192 2226 254
1217 2186 1266 2217 vel
1279 2186 1380 2217 iamb.
1470 2187 1535 2216 260

203 2246 305 2267 aurea
322 2241 373 2266 est
393 2235 604 2266 Camerarius
619 2246 625 2264 ε
650 2239 701 2264 est
718 2242 820 2264 aurea
837 2231 901 2262 cod.
948 2264 970 2274 l
1046 2230 1105 2260 261
1133 2230 1275 2270 potitare
1291 2229 1366 2261 Ital.
1381 2241 1388 2260 ι
1414 2234 1533 2269 potare

203 2279 268 2311 cod.
284 2280 449 2320 (positare
462 2278 497 2308 D
508 2281 583 2309 ante
594 2278 687 2317 corr.)
755 2286 813 2306 rex
827 2280 880 2305 est
896 2275 1015 2305 solitus
1025 2273 1128 2304 Bothe
1140 2284 1146 2303 ε
1170 2283 1229 2303 rex
1246 2274 1367 2304 solitus
1383 2277 1434 2303 est
1446 2274 1511 2304 cod.
1525 2284 1533 2304 z

203 2324 264 2355 sol.
289 2328 342 2354 est
367 2333 428 2353 rex
450 2322 573 2362 Ussing
669 2321 733 2358 263
757 2319 806 2349 vel
826 2321 931 2350 iturus
955 2323 1006 2348 est
1032 2317 1090 2359 (ita
1113 2316 1196 2357 cod.)
1298 2320 1359 2355 264
1386 2327 1450 2354 ego
1468 2320 1532 2348 huc

204 2368 292 2399 hom.
313 2367 389 2397 hod.
411 2365 476 2396 cod.
495 2377 500 2395 ;
518 2375 594 2396 corr.
614 2362 828 2394 Studemund
