1742 2718
674 71 991 110 MERCATOR

171 183 211 221 in
232 182 380 221 somnis
401 181 460 232 egi
481 180 572 220 satis
594 188 631 219 et
652 180 707 218 fui
728 182 850 219 homo
870 180 1072 220 exercitus.

173 247 332 286 mercari
355 246 460 284 uisus
483 246 576 284 mihi
599 259 685 283 sum
708 247 919 284 formosam
942 259 1097 296 capram
1115 260 1124 293 ;

85 325 153 360 230
172 313 206 351 ei
228 326 277 350 ne
298 319 455 350 noceret
476 324 594 361 quam
615 310 725 350 domi
746 318 837 349 ante
854 311 972 349 habui
994 324 1151 361 capram

171 391 247 416 neu
268 377 537 416 discordarent
557 376 589 414 si
609 376 750 414 ambae
770 376 810 414 in
831 390 911 415 uno
932 384 1062 414 essent
1082 378 1182 422 loco,

170 442 362 491 posterius
383 455 501 491 quam
523 448 716 480 mercatus
738 442 886 479 fueram
908 441 1004 480 uisu'
1026 454 1112 480 sum

168 507 207 544 in
228 508 471 545 custodelam
494 506 629 545 simiae
649 507 896 545 concredere.

167 585 213 610 ea
233 572 345 610 simia
364 573 464 610 adeo
486 580 573 621 post
594 573 672 610 hau
695 573 819 610 multo
838 573 890 610 ad
911 585 973 609 me
994 572 1112 619 uenit,

80 648 144 684 235
167 638 268 675 male
289 636 384 674 mihi
406 645 584 686 precatur
604 644 642 675 et
662 636 754 675 facit
774 636 1000 674 conuicium
1018 652 1025 674 :

164 702 217 740 ait
239 716 323 741 sese
344 702 445 741 illius
466 715 585 753 opera
604 710 723 752 atque
744 703 919 741 aduentu
940 716 1080 753 caprae

164 767 354 816 flagitium
375 775 412 806 et
433 769 624 807 damnum
647 767 786 806 fecisse
807 769 884 806 hau
906 767 1179 816 mediocriter;

163 831 258 870 dicit
279 845 447 882 capram,
472 845 591 882 quam
614 833 802 870 dederam
824 833 1059 871 seruandam
1081 832 1166 879 sibi,

163 896 246 934 suai
267 896 395 935 uxoris
416 898 550 935 dotem
573 897 797 936 ambedisse
818 897 977 947 oppido.

76 973 144 1007 240
162 961 259 998 mihi
280 961 375 1000 illud
396 962 521 1000 uideri
542 962 684 1000 mirum
705 970 747 1000 ut
768 976 847 1000 una
867 962 978 1001 illaec
999 976 1115 1013 capra

161 1026 289 1064 uxoris
310 1026 436 1065 simiai
457 1028 593 1066 dotem
615 1027 845 1066 ambederit.

160 1090 303 1129 instare
323 1093 469 1130 factum
491 1091 604 1130 simia
624 1100 742 1142 atque
759 1093 835 1131 hoc
857 1092 1030 1142 denique

159 1157 381 1205 respondet,
404 1156 444 1194 ni
465 1170 671 1206 properem
691 1157 797 1195 illam
818 1157 869 1195 ab
889 1170 974 1195 sese
994 1157 1202 1205 abducere,

158 1221 208 1258 ad
230 1234 292 1259 me
313 1222 477 1260 domum
498 1221 599 1261 intro
618 1223 670 1260 ad
690 1222 851 1261 uxorem
871 1223 1083 1261 ducturum
1103 1235 1244 1261 meam.

71 1295 136 1331 245
157 1292 275 1335 atque
296 1286 445 1336 oppido
465 1288 594 1325 hercle
615 1288 717 1325 bene
740 1289 839 1325 uelle
859 1287 913 1325 illi
934 1287 1032 1325 uisu'
1053 1300 1150 1334 sum,

155 1358 214 1389 ast
235 1365 316 1389 non
336 1352 481 1390 habere
501 1353 595 1402 quoi
615 1355 937 1391 commendarem
958 1366 1116 1403 capram
1131 1367 1141 1401 ;

155 1428 235 1465 quo
256 1416 369 1466 magi'
389 1416 485 1466 quid
506 1418 675 1456 facerem
696 1431 789 1455 cura
809 1417 1010 1455 cruciabar
1031 1417 1157 1456 miser.

155 1479 302 1519 interea
321 1482 372 1520 ad
392 1495 456 1520 me
477 1483 627 1520 haedus
649 1482 772 1521 uisust
792 1482 1041 1532 adgredirier,

153 1544 239 1585 infit
259 1545 355 1583 mihi
375 1546 600 1596 praedicare
620 1561 705 1586 sese
724 1548 775 1586 ab
796 1547 910 1586 simia

66 1621 134 1657 250
152 1623 309 1660 capram
329 1611 540 1651 abduxisse
560 1620 598 1651 et
617 1614 748 1663 coepit
768 1612 937 1652 inridere
957 1626 1020 1652 me
1035 1628 1045 1661 3

152 1688 226 1725 ego
245 1676 350 1714 enim
371 1678 502 1727 lugere
521 1684 641 1727 atque
659 1678 875 1717 abductam
895 1678 1002 1716 illam
1021 1690 1136 1728 aegre
1155 1677 1246 1728 pati.

150 1740 228 1778 hoc
248 1741 367 1790 quam
387 1742 438 1780 ad
458 1755 540 1780 rem
561 1743 719 1781 credam
741 1742 936 1793 pertinere
956 1743 1157 1782 somnium

148 1818 304 1854 nequeo
324 1805 500 1844 inuenire
514 1821 524 1854 3
553 1805 627 1845 nisi
647 1821 805 1858 capram
825 1807 931 1846 illam
953 1807 1130 1858 suspicor

147 1868 225 1906 iam
246 1883 309 1908 me
330 1869 528 1909 inuenisse
548 1884 649 1921 quae
669 1872 718 1910 sit
736 1880 804 1911 aut
824 1872 920 1923 quid
941 1872 1119 1911 uoluerit.

61 1949 103 1985 25
110 1949 126 1985 5
147 1935 198 1973 ad
218 1942 374 1984 portum
396 1935 488 1974 hinc
507 1936 587 1974 abii
608 1950 723 1975 mane
744 1950 835 1975 cum
856 1937 934 1976 luci
955 1939 1081 1977 semul
1099 1952 1110 1985 ,·

1442 74 1528 111 Ilei

1517 587 1557 609 10

1515 912 1552 946 ¹5

1507 1234 1550 1256 20

1495 1891 1537 1923 30

189 2048 251 2077 231
277 2039 306 2069 si
324 2038 472 2071 Merula:
497 2040 561 2070 nisi
580 2039 643 2071 cod.
737 2041 832 2071 ambo
847 2041 889 2082 B,
901 2041 983 2080 fort.
1004 2045 1078 2072 recte
1202 2051 1266 2081 233
1293 2041 1478 2072 custodiam

146 2081 212 2112 cod.
232 2082 291 2123 (sic
304 2081 419 2122 ubique
442 2083 476 2113 in
502 2082 603 2122 codd.⁷
627 2088 690 2124 pro
712 2084 878 2125 -deiam2)
1055 2093 1120 2123 234
1151 2085 1243 2116 haud
1269 2085 1374 2116 multo
1400 2089 1476 2124 post
1533 2103 1536 2106 -

145 2124 332 2166 Kellerhoff,
348 2126 528 2157 secundum
547 2137 673 2157 morem
690 2126 890 2158 Plautinum
995 2138 1059 2167 240
1082 2127 1131 2159 vel
1146 2127 1223 2159 illuc

1327 2137 1389 2167 245
1400 2131 1479 2168 post

145 2170 210 2207 246
225 2168 291 2199 cod.
312 2180 320 2200 ε
344 2170 416 2200 irai.
440 2170 637 2201 Gulielmius
780 2181 842 2210 247
859 2171 969 2212 inc-ipt't
981 2171 1016 2201 A
1151 2182 1217 2212 quo
1234 2172 1341 2210 magis
1360 2171 1475 2203 Came-

146 2211 256 2242 rarius
271 2223 278 2242 :
303 2222 368 2252 qua
385 2214 493 2253 magis
508 2214 540 2243 A
561 2225 568 2244 :
591 2214 683 2253 quod
700 2215 772 2254 agis
789 2215 821 2246 P
921 2215 972 2245 vel
987 2225 1084 2255 mage
1239 2226 1304 2256 249
1327 2225 1423 2246 sesse
1438 2215 1473 2247 A

145 2264 209 2294 250
232 2256 413 2287 adduxisse
429 2256 462 2286 A
598 2257 736 2288 inrideri
752 2257 785 2287 A
973 2267 1033 2297 251
1060 2262 1161 2298 atque
1184 2259 1274 2290 illam
1298 2259 1473 2289 abductam

144 2299 304 2337 conqueri
330 2299 363 2330 P
513 2302 642 2340 254-65
666 2301 784 2331 iterum
801 2301 911 2342 scrt'pli
923 2305 1036 2332 extant
1051 2302 1084 2332 in
1101 2302 1164 2334 alio
1171 2302 1257 2342 solio
1273 2302 1386 2333 codz'm's
1400 2302 1433 2332 A
