1742 2718
670 80 989 119 MERCATOR
1462 77 1491 113 Ι.
1515 76 1544 111 ii

82 203 145 247 185
170 198 240 234 AC.
273 194 351 246 qui,
393 195 554 241 malum,
586 205 659 243 ego
698 205 823 243 nugor
860 190 892 229 si
932 190 1002 229 tibi
1041 191 1150 240 quod
1190 203 1252 228 me
1292 202 1403 238 rogas
1442 201 1496 225 re·
1518 202 1556 233 75

1287 253 1466 303 spondeo
1480 254 1496 289 ?

169 328 246 366 CH.
278 334 410 365 certen
434 324 564 364 uidit?
628 325 702 362 Ac.
733 323 814 362 tam
840 323 971 361 hercle
995 328 1099 360 certe
1126 320 1247 370 quam
1269 332 1342 368 ego
1366 319 1402 356 te
1429 324 1496 354 aut

1223 394 1264 424 tu
1286 399 1349 423 me
1370 384 1494 422 uides.

170 459 246 497 CH.
271 458 339 497 ubi
360 472 447 497 eam
464 457 593 497 uidit?
648 459 721 495 Ac.
742 455 848 495 intus
864 455 965 494 intra
980 454 1126 500 nauim,
1146 455 1189 491 ut
1205 465 1328 502 prope
1348 449 1469 488 astitit
1488 463 1498 495 ,·

169 532 206 562 et
227 537 317 562 curn
339 538 384 562 ea
405 523 706 561 confabulatust.
767 522 843 561 CH.
875 518 1082 571 perdidisti
1103 532 1177 565 me,
1202 524 1322 567 pater.

168 591 245 627 eho
266 597 318 636 tu,
342 591 418 627 eho
438 596 490 635 tu,
514 587 610 637 quin
631 586 769 625 cauisti
789 599 840 624 ne
857 599 946 624 eam
967 584 1130 631 uideret,
1154 582 1350 621 uerbero?

86 673 152 707 190
169 654 276 704 quin,
299 655 472 700 sceleste,
501 651 505 704 Ι
532 652 800 702 apstrudebas‚
823 651 873 689 ne
893 664 981 688 eam
1002 648 1252 698 conspiceret
1272 645 1411 696 pater?
1517 652 1558 682 80

170 722 241 758 Ac.
274 719 366 769 quia
386 717 579 769 negotiosi
600 730 753 756 eramus
773 729 846 754 nos
867 715 1009 754 nostris
1029 713 1197 764 negotiis
1219 728 1226 750 :

168 784 419 823 armamentis
440 782 735 834 complicandis,
759 780 1047 832 componendis
1069 778 1303 817 studuimus.

168 852 264 888 dum
285 851 383 888 haec
402 856 579 899 aguntur,
602 848 736 886 lembo
754 845 965 885 aduehitur
985 846 1063 884 tuo’
1085 851 1194 895 pater
1213 841 1439 893 pauxillulo,

170 929 299 965 neque
330 914 539 964 quisquam
572 913 775 952 hominem
810 911 1089 962 conspicatust,
1123 910 1251 947 donec
1287 907 1327 945 in
1362 904 1496 944 nauim

1378 969 1495 1008 subit.

87 1059 148 1095 195
170 1047 247 1085 CH.
279 1044 533 1095 nequiquam,
557 1056 672 1090 mare,
698 1040 914 1092 supterfugi
935 1041 958 1079 a
977 1039 1053 1079 tuis
1075 1036 1402 1089 tempestatibus:
1516 1041 1556 1081 85

168 1110 354 1161 equidem
375 1123 438 1148 me
458 1109 536 1147 iam
558 1108 769 1147 censebam
790 1120 876 1146 esse
895 1106 936 1144 in
956 1113 1058 1144 terra
1075 1112 1195 1154 atque
1213 1102 1254 1140 in
1275 1108 1360 1140 tuto
1381 1101 1484 1146 1060,

168 1189 305 1214 uerum
325 1174 445 1213 uideo
465 1174 558 1212 med
577 1174 629 1211 ad
649 1186 739 1211 saxa
758 1171 845 1211 ferri
865 1170 992 1209 saeuis
1012 1169 1208 1208 fluctibus.

168 1243 328 1292 loquere
349 1253 465 1290 porro
485 1238 581 1289 quid
602 1238 651 1276 sit
674 1245 818 1276 actum.
877 1238 951 1274 Ac.
980 1242 1191 1286 postquam
1210 1230 1363 1282 aspexit
1383 1228 1497 1267 muli-

1377 1308 1497 1341 erem,

62 1364 151 1436 ¹323
169 1371 333 1422 rogitare
349 1369 502 1421 occepit
518 1368 637 1419 quoia
652 1375 764 1407 esset.
812 1367 890 1406 CH.
912 1364 1009 1416 quid
1025 1361 1229 1414 respondit
1244 1364 1261 1400 ?
1308 1363 1380 1398 Ac.
1404 1359 1497 1397 ilico

169 1436 369 1476 occucurri
390 1443 509 1486 atque
529 1434 735 1485 interpello
756 1431 869 1471 matri
889 1439 928 1470 te
946 1429 1130 1469 ancillam
1151 1436 1243 1467 tuae
1513 1440 1556 1472 90

168 1502 309 1542 emisse
338 1502 454 1540 illam.
513 1501 591 1540 CH.
622 1498 738 1538 uisun
769 1505 828 1537 est
858 1496 929 1535 tibi
961 1496 1120 1535 credere
1146 1494 1216 1533 id?
1271 1494 1344 1530 Ac.
1376 1490 1495 1530 etiam

1355 1569 1467 1607 rogas
1480 1557 1497 1593 ?

170 1634 240 1672 sed
260 1633 447 1671 scelestus
467 1630 677 1681 subigitare
697 1627 863 1680 occepit.
922 1628 1001 1667 CH.
1033 1625 1204 1672 illamne‚
1227 1623 1421 1674 opsecro?

170 1702 242 1737 Ac.
275 1698 417 1736 mirum
440 1696 536 1748 quin
563 1709 627 1734 me
651 1695 888 1745 subigitaret.
947 1693 1026 1732 CH.
1058 1691 1201 1742 edepol
1221 1702 1289 1728 cor
1309 1687 1495 1725 miserum

1349 1765 1494 1798 meum,

84 1842 149 1879 205
170 1831 279 1880 quod
297 1828 479 1881 guttatim
500 1826 743 1866 contabescit
763 1825 874 1876 quasi
894 1824 934 1862 in
950 1836 1094 1874 aquam
1115 1818 1304 1859 indideris
1325 1819 1457 1857 salem.

169 1896 265 1947 perii
285 1899 291 1933 !
348 1898 419 1933 Ac.
451 1907 514 1932 em
534 1893 634 1931 istuc
658 1905 782 1930 unum
801 1891 967 1929 uerbum
988 1886 1119 1927 dixisti
1139 1884 1412 1925 uerissumum.
1514 1899 1556 1932 95

170 1961 332 2001 stultitia
346 1961 465 1999 istaec
480 1966 548 1998 est.
589 1958 669 1997 CH.
691 1956 788 2006 quid
802 1955 973 1994 faciam?
992 1954 1123 2000 credo,
1140 1965 1222 1990 non
1235 1951 1368 1989 credet
1388 1955 1497 1999 pater

217 2067 279 2096 186
293 2065 343 2096 vel
355 2066 413 2096 ted
506 2064 566 2101 187
589 2061 640 2092 vel
653 2060 701 2091 uti
769 2069 869 2099 prore
885 2058 1010 2089 asstitit
1027 2057 1100 2088 PCD
1193 2056 1253 2094 189
1269 2053 1366 2093 quin]
1385 2053 1449 2082 hoc
1465 2051 1498 2082 Β

174 2122 236 2150 190
259 2110 360 2140 abstr.
377 2107 457 2139 scel.
471 2107 622 2138 Gm'etus:
642 2102 721 2135 scel.
736 2101 856 2144 (eam)
866 2103 966 2132 abstr.
980 2100 1111 2140 Bentley
1182 2109 1243 2138 192
1258 2097 1323 2140 [et]
1340 2105 1493 2134 compon.

171 2154 237 2184 cod.
256 2165 262 2183 τ
286 2157 319 2182 et
336 2151 395 2183 del.
410 2150 619 2181 Camerarius
635 2147 685 2187 (qs.
701 2145 837 2177 adAul.
852 2146 931 2184 784)
1055 2154 1114 2183 194
1138 2143 1250 2173 nauirn
1267 2141 1356 2172 subit
1372 2139 1499 2170 amicus

172 2198 204 2226 A
210 2196 333 2227 cz'dalz'i:
359 2196 435 2225 naui
448 2203 551 2233 super
566 2191 630 2222 cod.
769 2199 829 2228 195
853 2200 872 2219 a
890 2189 956 2218 tuis
973 2186 1093 2218 Vahlen
1111 2198 1118 2217 t
1141 2186 1258 2217 subter
1275 2186 1367 2226 (corr.
1382 2182 1416 2223 a)
1431 2183 1498 2213 tuis

173 2244 209 2271 ut
225 2239 286 2271 vid.
305 2238 370 2270 cod.
393 2238 523 2279 (subter
538 2235 625 2267 atuis
641 2233 680 2272 B,
699 2234 813 2264 saeuis
828 2232 916 2268 PCD)
936 2233 981 2271 (v.
996 2232 1032 2271 3)
1170 2239 1240 2268 199,
1260 2239 1325 2259 200
1349 2227 1421 2257 cuia
1448 2235 1496 2256 es·

172 2282 428 2315 Rittershusius:
465 2281 518 2311 cui
535 2290 581 2310 es.
603 2280 679 2318 (pro
695 2277 781 2316 aes-)
802 2279 839 2306 ut
852 2275 914 2306 vid.
934 2275 997 2306 cod.
1020 2273 1128 2315 (cuius
1145 2283 1192 2304 es.
1210 2270 1300 2306 PCD)
1435 2280 1498 2299 202

172 2329 312 2358 uisusne
335 2330 387 2356 est
410 2324 530 2355 Bothe:
565 2323 678 2353 uisunt
704 2321 827 2359 (uisum
851 2318 939 2358 PCD)
965 2318 1031 2349 cod.
1055 2322 1129 2358 (pro
1153 2316 1255 2346 uisun
1279 2321 1309 2354 e,
1329 2315 1347 2345 i.
1361 2325 1383 2345 e.
1409 2317 1461 2343 est
1473 2314 1497 2351 ἓ)

173 2380 236 2411 205
253 2380 340 2410 aqua
356 2368 487 2399 Nonius
505 2376 574 2406 115,
593 2375 656 2403 223
746 2373 809 2402 207
827 2363 918 2394 stult.
938 2363 1040 2393 istaec
1058 2365 1111 2392 est
1130 2359 1276 2390 Charino
1289 2357 1347 2388 dat
1359 2356 1500 2397 Pylades
