1794 2728
228 77 280 113 II.
302 76 330 112 ii
715 78 759 115 T.
796 77 976 117 MACCI
1009 78 1213 115 PLAVTI

300 201 405 227 nunc
427 187 457 226 si
478 195 612 239 patera
631 196 805 239 pateram
826 187 986 239 peperit,
1011 200 1149 226 omnes
1170 187 1545 237 congeminauimus.

299 253 382 291 AM.
414 261 563 292 certum
586 261 643 292 est
668 253 816 303 aperire
836 260 955 302 atque
976 252 1178 302 inspicere.
1239 253 1303 291 So.
1335 252 1427 292 uide
1452 253 1503 291 sis
1530 253 1629 304 signi

1428 317 1524 367 quid
1544 318 1627 366 siet,

299 398 348 422 ne
368 384 561 434 posterius
582 384 621 422 in
644 398 706 422 me
726 385 882 433 culpam
905 384 1092 421 conferas.
1154 384 1235 420 AM.
1267 382 1372 432 aperi
1394 384 1514 421 modo
1530 397 1540 430 ;

299 463 389 487 nam
412 450 509 488 haec
530 449 690 499 quidem
712 462 784 487 nos
805 447 1005 486 delirantis
1026 449 1152 486 facere
1174 446 1288 485 dictis
1309 449 1489 497 postulat.

220 521 281 552 160
300 515 372 551 AL.
406 516 511 552 unde
528 515 625 552 haec
641 513 755 563 igitur
771 520 829 551 est
844 512 917 551 nisi
933 526 1003 563 aps
1020 520 1058 550 te
1075 526 1175 562 quae
1196 512 1293 550 mihi
1309 513 1417 551 dono
1433 513 1524 551 data
1539 515 1626 552 est?
1646 522 1715 557 790

300 579 380 616 AM.
409 581 499 628 opu'
515 578 568 616 mi
585 585 642 616 est
663 578 762 616 istuc
780 577 983 628 exquisito.
1035 579 1099 615 So.
1134 576 1321 626 Iuppiter,
1340 591 1409 627 pro
1432 577 1625 628 Iuppiter!

298 644 379 681 AM.
413 643 507 693 quid
529 643 599 681 tibi
621 645 707 681 est?
764 645 827 681 So.
861 643 924 681 hic
952 650 1085 692 patera
1112 643 1219 680 nulla
1238 641 1278 680 in
1299 642 1483 681 cistulast.
1543 645 1624 681 AM.

1271 707 1367 757 quid
1388 722 1460 759 ego
1480 708 1628 747 audio?

296 775 360 811 So.
403 772 442 811 id
482 774 589 823 quod
630 780 814 811 uerumst.
885 775 967 810 AM.
1004 780 1043 810 at
1082 786 1172 811 cum
1213 772 1385 810 cruciatu
1424 772 1512 820 iam,
1553 773 1627 811 nisi

1341 845 1513 888 apparet,
1545 846 1625 877 tuo.

296 904 367 941 AL.
406 904 503 942 haec.
542 903 703 953 quidem
744 911 913 953 apparet.
975 905 1057 942 AM.
1095 903 1181 953 quis
1222 903 1336 954 igitur
1374 903 1445 942 tibi
1486 903 1626 942 dedit?

1210 971 1281 1007 AL.
1315 968 1381 1019 qui
1412 983 1474 1007 me
1503 977 1621 1019 rogat.

219 1040 276 1080 165
295 1036 359 1072 So.
394 1048 456 1072 me
477 1041 621 1084 captas,
644 1033 735 1084 quia
757 1041 838 1072 tute
859 1034 908 1072 ab
930 1033 1021 1072 naui
1044 1035 1266 1072 clanculum
1288 1036 1365 1073 huc
1385 1034 1461 1073 alia
1480 1034 1544 1073 uia
1644 1043 1708 1079 795

295 1099 600 1148 praecucurristi,
624 1106 742 1149 atque
763 1099 855 1137 hinc
876 1106 1051 1150 pateram
1073 1107 1155 1138 tute
1176 1099 1353 1138 exemisti
1372 1108 1490 1151 atque
1511 1114 1597 1140 eam

295 1163 385 1201 huic
407 1163 559 1211 dedisti,
584 1166 791 1214 posthanc
813 1178 945 1202 rusum
968 1164 1182 1215 opsignasti
1204 1166 1438 1204 clanculum.

294 1230 377 1266 AM.
409 1228 444 1267 ei
466 1228 584 1267 mihi!
615 1228 692 1266 iam
715 1236 755 1267 tu
778 1243 936 1280 quoque
958 1229 1088 1268 huiius
1109 1230 1274 1269 adiuuas
1295 1231 1516 1270 insaniam?

293 1292 357 1331 ain
378 1293 460 1332 heri
482 1307 553 1332 nos
573 1294 782 1333 aduenisse
804 1295 911 1333 huc?
967 1297 1039 1333 AL.
1072 1295 1145 1342 aio,
1169 1296 1466 1347 adueniensque
1486 1295 1576 1335 ilico

216 1373 275 1408 170
294 1372 358 1396 me
378 1358 604 1405 salutauisti‚
629 1366 666 1397 et
687 1373 759 1409 ego
780 1367 828 1406 te,
852 1366 890 1397 et
911 1362 1089 1398 osculum
1111 1361 1223 1399 tetuli
1243 1361 1323 1399 tibi.
1641 1361 1712 1395 800

293 1423 376 1460 AM.
408 1422 485 1460 iam
524 1422 620 1461 illud
659 1436 739 1461 non
778 1425 907 1474 placet
945 1424 1180 1475 principium
1216 1427 1266 1465 de
1300 1429 1446 1466 osculo.
1505 1441 1621 1478 perge

1449 1492 1619 1543 exsequi.

292 1554 365 1590 AL.
406 1552 544 1591 lauisti.
601 1555 687 1606 AM.
725 1554 820 1604 quid
860 1562 1070 1615 postquam
1111 1557 1221 1596 laui?
1277 1560 1349 1596 AL.
1390 1556 1619 1597 accubuisti.

1194 1625 1258 1662 So.
1291 1637 1413 1674 eugae
1433 1630 1595 1673 optume
1614 1624 1621 1660 Ξ

292 1696 397 1722 nunc
418 1683 585 1733 exquire.
646 1686 728 1722 AM.
762 1699 811 1724 ne
832 1685 1045 1737 interpella.
1105 1702 1222 1739 perge
1243 1702 1358 1738 porro
1379 1688 1519 1727 dicere.

292 1750 364 1786 AL.
397 1762 494 1788 cena
513 1749 693 1799 adposita
709 1758 767 1789 est
781 1766 790 1799 3
820 1753 1010 1791 cenauisti
1031 1767 1198 1800 mecum,
1218 1767 1290 1804 ego
1305 1753 1472 1792 accubui
1492 1753 1617 1792 simul.

214 1824 274 1860 175
294 1814 375 1851 AM.
407 1813 445 1851 in
475 1815 617 1852 eodem
643 1815 776 1854 lecto?
832 1819 904 1855 AL.
937 1817 977 1855 in
1004 1819 1157 1857 eodem.
1217 1820 1281 1857 So.
1314 1818 1360 1865 ei,
1383 1832 1464 1857 non
1493 1819 1621 1868 placet
1640 1819 1704 1863 805

1377 1882 1617 1922 conuiuium.

291 1945 373 1982 AM.
403 1943 487 1983 sine
503 1946 624 1984 modo
637 1954 866 1996 argumenta
879 1947 994 1987 dicat.
1037 1948 1132 1999 quid
1146 1956 1354 1999 postquam
1369 1948 1622 1987 cenauimus?

290 2010 364 2046 AL.
396 2015 433 2047 te
467 2010 678 2049 dormitare
712 2011 846 2059 aiba53
884 2026 1021 2051 mensa
1049 2014 1180 2052 ablata
1213 2021 1282 2061 est,
1316 2013 1493 2052 cubitum
1527 2013 1621 2051 hinc

1437 2078 1616 2117 abiimus.

336 2179 399 2217 786
433 2184 584 2219 pateram
617 2184 734 2218 patera
765 2180 831 2211 cod.
868 2181 959 2219 (recle
989 2181 1041 2222 D)
1196 2183 1258 2222 787
1294 2182 1512 2222 uidessisigni
1549 2181 1615 2213 cod.

266 2247 274 2257 χ
292 2222 355 2261 789
368 2222 450 2262 fort.
471 2222 570 2253 dictis
594 2222 704 2253 facere
718 2223 852 2262 favente
875 2224 1110 2256 adliltemttbne
1225 2235 1286 2266 793
1311 2230 1379 2256 tum
1405 2226 1616 2257 erutiatulam

291 2265 355 2297 cod.
377 2268 405 2306 (t
418 2271 479 2306 pro
491 2276 519 2303 c,
538 2265 547 2295 l
562 2270 621 2306 pro
633 2266 662 2305 j)
798 2277 857 2307 797
884 2267 972 2299 hanc
988 2268 1132 2310 Spengel
1144 2280 1151 2300 :
1176 2269 1237 2300 hac
1255 2269 1318 2300 cod.
1426 2270 1486 2299 801
1514 2279 1616 2309 perge

291 2309 442 2340 Muretus
458 2320 465 2339 :
490 2319 630 2348 pergam
647 2309 724 2350 cod„
744 2310 801 2341 vix
817 2314 891 2341 recte
