1742 2718
700 136 1020 174 PRAEFATIO

246 248 369 298 Quod
385 259 477 285 vero
492 247 544 284 ad
561 245 745 284 codicum
763 245 951 283 lectiones
968 244 1117 289 attinet,
1133 243 1293 281 adhibui
1312 243 1518 281 maximam

193 321 344 364 partem
368 310 502 361 copias
523 310 575 348 ab
601 309 686 347 aliis
708 318 924 358 congestas,
950 307 1214 346 Studemundi
1241 309 1520 357 apographum,

195 376 426 426 Lindskogii
443 376 682 426 opusculum
699 376 749 412 de
765 373 1072 412 correctionibus
1091 373 1251 412 Codicis
1268 373 1420 410 Veteris
1439 374 1519 422 (B),

194 441 497 482 Teubnerianae
545 438 729 478 editionis
777 447 1018 488 apparatum.
1099 439 1190 487 Ipse
1238 445 1369 475 tamen
1417 439 1523 475 locos

193 508 394 559 plurimos,
418 507 468 545 de
489 505 634 555 quibus
655 503 843 550 dubitavi,
866 503 905 540 in
926 503 1111 541 omnibus
1133 502 1337 540 codicibus
1359 502 1525 551 (praeter

194 571 256 625 A)
275 570 437 621 inspexi.
484 571 615 608 Multa
636 568 753 607 etiam
775 576 813 607 et
834 567 943 605 utilia
964 568 1189 617 praesertim
1211 568 1261 604 de
1282 565 1526 604 correctioni-

195 638 269 677 bus
303 637 394 689 (Ba)
428 635 590 676 Codicis
625 633 779 672 Veteris
810 646 874 670 me
906 631 1143 670 amicissime
1173 631 1308 670 docuit
1340 633 1526 670 FERDI-

197 702 425 742 NANDVS
455 700 848 744 NOVGARETVS,
880 697 947 747 qui
977 698 1106 747 plures
1136 697 1220 735 dies
1250 697 1289 734 in
1315 710 1363 735 eo
1390 696 1527 734 codice

195 768 479 819 perscrutando
518 765 764 814 consumpsit
806 776 925 812 quam
965 763 1106 812 aliquis
1144 762 1242 799 alius
1282 763 1406 800 horas.
1482 764 1527 799 Ei

196 832 312 884 igitur
343 832 408 870 hic
438 831 515 869 illic
538 828 793 869 dissentienti
824 837 890 866 aut
921 829 971 866 de
1002 826 1233 876 Lindskogii
1262 834 1329 864 aut
1360 828 1409 865 de
1441 839 1528 864 meo

197 897 320 948 ipsius
349 896 497 936 iudicio
527 908 733 945 nunquam
765 907 845 932 non
880 894 999 932 fidem
1030 891 1163 930 habui.
1223 891 1376 930 Gratias
1411 890 1528 929 etiam

196 976 271 1013 ago
292 970 331 1001 et
356 962 488 1001 debeo
513 960 747 999 custodibus
775 960 914 997 harum
946 958 1287 1003 bibliothecarum,
1313 955 1527 1001 Leidensis,

198 1027 497 1073 Ambrosianae,
526 1027 754 1071 Vaticanae,
782 1032 941 1074 propter
970 1036 1129 1073 operam
1160 1021 1419 1072 gratissimam
1450 1034 1530 1059 non

199 1094 322 1133 semel
342 1093 464 1131 modo
485 1091 581 1129 mihi
602 1089 832 1140 praebitam.

254 1157 450 1208 Denique,
474 1158 584 1207 quod
604 1155 877 1206 gravissimum
898 1163 967 1200 est,
988 1153 1181 1192 monitum
1203 1161 1240 1191 te
1263 1152 1390 1199 velim,
1411 1153 1531 1190 lector

200 1224 404 1269 benevole,
441 1229 483 1260 ut
518 1234 650 1260 versus
687 1220 890 1258 Plautinos
926 1220 979 1257 ita
1013 1221 1150 1257 recites
1191 1218 1529 1268 quemadmodum

201 1287 352 1327 recitari
384 1287 544 1334 debent,
580 1299 631 1325 ne
666 1285 866 1324 suavitatis
902 1288 1178 1322 ‘numerorum
1215 1283 1531 1321 innumerorum'

200 1353 390 1392 iacturam
428 1352 558 1391 facias.
619 1352 851 1390 Curandum
891 1349 1006 1400 igitur
1040 1357 1082 1387 ut
1114 1349 1270 1394 litteras,
1308 1346 1530 1397 praesertim

201 1419 370 1464 vocales,
405 1430 494 1456 vere
528 1423 567 1455 et
606 1415 746 1453 Latine
787 1414 977 1461 enunties,
1015 1428 1106 1453 cum
1140 1415 1301 1451 Plautus
1336 1426 1416 1450 non
1450 1424 1532 1449 raro

201 1481 454 1521 assonatione
483 1482 562 1520 fere
584 1479 734 1520 Celtica
761 1481 941 1530 gaudeat,
965 1486 1007 1517 ut
1034 1479 1074 1516 in
1096 1479 1241 1528 Amph.
1271 1491 1368 1524 1042
1393 1477 1532 1527 (troch.

204 1547 416 1598 septenar.)
436 1563 443 1586 :

230 1612 309 1651 iam
329 1613 380 1651 ad
400 1618 532 1662 regem
552 1617 658 1650 recta
678 1625 741 1650 rne
762 1612 906 1650 ducam
928 1616 1068 1660 resque
1090 1617 1131 1648 ut
1154 1611 1255 1647 facta
1281 1616 1339 1647 est
1361 1609 1531 1658 eloquar.

206 1679 312 1716 Illud
340 1677 458 1716 etiam
491 1690 645 1728 semper
671 1676 1068 1715 animadvertendum
1096 1688 1215 1724 quam
1244 1675 1345 1712 bene
1372 1674 1534 1722 quadret

206 1741 477 1780 Plautinorum
493 1755 677 1780 versuum
693 1742 898 1791 rhythmus
911 1742 963 1779 ad
978 1742 1204 1790 rhythmum
1223 1739 1331 1776 illum
1348 1737 1533 1776 cotidiani

206 1807 408 1854 sermonis,
431 1806 498 1856 qui
519 1820 588 1856 per
608 1806 834 1845 varietatem
856 1820 1043 1845 sonorum
1074 1804 1173 1843 effici
1204 1805 1313 1850 solet,
1340 1804 1435 1841 dum
1462 1802 1535 1839 alia

210 1870 488 1919 summissiore,
505 1871 581 1910 alia
593 1871 729 1910 altiore
742 1885 840 1911 voce
853 1871 1118 1910 enuntiamus.
1159 1869 1315 1909 Scilicet
1330 1866 1534 1906 Ritschelii

208 1935 403 1975 sententia
432 1944 471 1974 et
500 1935 705 1974 notissima
740 1944 778 1975 et
807 1936 1008 1975 verissima
1039 1943 1107 1983 est,
1141 1934 1183 1972 in
1211 1933 1385 1972 versibus
1415 1933 1535 1970 nostri

208 2008 348 2051 poetae
370 2003 379 2020 ‘
396 2014 488 2039 cum
514 2001 744 2051 quantitatis
775 2002 979 2040 severitate
1006 2013 1203 2039 summam
1233 1997 1441 2037 accentus¹
1471 1997 1537 2034 ob-

211 2157 352 2192 aspectu
365 2152 552 2190 videbitur,
567 2154 667 2184 crede
681 2164 735 2185 me
749 2155 845 2194 quasi
861 2159 1096 2194 argumentum
1115 2152 1266 2192 proferre
1281 2161 1339 2181 cur
1355 2149 1533 2180 lectionem

213 2214 300 2243 quae
316 2203 350 2234 in
369 2208 465 2235 textu
484 2209 536 2234 est
553 2204 628 2236 aliis
646 2207 853 2238 coniecturis
872 2206 1101 2246 praetulerim.

257 2255 268 2274 ¹
293 2255 436 2286 Nescire
460 2255 614 2294 profecto
638 2259 791 2288 nonnulli
811 2259 970 2289 videntur
993 2261 1166 2288 accentum
1193 2255 1347 2285 Latinum
1370 2261 1477 2290 aeque
1499 2260 1536 2280 ac

212 2307 380 2338 Graecum
404 2307 462 2346 (ne
480 2307 522 2338 de
538 2308 612 2338 aliis
629 2309 753 2351 dicam)
778 2321 844 2341 non
864 2319 1000 2349 semper
1018 2308 1166 2339 eundern
1187 2307 1220 2336 in
1236 2306 1356 2336 eodem
1373 2301 1535 2334 vocabulo

212 2369 350 2389 manere
374 2358 436 2389 sed
453 2358 579 2388 variari
599 2361 786 2391 secundum
807 2366 920 2401 partes
937 2370 1021 2400 quas
1043 2359 1075 2390 id
1091 2358 1290 2389 vocabulum
1313 2356 1345 2386 in
1368 2355 1537 2385 sententia

211 2415 299 2449 agat.
347 2408 639 2448 Quemadmodum
661 2413 750 2443 enim
771 2413 923 2444 Graecae
945 2410 1207 2452 praepositionis
1228 2408 1299 2448 πρός
1319 2417 1387 2438 non
1405 2413 1538 2444 semper

857 2479 895 2503 Xl
