1742 2718
738 51 966 90 CAPTIVI
1441 51 1517 89 III.
1538 49 1553 86 i

189 159 257 210 qui
278 160 486 200 consilium
509 159 639 206 iniere,
663 173 743 210 quo
764 174 836 198 nos
857 160 964 198 uictu
986 167 1023 198 et
1044 160 1125 198 uita
1145 160 1389 210 prohibeant,

190 225 221 264 is
241 225 346 264 diem
367 225 508 271 dicam,
533 225 722 275 inrogabo
744 227 918 272 multam,
943 233 984 263 ut
1005 225 1100 263 mihi
1122 239 1238 264 cenas
1259 227 1397 264 decem

101 300 167 337 495
189 303 279 328 meo
299 290 485 329 arbitratu
506 291 612 337 dent,
636 303 757 340 quom
779 304 867 328 cara
886 304 1047 328 annona
1067 290 1124 328 sit.
1184 290 1239 328 sic
1259 304 1386 340 egero.
1542 301 1579 333 35

188 368 294 393 nunc
314 355 380 393 ibo
396 356 447 393 ad
467 362 624 405 portum
646 354 762 393 hinc:
793 362 851 393 est
872 354 949 393 illic
971 354 1023 392 mi
1046 368 1123 392 una
1144 367 1232 403 spes
1253 354 1429 392 cenatica
1447 370 1454 398 ;

185 419 216 458 si
237 434 283 458 ea
303 419 525 466 decollabit,
549 419 687 458 redibo
708 421 786 458 huc
805 421 856 458 ad
877 433 1012 459 senem
1033 421 1084 458 ad
1104 433 1243 458 cenam
1264 433 1510 470 asperam.—

762 532 948 568 Hssolo
1542 529 1571 566 ii

294 614 375 651 HE.
408 611 517 661 Quid
538 618 596 650 est
617 611 768 650 suauiu'
789 625 908 662 quam
931 612 1032 651 bene
1053 625 1134 650 rem
1155 626 1286 663 gerere

239 678 346 717 bono
366 677 537 728 publico,
561 677 660 715 sicut
681 690 755 726 ego
775 676 849 715 feci
870 676 963 724 heri,
986 691 1107 727 quom

99 758 166 795 500
291 742 369 782 emi
389 744 510 781 hosce
530 742 711 780 homines
730 757 736 779 :
766 741 833 780 ubi
855 741 1022 792 quisque
1042 742 1191 789 uident,

237 816 332 848 eunt
352 808 512 848 obuiam
532 808 852 858 gratulanturque
872 821 959 846 eam
980 821 1073 846 rem.

97 867 162 939 5ἓῖ
184 874 237 913 ita
275 888 338 913 me
370 873 556 912 miserum
590 872 806 912 restitando
844 872 1167 926 retinend0[que]
1206 876 1353 913 lassum
1392 875 1520 914 reddi·
1540 890 1556 920 5

99 914 115 949 5
144 916 163 950 3
1353 940 1518 980 derunt:

237 1003 301 1042 uix
321 1018 368 1043 ex
387 1004 621 1054 gratulando
642 1003 758 1042 miser
778 1003 855 1042 iam
876 1003 1112 1043 eminebam.

98 1082 161 1120 505
237 1071 398 1108 tandem
418 1069 497 1108 abii
517 1070 568 1108 ad
588 1076 808 1120 praetorem
824 1083 833 1116 ;
862 1068 916 1107 ibi
937 1068 1001 1107 uix
1022 1069 1221 1119 requieui:

181 1149 276 1186 rogo
295 1136 584 1186 syngraphum:
614 1136 728 1174 datur
749 1134 802 1172 mi
822 1134 935 1173 ilico:
971 1135 1063 1174 dedi
1090 1137 1125 1173 T
1128 1136 1300 1185 yndaroz
1335 1136 1399 1175 ille
1422 1136 1518 1174 abiit

1338 1202 1515 1240 domurn.

287 1266 381 1305 inde
401 1265 492 1305 ilico
512 1272 740 1316 praeuortor
760 1267 936 1313 domum,
960 1273 1171 1317 postquam
1192 1266 1233 1305 id
1254 1273 1387 1305 actum
1408 1273 1490 1314 est3

181 1345 254 1382 ego
273 1331 451 1382 protinus
472 1332 522 1370 ad
543 1332 699 1370 fratrem
720 1331 813 1370 inde
833 1330 923 1378 abii,
947 1331 1025 1369 mei
1045 1331 1113 1369 ubi
1134 1338 1225 1370 sunt
1245 1331 1309 1369 alii
1330 1331 1487 1381 captiui.
1542 1347 1580 1368 10

288 1410 383 1447 rogo
404 1396 667 1435 Philocratem
688 1411 735 1435 ex
755 1395 873 1435 Alide
893 1395 1029 1446 ecquis
1049 1396 1228 1435 omnium
1249 1393 1465 1450 no[ue]rit:

94 1469 162 1506 510
288 1463 449 1501 tandem
470 1461 533 1500 hic
554 1463 746 1500 exclamat
766 1475 856 1500 eum
878 1461 952 1500 sibi
972 1474 1058 1499 esse
1078 1462 1254 1500 sodalem
1269 1476 1280 1510 3

285 1526 377 1565 dico
396 1540 487 1565 eum
508 1540 593 1565 esse
608 1528 715 1577 apud
737 1528 799 1565 me
815 1541 824 1574 3
854 1526 917 1564 hic
933 1527 1131 1577 extemplo
1152 1534 1235 1565 orat
1256 1521 1515 1578 obsecratque

391 1605 482 1630 eum
503 1591 578 1630 sibi
597 1599 640 1630 ut
660 1591 775 1630 liceat
794 1591 951 1630 uidere:

232 1657 325 1696 iussi
345 1657 436 1696 ilico
457 1659 563 1696 hunc
584 1657 744 1696 exsolui.
804 1671 911 1696 nunc
931 1665 972 1696 tu
994 1671 1157 1708 sequere
1177 1672 1253 1706 me,
1535 1670 1572 1702 15

92 1716 160 1800 {J}
178 1730 222 1762 ut
234 1724 343 1773 quod
362 1737 426 1763 me
442 1724 602 1763 orauisti
618 1724 814 1776 impetres,
830 1739 921 1763 eum
937 1723 1140 1763 hominem
1158 1723 1214 1762 uti
1230 1723 1511 1763 conuenias.—

687 1836 994 1872 TYNDARvs
1530 1833 1576 1870 iii

176 1915 248 1952 Tv.
270 1916 308 1954 N
311 1929 388 1954 unc
404 1915 501 1955 illud
515 1923 573 1955 est
586 1929 709 1966 quom
724 1930 787 1955 me
800 1915 919 1955 fuisse
933 1929 1052 1966 quam
1069 1929 1155 1955 esse
1168 1915 1292 1955 nimio
1305 1916 1509 1956 mauelim:

176 1993 282 2019 nunc
302 1994 391 2031 spes
411 1995 507 2032 opes
527 1981 749 2031 auxiliaque
769 1995 792 2020 a
812 1995 875 2020 me
896 1989 1100 2032 segregant
1120 1989 1389 2032 spernuntque
1409 1995 1462 2020 se.

175 2044 239 2083 hic
259 2045 359 2084 illest
379 2046 463 2085 dies
484 2060 605 2097 quom
627 2048 735 2085 nulla
754 2046 859 2085 uitae
879 2060 990 2086 meae
1011 2048 1114 2085 salus
1135 2046 1376 2096 sperabilest‚

218 2159 282 2188 493
299 2150 476 2181 concilium
494 2149 558 2182 cod.
693 2151 759 2190 496
791 2150 840 2181 vel
868 2149 918 2180 illi
1054 2159 1118 2189 503
1141 2160 1207 2190 que
1239 2150 1296 2182 del.
1325 2150 1506 2183 Hermann

173 2201 237 2231 507
262 2197 416 2224 reuortor
441 2195 474 2224 B
591 2195 656 2233 508
680 2204 743 2233 ego
759 2193 923 2225 Skutsch:
948 2204 988 2224 eo
1002 2193 1068 2224 cod.
1090 2195 1134 2232 (v.
1158 2204 1206 2234 12,
1223 2204 1255 2234 p.
1273 2194 1328 2234 74)
1441 2205 1506 2235 509

173 2235 348 2266 hominum
363 2236 543 2268 Hermann
799 2246 860 2276 511
887 2246 963 2267 eum
988 2247 1053 2268 om.
1079 2237 1112 2267 Β
1136 2237 1225 2278 (add.
1247 2242 1324 2278 post
1344 2248 1421 2269 esse
1443 2239 1504 2281 3³)

173 2288 237 2318 515
263 2279 326 2320 uti]
345 2284 382 2310 ut
398 2280 463 2312 cod.
599 2290 660 2321 5¹7
686 2291 723 2312 se
740 2281 879 2311 Dousa:
903 2290 956 2310 me
972 2279 1037 2311 cod.
