1742 2718
695 94 1043 133 AMPHITRVO
1452 96 1528 132 III.

201 211 240 243 et
260 203 300 242 id
321 204 398 242 huc
418 203 561 242 reuorti
582 203 637 241 uti
659 217 722 242 me
743 218 947 255 purgarem
969 204 1050 243 tibi.

113 280 183 315 910
200 282 292 306 nam
313 282 529 318 numquam
551 269 763 318 quicquam
786 283 875 308 meo
895 269 1028 307 animo
1049 268 1120 307 fuit
1140 268 1292 318 aegrius

200 347 317 383 quam
338 341 547 383 postquam
568 334 703 372 audiui
725 336 790 374 ted
812 349 897 373 esse
917 335 1053 373 iratam
1075 334 1182 372 mihi.

199 412 272 448 qur
291 398 450 437 dixisti?
479 398 644 448 inquies.
705 413 777 450 ego
798 400 1005 450 expediam
1027 399 1108 438 tibi.

199 476 280 502 non
300 464 442 513 edepol
463 477 543 513 quo
564 471 602 502 te
623 478 707 503 esse
728 464 956 514 inpudicam
978 465 1204 512 crederem余

199 542 335 566 uerum
356 528 594 578 periclitatus
616 531 703 568 stim
723 530 900 568 animum
921 538 1032 569 tuom

112 610 177 645 915
199 593 295 643 quid
315 595 460 632 faceres
482 602 519 632 et
541 608 620 644 quo
641 603 757 645 pacto
778 595 818 634 id
839 597 936 634 ferre
957 596 1174 634 induceres.

198 659 382 709 equidem
404 660 493 698 ioco
514 660 578 698 illa
599 661 772 699 dixeram
794 662 946 700 dudum
967 662 1049 710 tibi,

197 724 349 762 ridiculi
369 738 516 763 caussa.
576 728 639 764 uel
661 727 766 764 hunc
786 734 922 776 rogato
943 727 1106 766 Sosiam.

198 792 270 828 AL.
303 790 398 840 quin
419 791 496 829 huc
517 791 683 829 adducis
706 805 838 829 meum
859 799 1071 841 cognatum
1094 794 1344 841 Naucratem,

197 862 338 893 testem
359 869 478 906 quem
499 857 651 894 dudum
674 863 711 894 te
731 857 996 895 adducturum
1017 857 1168 896 dixeras

110 933 180 967 920
198 928 236 958 te
257 921 334 958 huc
354 934 435 959 non
456 921 642 959 uenisse?
701 923 758 959 Iv.
791 921 822 959 si
844 921 939 972 quid
961 922 1111 961 dictum
1133 931 1191 962 est
1211 937 1280 974 per
1300 923 1442 972 iocum,

197 998 278 1024 non
298 999 468 1036 aequom
489 994 547 1024 est
567 986 608 1025 id
628 994 666 1024 te
686 987 786 1025 serio
807 987 1055 1038 praeuortier.

196 1053 270 1089 AL.
302 1065 375 1101 ego
396 1051 505 1090 illum
526 1052 608 1091 scio
628 1066 747 1102 quam
769 1053 938 1092 doluerit
958 1054 1067 1094 cordi
1088 1068 1188 1094 meo.

198 1117 256 1154 Iv.
288 1129 357 1167 per
376 1118 576 1156 dexteram
597 1126 705 1156 tuam
727 1126 776 1165 te,
799 1120 1032 1167 Alcumena,
1056 1134 1137 1168 oro,
1160 1134 1335 1172 opsecro,

195 1183 246 1220 da
267 1182 363 1220 mihi
383 1184 485 1221 hanc
506 1183 675 1231 ueniam,
698 1184 869 1234 ignosce,
892 1185 988 1224 irata
1008 1200 1057 1225 ne
1078 1186 1163 1225 sies.

108 1259 173 1295 925
195 1249 268 1286 AL.
301 1262 374 1299 ego
394 1247 515 1287 istaec
535 1248 610 1288 feci
631 1249 753 1288 uerba
773 1249 916 1289 uirtute
937 1250 1075 1300 inrita3

194 1326 311 1361 nunc,
334 1315 496 1363 quando
517 1314 629 1353 factis
650 1328 714 1353 me
734 1314 932 1365 inpudicis
952 1316 1107 1366 apstini,

191 1378 242 1416 ab
263 1378 459 1429 inpudicis
480 1380 596 1419 dictis
615 1380 743 1419 auorti
763 1382 867 1419 uolo.

192 1445 335 1493 ualeas,
358 1445 429 1484 tibi
450 1446 596 1485 habeas
618 1459 677 1484 res
699 1451 796 1493 tuas,
820 1448 961 1486 reddas
983 1461 1102 1487 meas.

187 1509 314 1551 ,iuben
334 1510 389 1548 mi
409 1511 462 1549 ire
483 1511 678 1550 comites?
738 1513 796 1550 IV.
829 1525 951 1551 sanan
972 1515 1044 1552 es?
1099 1516 1173 1553 AL.
1205 1514 1237 1553 si
1257 1519 1338 1555 non
1359 1515 1481 1565 iubes,

106 1589 176 1625 930
192 1575 260 1614 ibo
281 1584 436 1627 egomet
451 1591 462 1625 余
490 1576 677 1616 comitem
699 1577 795 1615 mihi
817 1578 1053 1617 Pudicitiam
1074 1581 1233 1619 duxero.

194 1642 252 1679 Iv.
284 1655 409 1681 mane.
469 1642 656 1681 arbitratu
678 1650 747 1682 tuo
768 1643 827 1682 ius
849 1643 1058 1683 iurandum
1080 1646 1185 1684 dabo

192 1720 256 1745 me
276 1720 406 1746 meam
426 1707 613 1758 pudicam
633 1722 719 1747 esse
740 1722 901 1747 uxorem
921 1709 1149 1749 arbitrarier.

192 1772 233 1811 id
253 1786 326 1823 ego
346 1772 378 1811 si
398 1774 501 1821 fallo,
524 1781 607 1812 tum
629 1781 677 1821 te,
702 1787 856 1813 summe
878 1775 1067 1825 Iuppiter,

192 1851 340 1888 quaeso
359 1839 642 1889 Amphitruoni
664 1847 706 1878 ut
728 1853 882 1891 semper
902 1839 1021 1879 iratus
1042 1841 1129 1881 sies.

104 1915 169 1952 935
190 1904 263 1941 AL.
295 1916 328 1950 a,
350 1903 542 1953 propitius
563 1904 611 1943 sit
631 1904 774 1955 potius.
834 1907 892 1944 IV.
925 1907 1085 1946 confido
1105 1909 1187 1946 fore
1201 1923 1211 1956 3

189 1981 281 2006 nam
301 1968 361 2007 ius
381 1969 591 2008 iurandum
612 1984 750 2009 uerum
771 1979 809 2010 te
829 1973 1044 2011 aduorsum
1066 1973 1169 2012 dedi.

188 2032 266 2072 iarn
287 2048 392 2073 nunc
413 2034 509 2073 irata
528 2049 611 2074 non
631 2038 702 2074 es?
759 2038 832 2076 AL.
864 2051 946 2076 non
967 2052 1065 2077 sum.
1127 2041 1186 2078 Iv.
1218 2040 1321 2080 bene
1340 2040 1446 2080 facis.

188 2111 280 2136 nam
301 2098 341 2137 in
361 2099 569 2138 hominum
590 2108 718 2140 aetate
739 2103 863 2140 multa
884 2104 1074 2143 eueniunt
1094 2105 1322 2144 huiusmodi
1339 2121 1345 2144 :

189 2163 349 2213 capiunt
369 2166 603 2216 uoluptates,
626 2166 787 2217 capiunt
807 2181 941 2207 rusum
962 2170 1137 2209 miserias
1153 2186 1163 2218 余

101 2238 171 2273 940
189 2227 268 2267 irae
287 2228 566 2278 interueniunt,
589 2232 755 2270 redeunt
775 2245 909 2271 rusum
930 2233 971 2272 in
991 2236 1164 2285 gratiam.

232 2342 296 2371 922
319 2333 400 2364 illud
424 2334 498 2366 Ital.
632 2345 696 2374 924
721 2335 808 2366 hanc
825 2337 907 2367 mihi
924 2338 966 2369 da
982 2338 1166 2379 Fleckeisen,
1183 2351 1222 2371 ne
1236 2342 1279 2372 sit
1292 2341 1403 2373 hiatus
1418 2341 1499 2372 mihi
1513 2341 1518 2384 l

190 2375 275 2406 hanc
378 2379 444 2416 926
466 2378 592 2409 abstini
608 2376 742 2410 Luchs:
767 2379 918 2411 abstines
936 2382 1009 2422 (pro
1024 2384 1114 2420 -nei余
1138 2383 1159 2415 i.
1179 2385 1214 2425 7)

1551 96 1580 131 ii

1549 355 1591 387 30

1546 1002 1588 1035 40

1544 1341 1585 1374 45

1543 1665 1586 1698 50

1541 1988 1582 2021 55
