<?xml version="1.0" encoding="UTF-8"?>
<!DOCTYPE html PUBLIC "-//W3C//DTD XHTML 1.0 Transitional//EN"
    "http://www.w3.org/TR/xhtml1/DTD/xhtml1-transitional.dtd">
<html xmlns="http://www.w3.org/1999/xhtml" xml:lang="en" lang="en">
 <head>
  <title>
</title>
<meta http-equiv="Content-Type" content="text/html;charset=utf-8" />
  <meta name='ocr-system' content='tesseract 3.04.00' />
  <meta name='ocr-capabilities' content='ocr_page ocr_carea ocr_par ocr_line ocrx_word'/>
</head>
<body>
  <div class='ocr_page' id='page_1' title='image "./tmacciplauticomo01plauuoft_0033.png"; bbox 0 0 1742 2718; ppageno 0'>
   <div class='ocr_carea' id='block_1_1' title="bbox 639 181 1618 222">
    <p class='ocr_par' dir='ltr' id='par_1_1' title="bbox 639 181 1618 222">
     <span class='ocr_line' id='line_1_1' title="bbox 639 181 1618 222; baseline 0.005 -6"><span class='ocrx_word' id='word_1_1' title='bbox 639 181 987 219; x_wconf 87' lang='lat' dir='ltr'>AMPHITRVO</span> <span class='ocrx_word' id='word_1_2' title='bbox 1504 195 1618 222; x_wconf 71' lang='grc' dir='ltr'>Ρκοι..</span> 
     </span>
    </p>
   </div>
   <div class='ocr_carea' id='block_1_2' title="bbox 70 287 1444 2229">
    <p class='ocr_par' dir='ltr' id='par_1_2' title="bbox 70 287 1444 2229">
     <span class='ocr_line' id='line_1_2' title="bbox 153 287 1198 338; baseline 0.001 -12"><span class='ocrx_word' id='word_1_3' title='bbox 153 295 191 326; x_wconf 91' lang='lat' dir='ltr'>et</span> <span class='ocrx_word' id='word_1_4' title='bbox 221 289 322 326; x_wconf 86' lang='lat' dir='ltr'>meu’</span> <span class='ocrx_word' id='word_1_5' title='bbox 351 295 460 338; x_wconf 90' lang='lat' dir='ltr'>pater</span> <span class='ocrx_word' id='word_1_6' title='bbox 489 301 594 326; x_wconf 90' lang='lat' dir='ltr'>nunc</span> <span class='ocrx_word' id='word_1_7' title='bbox 624 287 728 325; x_wconf 86' lang='lat' dir='ltr'>intus</span> <span class='ocrx_word' id='word_1_8' title='bbox 759 287 822 325; x_wconf 89' lang='lat' dir='ltr'>hic</span> <span class='ocrx_word' id='word_1_9' title='bbox 855 302 943 325; x_wconf 90' lang='lat' dir='ltr'>cum</span> <span class='ocrx_word' id='word_1_10' title='bbox 977 289 1039 326; x_wconf 83' lang='lat' dir='ltr'>illa</span> <span class='ocrx_word' id='word_1_11' title='bbox 1070 290 1198 336; x_wconf 84' lang='lat' dir='ltr'>cubat,</span> 
     </span>
     <span class='ocr_line' id='line_1_3' title="bbox 154 353 1146 402; baseline 0.001 -12"><span class='ocrx_word' id='word_1_12' title='bbox 154 360 192 390; x_wconf 89' lang='lat' dir='ltr'>et</span> <span class='ocrx_word' id='word_1_13' title='bbox 221 353 319 390; x_wconf 87' lang='lat' dir='ltr'>haec</span> <span class='ocrx_word' id='word_1_14' title='bbox 349 353 401 390; x_wconf 92' lang='lat' dir='ltr'>ob</span> <span class='ocrx_word' id='word_1_15' title='bbox 431 366 517 390; x_wconf 85' lang='lat' dir='ltr'>eam</span> <span class='ocrx_word' id='word_1_16' title='bbox 547 365 629 390; x_wconf 89' lang='lat' dir='ltr'>rem</span> <span class='ocrx_word' id='word_1_17' title='bbox 659 366 737 390; x_wconf 79' lang='lat' dir='ltr'>nox</span> <span class='ocrx_word' id='word_1_18' title='bbox 767 360 824 390; x_wconf 85' lang='lat' dir='ltr'>est</span> <span class='ocrx_word' id='word_1_19' title='bbox 855 354 956 390; x_wconf 83' lang='lat' dir='ltr'>facta</span> <span class='ocrx_word' id='word_1_20' title='bbox 986 353 1146 402; x_wconf 83' lang='lat' dir='ltr'>longior,</span> 
     </span>
     <span class='ocr_line' id='line_1_4' title="bbox 154 416 1246 469; baseline 0 -13"><span class='ocrx_word' id='word_1_21' title='bbox 154 419 250 456; x_wconf 86' lang='lat' dir='ltr'>dum</span> <span class='ocrx_word' id='word_1_22' title='bbox 279 416 404 469; x_wconf 84' lang='lat' dir='ltr'>(cum)</span> <span class='ocrx_word' id='word_1_23' title='bbox 433 417 498 455; x_wconf 87' lang='lat' dir='ltr'>illa</span> <span class='ocrx_word' id='word_1_24' title='bbox 526 430 697 467; x_wconf 85' lang='lat' dir='ltr'>quacum</span> <span class='ocrx_word' id='word_1_25' title='bbox 728 418 810 455; x_wconf 90' lang='lat' dir='ltr'>uolt</span> <span class='ocrx_word' id='word_1_26' title='bbox 843 419 1085 467; x_wconf 84' lang='lat' dir='ltr'>uoluptatem</span> <span class='ocrx_word' id='word_1_27' title='bbox 1117 419 1246 468; x_wconf 78' lang='lat' dir='ltr'>capit3</span> 
     </span>
     <span class='ocr_line' id='line_1_5' title="bbox 70 482 1191 534; baseline -0.002 -11"><span class='ocrx_word' id='word_1_28' title='bbox 70 499 132 534; x_wconf 87' lang='lat'>115</span> <span class='ocrx_word' id='word_1_29' title='bbox 155 484 224 521; x_wconf 84' lang='lat' dir='ltr'>sed</span> <span class='ocrx_word' id='word_1_30' title='bbox 254 482 306 520; x_wconf 88' lang='lat' dir='ltr'>ita</span> <span class='ocrx_word' id='word_1_31' title='bbox 335 482 586 520; x_wconf 82' lang='lat' dir='ltr'>adsimulauit</span> <span class='ocrx_word' id='word_1_32' title='bbox 615 495 666 528; x_wconf 83' lang='lat' dir='ltr'>se,</span> <span class='ocrx_word' id='word_1_33' title='bbox 700 482 810 531; x_wconf 79' lang='lat' dir='ltr'>quasi</span> <span class='ocrx_word' id='word_1_34' title='bbox 842 483 1080 532; x_wconf 83' lang='lat' dir='ltr'>Amphitruo</span> <span class='ocrx_word' id='word_1_35' title='bbox 1110 483 1191 522; x_wconf 84' lang='lat' dir='ltr'>siet.</span> 
     </span>
     <span class='ocr_line' id='line_1_6' title="bbox 153 548 1241 593; baseline 0.001 -8"><span class='ocrx_word' id='word_1_36' title='bbox 153 561 258 585; x_wconf 91' lang='lat' dir='ltr'>nunc</span> <span class='ocrx_word' id='word_1_37' title='bbox 288 561 338 585; x_wconf 88' lang='lat' dir='ltr'>ne</span> <span class='ocrx_word' id='word_1_38' title='bbox 366 548 473 584; x_wconf 91' lang='lat' dir='ltr'>hunc</span> <span class='ocrx_word' id='word_1_39' title='bbox 502 555 683 585; x_wconf 87' lang='lat' dir='ltr'>ornatum</span> <span class='ocrx_word' id='word_1_40' title='bbox 716 560 788 585; x_wconf 88' lang='lat' dir='ltr'>uos</span> <span class='ocrx_word' id='word_1_41' title='bbox 820 561 950 585; x_wconf 88' lang='lat' dir='ltr'>meum</span> <span class='ocrx_word' id='word_1_42' title='bbox 981 548 1241 593; x_wconf 78' lang='lat' dir='ltr'>admiremini,</span> 
     </span>
     <span class='ocr_line' id='line_1_7' title="bbox 152 611 1249 661; baseline 0 -11"><span class='ocrx_word' id='word_1_43' title='bbox 152 613 261 661; x_wconf 89' lang='lat' dir='ltr'>quod</span> <span class='ocrx_word' id='word_1_44' title='bbox 291 625 363 661; x_wconf 86' lang='lat' dir='ltr'>ego</span> <span class='ocrx_word' id='word_1_45' title='bbox 393 613 470 649; x_wconf 90' lang='lat' dir='ltr'>huc</span> <span class='ocrx_word' id='word_1_46' title='bbox 499 611 671 661; x_wconf 80' lang='lat' dir='ltr'>processi</span> <span class='ocrx_word' id='word_1_47' title='bbox 702 611 756 649; x_wconf 85' lang='lat' dir='ltr'>sic</span> <span class='ocrx_word' id='word_1_48' title='bbox 787 625 877 649; x_wconf 91' lang='lat' dir='ltr'>cum</span> <span class='ocrx_word' id='word_1_49' title='bbox 908 612 1038 650; x_wconf 90' lang='lat' dir='ltr'>seruili</span> <span class='ocrx_word' id='word_1_50' title='bbox 1068 614 1249 651; x_wconf 89' lang='lat' dir='ltr'>schema:</span> 
     </span>
     <span class='ocr_line' id='line_1_8' title="bbox 152 676 1409 726; baseline 0 -11"><span class='ocrx_word' id='word_1_51' title='bbox 152 684 326 715; x_wconf 89' lang='lat' dir='ltr'>ueterem</span> <span class='ocrx_word' id='word_1_52' title='bbox 355 685 473 726; x_wconf 85' lang='lat' dir='ltr'>atque</span> <span class='ocrx_word' id='word_1_53' title='bbox 502 676 705 726; x_wconf 81' lang='lat' dir='ltr'>antiquam</span> <span class='ocrx_word' id='word_1_54' title='bbox 737 690 818 714; x_wconf 90' lang='lat' dir='ltr'>rem</span> <span class='ocrx_word' id='word_1_55' title='bbox 849 690 994 714; x_wconf 88' lang='lat' dir='ltr'>nouam</span> <span class='ocrx_word' id='word_1_56' title='bbox 1024 678 1075 715; x_wconf 86' lang='lat' dir='ltr'>ad</span> <span class='ocrx_word' id='word_1_57' title='bbox 1106 691 1176 715; x_wconf 89' lang='lat' dir='ltr'>uos</span> <span class='ocrx_word' id='word_1_58' title='bbox 1207 679 1409 726; x_wconf 84' lang='lat' dir='ltr'>proferam,</span> 
     </span>
     <span class='ocr_line' id='line_1_9' title="bbox 152 741 1172 792; baseline -0.001 -12"><span class='ocrx_word' id='word_1_59' title='bbox 152 750 358 792; x_wconf 86' lang='lat' dir='ltr'>propterea</span> <span class='ocrx_word' id='word_1_60' title='bbox 387 748 545 780; x_wconf 86' lang='lat' dir='ltr'>ornatus</span> <span class='ocrx_word' id='word_1_61' title='bbox 575 741 615 778; x_wconf 89' lang='lat' dir='ltr'>in</span> <span class='ocrx_word' id='word_1_62' title='bbox 645 755 794 779; x_wconf 91' lang='lat' dir='ltr'>nouom</span> <span class='ocrx_word' id='word_1_63' title='bbox 825 741 965 779; x_wconf 77' lang='lat' dir='ltr'>incessi</span> <span class='ocrx_word' id='word_1_64' title='bbox 997 743 1172 780; x_wconf 90' lang='lat' dir='ltr'>modum.</span> 
     </span>
     <span class='ocr_line' id='line_1_10' title="bbox 71 806 1274 858; baseline -0.003 -10"><span class='ocrx_word' id='word_1_65' title='bbox 71 823 136 848; x_wconf 88' lang='lat'>120</span> <span class='ocrx_word' id='word_1_66' title='bbox 153 821 245 845; x_wconf 91' lang='lat' dir='ltr'>narn</span> <span class='ocrx_word' id='word_1_67' title='bbox 276 808 376 844; x_wconf 89' lang='lat' dir='ltr'>meu&#39;</span> <span class='ocrx_word' id='word_1_68' title='bbox 406 814 515 856; x_wconf 85' lang='lat' dir='ltr'>pater</span> <span class='ocrx_word' id='word_1_69' title='bbox 533 806 649 858; x_wconf 57' lang='lat' dir='ltr'>⁴intus</span> <span class='ocrx_word' id='word_1_70' title='bbox 679 821 785 845; x_wconf 90' lang='lat' dir='ltr'>nunc</span> <span class='ocrx_word' id='word_1_71' title='bbox 815 815 873 845; x_wconf 84' lang='lat' dir='ltr'>est</span> <span class='ocrx_word' id='word_1_72' title='bbox 903 820 1039 845; x_wconf 89' lang='lat' dir='ltr'>eccum</span> <span class='ocrx_word' id='word_1_73' title='bbox 1073 807 1274 856; x_wconf 74' lang='lat' dir='ltr'>Iuppiter3</span> 
     </span>
     <span class='ocr_line' id='line_1_11' title="bbox 153 871 1025 922; baseline 0 -12"><span class='ocrx_word' id='word_1_74' title='bbox 153 872 193 911; x_wconf 92' lang='lat' dir='ltr'>in</span> <span class='ocrx_word' id='word_1_75' title='bbox 223 871 523 921; x_wconf 83' lang='lat' dir='ltr'>Amphitruonis</span> <span class='ocrx_word' id='word_1_76' title='bbox 553 872 671 910; x_wconf 87' lang='lat' dir='ltr'>uortit</span> <span class='ocrx_word' id='word_1_77' title='bbox 700 886 785 910; x_wconf 82' lang='lat' dir='ltr'>sese</span> <span class='ocrx_word' id='word_1_78' title='bbox 815 872 1025 922; x_wconf 82' lang='lat' dir='ltr'>imaginem</span> 
     </span>
     <span class='ocr_line' id='line_1_12' title="bbox 153 937 1216 987; baseline 0.001 -12"><span class='ocrx_word' id='word_1_79' title='bbox 153 950 371 987; x_wconf 89' lang='lat' dir='ltr'>omnesque</span> <span class='ocrx_word' id='word_1_80' title='bbox 401 951 490 975; x_wconf 92' lang='lat' dir='ltr'>eum</span> <span class='ocrx_word' id='word_1_81' title='bbox 522 951 607 975; x_wconf 89' lang='lat' dir='ltr'>esse</span> <span class='ocrx_word' id='word_1_82' title='bbox 637 945 799 976; x_wconf 84' lang='lat' dir='ltr'>censent</span> <span class='ocrx_word' id='word_1_83' title='bbox 829 938 931 976; x_wconf 88' lang='lat' dir='ltr'>serui</span> <span class='ocrx_word' id='word_1_84' title='bbox 961 937 1028 987; x_wconf 86' lang='lat' dir='ltr'>qui</span> <span class='ocrx_word' id='word_1_85' title='bbox 1058 937 1216 976; x_wconf 87' lang='lat' dir='ltr'>uident:</span> 
     </span>
     <span class='ocr_line' id='line_1_13' title="bbox 154 1002 1017 1053; baseline 0.001 -13"><span class='ocrx_word' id='word_1_86' title='bbox 154 1003 206 1040; x_wconf 90' lang='lat' dir='ltr'>ita</span> <span class='ocrx_word' id='word_1_87' title='bbox 235 1002 484 1052; x_wconf 87' lang='lat' dir='ltr'>uorsipellem</span> <span class='ocrx_word' id='word_1_88' title='bbox 515 1016 556 1041; x_wconf 85' lang='lat' dir='ltr'>se</span> <span class='ocrx_word' id='word_1_89' title='bbox 586 1002 677 1041; x_wconf 88' lang='lat' dir='ltr'>facit</span> <span class='ocrx_word' id='word_1_90' title='bbox 707 1004 868 1053; x_wconf 83' lang='lat' dir='ltr'>quando</span> <span class='ocrx_word' id='word_1_91' title='bbox 898 1004 1017 1041; x_wconf 87' lang='lat' dir='ltr'>lubet.</span> 
     </span>
     <span class='ocr_line' id='line_1_14' title="bbox 155 1067 1038 1118; baseline 0 -13"><span class='ocrx_word' id='word_1_92' title='bbox 155 1080 227 1117; x_wconf 88' lang='lat' dir='ltr'>ego</span> <span class='ocrx_word' id='word_1_93' title='bbox 257 1068 356 1105; x_wconf 87' lang='lat' dir='ltr'>serui</span> <span class='ocrx_word' id='word_1_94' title='bbox 388 1067 538 1117; x_wconf 87' lang='lat' dir='ltr'>sumpsi</span> <span class='ocrx_word' id='word_1_95' title='bbox 568 1067 702 1106; x_wconf 85' lang='lat' dir='ltr'>Sosiae</span> <span class='ocrx_word' id='word_1_96' title='bbox 732 1067 785 1105; x_wconf 91' lang='lat' dir='ltr'>mi</span> <span class='ocrx_word' id='word_1_97' title='bbox 815 1067 1038 1118; x_wconf 78' lang='lat' dir='ltr'>imaginem,</span> 
     </span>
     <span class='ocr_line' id='line_1_15' title="bbox 74 1131 1264 1182; baseline -0.001 -11"><span class='ocrx_word' id='word_1_98' title='bbox 74 1145 134 1182; x_wconf 86' lang='lat'>125</span> <span class='ocrx_word' id='word_1_99' title='bbox 156 1131 224 1182; x_wconf 84' lang='lat' dir='ltr'>qui</span> <span class='ocrx_word' id='word_1_100' title='bbox 253 1145 343 1170; x_wconf 90' lang='lat' dir='ltr'>cum</span> <span class='ocrx_word' id='word_1_101' title='bbox 373 1132 664 1182; x_wconf 86' lang='lat' dir='ltr'>Amphitruone</span> <span class='ocrx_word' id='word_1_102' title='bbox 693 1132 818 1171; x_wconf 87' lang='lat' dir='ltr'>abiuit</span> <span class='ocrx_word' id='word_1_103' title='bbox 847 1132 939 1171; x_wconf 90' lang='lat' dir='ltr'>hinc</span> <span class='ocrx_word' id='word_1_104' title='bbox 969 1133 1008 1170; x_wconf 89' lang='lat' dir='ltr'>in</span> <span class='ocrx_word' id='word_1_105' title='bbox 1038 1132 1264 1179; x_wconf 78' lang='lat' dir='ltr'>exercitum,</span> 
     </span>
     <span class='ocr_line' id='line_1_16' title="bbox 155 1197 1075 1248; baseline 0.001 -13"><span class='ocrx_word' id='word_1_106' title='bbox 155 1205 198 1236; x_wconf 89' lang='lat' dir='ltr'>ut</span> <span class='ocrx_word' id='word_1_107' title='bbox 226 1198 464 1248; x_wconf 88' lang='lat' dir='ltr'>praeseruire</span> <span class='ocrx_word' id='word_1_108' title='bbox 492 1197 640 1236; x_wconf 89' lang='lat' dir='ltr'>amanti</span> <span class='ocrx_word' id='word_1_109' title='bbox 670 1211 760 1236; x_wconf 86' lang='lat' dir='ltr'>meo</span> <span class='ocrx_word' id='word_1_110' title='bbox 789 1211 946 1248; x_wconf 89' lang='lat' dir='ltr'>possem</span> <span class='ocrx_word' id='word_1_111' title='bbox 976 1198 1075 1248; x_wconf 87' lang='lat' dir='ltr'>patri</span> 
     </span>
     <span class='ocr_line' id='line_1_17' title="bbox 153 1263 1184 1314; baseline -0.001 -12"><span class='ocrx_word' id='word_1_112' title='bbox 153 1271 272 1313; x_wconf 83' lang='lat' dir='ltr'>atque</span> <span class='ocrx_word' id='word_1_113' title='bbox 301 1271 344 1302; x_wconf 93' lang='lat' dir='ltr'>ut</span> <span class='ocrx_word' id='word_1_114' title='bbox 372 1277 422 1302; x_wconf 91' lang='lat' dir='ltr'>ne</span> <span class='ocrx_word' id='word_1_115' title='bbox 452 1263 519 1314; x_wconf 87' lang='lat' dir='ltr'>qui</span> <span class='ocrx_word' id='word_1_116' title='bbox 549 1277 675 1302; x_wconf 84' lang='lat' dir='ltr'>essem</span> <span class='ocrx_word' id='word_1_117' title='bbox 706 1263 913 1301; x_wconf 78' lang='lat' dir='ltr'>familiares</span> <span class='ocrx_word' id='word_1_118' title='bbox 943 1271 1184 1313; x_wconf 83' lang='lat' dir='ltr'>quaererent,</span> 
     </span>
     <span class='ocr_line' id='line_1_18' title="bbox 155 1328 1183 1380; baseline -0.001 -13"><span class='ocrx_word' id='word_1_119' title='bbox 155 1330 302 1368; x_wconf 87' lang='lat' dir='ltr'>uorsari</span> <span class='ocrx_word' id='word_1_120' title='bbox 331 1331 468 1369; x_wconf 90' lang='lat' dir='ltr'>crebro</span> <span class='ocrx_word' id='word_1_121' title='bbox 497 1329 562 1368; x_wconf 83' lang='lat' dir='ltr'>hic</span> <span class='ocrx_word' id='word_1_122' title='bbox 591 1343 713 1380; x_wconf 87' lang='lat' dir='ltr'>quom</span> <span class='ocrx_word' id='word_1_123' title='bbox 744 1328 924 1367; x_wconf 85' lang='lat' dir='ltr'>uiderent</span> <span class='ocrx_word' id='word_1_124' title='bbox 954 1342 1016 1367; x_wconf 90' lang='lat' dir='ltr'>me</span> <span class='ocrx_word' id='word_1_125' title='bbox 1046 1328 1183 1375; x_wconf 76' lang='lat' dir='ltr'>domi;</span> 
     </span>
     <span class='ocr_line' id='line_1_19' title="bbox 154 1395 1405 1446; baseline -0.002 -14"><span class='ocrx_word' id='word_1_126' title='bbox 154 1408 272 1442; x_wconf 88' lang='lat' dir='ltr'>nunc,</span> <span class='ocrx_word' id='word_1_127' title='bbox 304 1409 426 1446; x_wconf 83' lang='lat' dir='ltr'>quom</span> <span class='ocrx_word' id='word_1_128' title='bbox 456 1408 542 1434; x_wconf 90' lang='lat' dir='ltr'>esse</span> <span class='ocrx_word' id='word_1_129' title='bbox 572 1395 734 1433; x_wconf 88' lang='lat' dir='ltr'>credent</span> <span class='ocrx_word' id='word_1_130' title='bbox 764 1407 919 1432; x_wconf 89' lang='lat' dir='ltr'>seruom</span> <span class='ocrx_word' id='word_1_131' title='bbox 950 1401 987 1431; x_wconf 90' lang='lat' dir='ltr'>et</span> <span class='ocrx_word' id='word_1_132' title='bbox 1017 1406 1251 1431; x_wconf 89' lang='lat' dir='ltr'>conseruom</span> <span class='ocrx_word' id='word_1_133' title='bbox 1282 1405 1405 1440; x_wconf 82' lang='lat' dir='ltr'>suom,</span> 
     </span>
     <span class='ocr_line' id='line_1_20' title="bbox 72 1457 1324 1510; baseline -0.002 -13"><span class='ocrx_word' id='word_1_134' title='bbox 72 1473 137 1507; x_wconf 90' lang='lat'>130</span> <span class='ocrx_word' id='word_1_135' title='bbox 154 1460 233 1498; x_wconf 89' lang='lat' dir='ltr'>hau</span> <span class='ocrx_word' id='word_1_136' title='bbox 262 1460 472 1510; x_wconf 85' lang='lat' dir='ltr'>quisquam</span> <span class='ocrx_word' id='word_1_137' title='bbox 502 1467 663 1510; x_wconf 82' lang='lat' dir='ltr'>quaeret</span> <span class='ocrx_word' id='word_1_138' title='bbox 693 1458 760 1509; x_wconf 89' lang='lat' dir='ltr'>qui</span> <span class='ocrx_word' id='word_1_139' title='bbox 790 1458 887 1497; x_wconf 88' lang='lat' dir='ltr'>siem</span> <span class='ocrx_word' id='word_1_140' title='bbox 916 1466 983 1496; x_wconf 88' lang='lat' dir='ltr'>aut</span> <span class='ocrx_word' id='word_1_141' title='bbox 1013 1458 1108 1508; x_wconf 87' lang='lat' dir='ltr'>quid</span> <span class='ocrx_word' id='word_1_142' title='bbox 1138 1457 1324 1496; x_wconf 82' lang='lat' dir='ltr'>uenerim.</span> 
     </span>
     <span class='ocr_line' id='line_1_21' title="bbox 154 1523 1127 1575; baseline -0.002 -12"><span class='ocrx_word' id='word_1_143' title='bbox 154 1533 264 1575; x_wconf 86' lang='lat' dir='ltr'>pater</span> <span class='ocrx_word' id='word_1_144' title='bbox 293 1540 399 1565; x_wconf 91' lang='lat' dir='ltr'>nunc</span> <span class='ocrx_word' id='word_1_145' title='bbox 429 1526 533 1564; x_wconf 85' lang='lat' dir='ltr'>intus</span> <span class='ocrx_word' id='word_1_146' title='bbox 564 1538 636 1564; x_wconf 87' lang='lat' dir='ltr'>suo</span> <span class='ocrx_word' id='word_1_147' title='bbox 665 1524 799 1563; x_wconf 90' lang='lat' dir='ltr'>animo</span> <span class='ocrx_word' id='word_1_148' title='bbox 830 1537 979 1562; x_wconf 89' lang='lat' dir='ltr'>morem</span> <span class='ocrx_word' id='word_1_149' title='bbox 1009 1523 1127 1573; x_wconf 89' lang='lat' dir='ltr'>gerit:</span> 
     </span>
     <span class='ocr_line' id='line_1_22' title="bbox 154 1589 1234 1642; baseline -0.003 -13"><span class='ocrx_word' id='word_1_150' title='bbox 154 1592 272 1630; x_wconf 83' lang='lat' dir='ltr'>cubat</span> <span class='ocrx_word' id='word_1_151' title='bbox 301 1594 530 1642; x_wconf 77' lang='lat' dir='ltr'>complexus</span> <span class='ocrx_word' id='word_1_152' title='bbox 561 1590 718 1641; x_wconf 84' lang='lat' dir='ltr'>quoiius</span> <span class='ocrx_word' id='word_1_153' title='bbox 748 1589 911 1640; x_wconf 89' lang='lat' dir='ltr'>cupiens</span> <span class='ocrx_word' id='word_1_154' title='bbox 942 1602 1123 1627; x_wconf 83' lang='lat' dir='ltr'>maxume</span> <span class='ocrx_word' id='word_1_155' title='bbox 1153 1596 1234 1636; x_wconf 75' lang='lat' dir='ltr'>est3</span> 
     </span>
     <span class='ocr_line' id='line_1_23' title="bbox 153 1657 1252 1707; baseline -0.003 -13"><span class='ocrx_word' id='word_1_156' title='bbox 153 1670 254 1706; x_wconf 89' lang='lat' dir='ltr'>quae</span> <span class='ocrx_word' id='word_1_157' title='bbox 283 1657 338 1695; x_wconf 92' lang='lat' dir='ltr'>illi</span> <span class='ocrx_word' id='word_1_158' title='bbox 366 1659 418 1696; x_wconf 87' lang='lat' dir='ltr'>ad</span> <span class='ocrx_word' id='word_1_159' title='bbox 446 1657 643 1707; x_wconf 87' lang='lat' dir='ltr'>legionem</span> <span class='ocrx_word' id='word_1_160' title='bbox 673 1657 775 1694; x_wconf 88' lang='lat' dir='ltr'>facta</span> <span class='ocrx_word' id='word_1_161' title='bbox 805 1663 895 1693; x_wconf 86' lang='lat' dir='ltr'>sunt</span> <span class='ocrx_word' id='word_1_162' title='bbox 925 1662 1116 1693; x_wconf 85' lang='lat' dir='ltr'>memorat</span> <span class='ocrx_word' id='word_1_163' title='bbox 1145 1661 1252 1703; x_wconf 82' lang='lat' dir='ltr'>pater</span> 
     </span>
     <span class='ocr_line' id='line_1_24' title="bbox 153 1718 1120 1762; baseline -0.003 -3"><span class='ocrx_word' id='word_1_164' title='bbox 153 1735 264 1760; x_wconf 92' lang='lat' dir='ltr'>meus</span> <span class='ocrx_word' id='word_1_165' title='bbox 293 1724 564 1762; x_wconf 84' lang='lat' dir='ltr'>Alcumenae:</span> <span class='ocrx_word' id='word_1_166' title='bbox 596 1724 660 1761; x_wconf 81' lang='lat' dir='ltr'>ssla</span> <span class='ocrx_word' id='word_1_167' title='bbox 690 1721 799 1759; x_wconf 89' lang='lat' dir='ltr'>illum</span> <span class='ocrx_word' id='word_1_168' title='bbox 830 1727 963 1758; x_wconf 87' lang='lat' dir='ltr'>censet</span> <span class='ocrx_word' id='word_1_169' title='bbox 993 1718 1120 1757; x_wconf 88' lang='lat' dir='ltr'>uirum</span> 
     </span>
     <span class='ocr_line' id='line_1_25' title="bbox 71 1783 1444 1839; baseline -0.007 -11"><span class='ocrx_word' id='word_1_170' title='bbox 71 1802 133 1839; x_wconf 83' lang='lat'>135</span> <span class='ocrx_word' id='word_1_171' title='bbox 155 1800 268 1826; x_wconf 88' lang='lat' dir='ltr'>suom</span> <span class='ocrx_word' id='word_1_172' title='bbox 298 1801 395 1835; x_wconf 88' lang='lat' dir='ltr'>esse,</span> <span class='ocrx_word' id='word_1_173' title='bbox 427 1801 528 1838; x_wconf 86' lang='lat' dir='ltr'>quae</span> <span class='ocrx_word' id='word_1_174' title='bbox 557 1801 648 1826; x_wconf 88' lang='lat' dir='ltr'>cum</span> <span class='ocrx_word' id='word_1_175' title='bbox 679 1786 849 1825; x_wconf 82' lang='lat' dir='ltr'>moecho</span> <span class='ocrx_word' id='word_1_176' title='bbox 879 1792 947 1823; x_wconf 85' lang='lat' dir='ltr'>est.</span> <span class='ocrx_word' id='word_1_177' title='bbox 1007 1783 1060 1821; x_wconf 88' lang='lat' dir='ltr'>ibi</span> <span class='ocrx_word' id='word_1_178' title='bbox 1087 1796 1192 1820; x_wconf 89' lang='lat' dir='ltr'>nunc</span> <span class='ocrx_word' id='word_1_179' title='bbox 1214 1783 1315 1820; x_wconf 90' lang='lat' dir='ltr'>meu&#39;</span> <span class='ocrx_word' id='word_1_180' title='bbox 1335 1789 1444 1831; x_wconf 83' lang='lat' dir='ltr'>pater</span> 
     </span>
     <span class='ocr_line' id='line_1_26' title="bbox 155 1848 1056 1903; baseline -0.007 -11"><span class='ocrx_word' id='word_1_181' title='bbox 155 1860 346 1892; x_wconf 86' lang='lat' dir='ltr'>memorat</span> <span class='ocrx_word' id='word_1_182' title='bbox 375 1853 549 1903; x_wconf 83' lang='lat' dir='ltr'>legiones</span> <span class='ocrx_word' id='word_1_183' title='bbox 579 1852 752 1891; x_wconf 88' lang='lat' dir='ltr'>hostiurn</span> <span class='ocrx_word' id='word_1_184' title='bbox 784 1859 826 1889; x_wconf 88' lang='lat' dir='ltr'>ut</span> <span class='ocrx_word' id='word_1_185' title='bbox 856 1848 1056 1899; x_wconf 81' lang='lat' dir='ltr'>fuganerit,</span> 
     </span>
     <span class='ocr_line' id='line_1_27' title="bbox 154 1913 1036 1970; baseline -0.006 -14"><span class='ocrx_word' id='word_1_186' title='bbox 154 1931 234 1968; x_wconf 88' lang='lat' dir='ltr'>quo</span> <span class='ocrx_word' id='word_1_187' title='bbox 262 1928 380 1970; x_wconf 87' lang='lat' dir='ltr'>pacto</span> <span class='ocrx_word' id='word_1_188' title='bbox 409 1919 458 1958; x_wconf 87' lang='lat' dir='ltr'>sit</span> <span class='ocrx_word' id='word_1_189' title='bbox 487 1918 604 1957; x_wconf 87' lang='lat' dir='ltr'>donis</span> <span class='ocrx_word' id='word_1_190' title='bbox 635 1919 804 1956; x_wconf 86' lang='lat' dir='ltr'>donatus</span> <span class='ocrx_word' id='word_1_191' title='bbox 835 1913 1036 1964; x_wconf 86' lang='lat' dir='ltr'>plurumis.</span> 
     </span>
     <span class='ocr_line' id='line_1_28' title="bbox 151 1979 1122 2035; baseline -0.007 -13"><span class='ocrx_word' id='word_1_192' title='bbox 151 1997 198 2022; x_wconf 89' lang='lat' dir='ltr'>ea</span> <span class='ocrx_word' id='word_1_193' title='bbox 226 1986 332 2023; x_wconf 85' lang='lat' dir='ltr'>dona</span> <span class='ocrx_word' id='word_1_194' title='bbox 361 1998 462 2035; x_wconf 86' lang='lat' dir='ltr'>quae</span> <span class='ocrx_word' id='word_1_195' title='bbox 490 1983 569 2022; x_wconf 90' lang='lat' dir='ltr'>illic</span> <span class='ocrx_word' id='word_1_196' title='bbox 599 1980 880 2032; x_wconf 89' lang='lat' dir='ltr'>Amphitruoni</span> <span class='ocrx_word' id='word_1_197' title='bbox 911 1987 1001 2017; x_wconf 86' lang='lat' dir='ltr'>sunt</span> <span class='ocrx_word' id='word_1_198' title='bbox 1030 1979 1122 2016; x_wconf 86' lang='lat' dir='ltr'>data</span> 
     </span>
     <span class='ocr_line' id='line_1_29' title="bbox 151 2041 1201 2099; baseline -0.009 -11"><span class='ocrx_word' id='word_1_199' title='bbox 151 2050 408 2099; x_wconf 84' lang='lat' dir='ltr'>apstulimus:</span> <span class='ocrx_word' id='word_1_200' title='bbox 437 2049 549 2088; x_wconf 87' lang='lat' dir='ltr'>facile</span> <span class='ocrx_word' id='word_1_201' title='bbox 579 2049 681 2086; x_wconf 89' lang='lat' dir='ltr'>meu&#39;</span> <span class='ocrx_word' id='word_1_202' title='bbox 711 2054 820 2096; x_wconf 82' lang='lat' dir='ltr'>pater</span> <span class='ocrx_word' id='word_1_203' title='bbox 849 2046 957 2095; x_wconf 83' lang='lat' dir='ltr'>quod</span> <span class='ocrx_word' id='word_1_204' title='bbox 987 2045 1070 2082; x_wconf 88' lang='lat' dir='ltr'>uolt</span> <span class='ocrx_word' id='word_1_205' title='bbox 1099 2041 1201 2080; x_wconf 89' lang='lat' dir='ltr'>facit.</span> 
     </span>
     <span class='ocr_line' id='line_1_30' title="bbox 70 2107 1228 2163; baseline -0.008 -10"><span class='ocrx_word' id='word_1_206' title='bbox 70 2128 136 2161; x_wconf 85' lang='lat'>140</span> <span class='ocrx_word' id='word_1_207' title='bbox 153 2128 259 2152; x_wconf 91' lang='lat' dir='ltr'>nunc</span> <span class='ocrx_word' id='word_1_208' title='bbox 288 2114 408 2153; x_wconf 90' lang='lat' dir='ltr'>hodie</span> <span class='ocrx_word' id='word_1_209' title='bbox 437 2113 676 2163; x_wconf 87' lang='lat' dir='ltr'>Amphitruo</span> <span class='ocrx_word' id='word_1_210' title='bbox 707 2110 839 2149; x_wconf 86' lang='lat' dir='ltr'>ueniet</span> <span class='ocrx_word' id='word_1_211' title='bbox 870 2111 948 2148; x_wconf 89' lang='lat' dir='ltr'>huc</span> <span class='ocrx_word' id='word_1_212' title='bbox 976 2109 1027 2146; x_wconf 88' lang='lat' dir='ltr'>ab</span> <span class='ocrx_word' id='word_1_213' title='bbox 1057 2107 1228 2146; x_wconf 84' lang='lat' dir='ltr'>exercitu</span> 
     </span>
     <span class='ocr_line' id='line_1_31' title="bbox 153 2172 1156 2229; baseline -0.009 -11"><span class='ocrx_word' id='word_1_214' title='bbox 153 2188 190 2218; x_wconf 86' lang='lat' dir='ltr'>et</span> <span class='ocrx_word' id='word_1_215' title='bbox 219 2193 364 2228; x_wconf 88' lang='lat' dir='ltr'>seruos,</span> <span class='ocrx_word' id='word_1_216' title='bbox 396 2179 551 2229; x_wconf 88' lang='lat' dir='ltr'>quoiius</span> <span class='ocrx_word' id='word_1_217' title='bbox 582 2191 654 2227; x_wconf 86' lang='lat' dir='ltr'>ego</span> <span class='ocrx_word' id='word_1_218' title='bbox 684 2177 766 2215; x_wconf 87' lang='lat' dir='ltr'>fero</span> <span class='ocrx_word' id='word_1_219' title='bbox 796 2176 898 2212; x_wconf 92' lang='lat' dir='ltr'>hanc</span> <span class='ocrx_word' id='word_1_220' title='bbox 933 2172 1156 2222; x_wconf 86' lang='lat' dir='ltr'>imaginem.</span> 
     </span>
    </p>
   </div>
   <div class='ocr_carea' id='block_1_3' title="bbox 1504 502 1558 534">
    <p class='ocr_par' dir='ltr' id='par_1_3' title="bbox 1504 502 1558 534">
     <span class='ocr_line' id='line_1_32' title="bbox 1504 502 1558 534; baseline -0.019 -10"><span class='ocrx_word' id='word_1_221' title='bbox 1504 502 1558 534; x_wconf 85' lang='lat'>¹15</span> 
     </span>
    </p>
   </div>
   <div class='ocr_carea' id='block_1_4' title="bbox 1505 828 1562 848">
    <p class='ocr_par' dir='ltr' id='par_1_4' title="bbox 1505 828 1562 848">
     <span class='ocr_line' id='line_1_33' title="bbox 1505 828 1562 848; baseline 0 0"><span class='ocrx_word' id='word_1_222' title='bbox 1505 828 1562 848; x_wconf 84' lang='lat'>120</span> 
     </span>
    </p>
   </div>
   <div class='ocr_carea' id='block_1_5' title="bbox 1504 1147 1561 1177">
    <p class='ocr_par' dir='ltr' id='par_1_5' title="bbox 1504 1147 1561 1177">
     <span class='ocr_line' id='line_1_34' title="bbox 1504 1147 1561 1177; baseline 0 -9"><span class='ocrx_word' id='word_1_223' title='bbox 1504 1147 1561 1177; x_wconf 84' lang='lat'>1²5</span> 
     </span>
    </p>
   </div>
   <div class='ocr_carea' id='block_1_6' title="bbox 1503 1796 1561 1827">
    <p class='ocr_par' dir='ltr' id='par_1_6' title="bbox 1503 1796 1561 1827">
     <span class='ocr_line' id='line_1_35' title="bbox 1503 1796 1561 1827; baseline 0 0"><span class='ocrx_word' id='word_1_224' title='bbox 1503 1796 1561 1827; x_wconf 82' lang='lat'>135</span> 
     </span>
    </p>
   </div>
   <div class='ocr_carea' id='block_1_7' title="bbox 152 2269 1483 2492">
    <p class='ocr_par' dir='ltr' id='par_1_7' title="bbox 152 2269 1483 2492">
     <span class='ocr_line' id='line_1_36' title="bbox 198 2269 1479 2317; baseline -0.009 -8"><span class='ocrx_word' id='word_1_225' title='bbox 198 2288 258 2317; x_wconf 87' lang='lat'>114</span> <span class='ocrx_word' id='word_1_226' title='bbox 283 2288 356 2308; x_wconf 88' lang='lat' dir='ltr'>cum</span> <span class='ocrx_word' id='word_1_227' title='bbox 374 2277 450 2308; x_wconf 84' lang='lat' dir='ltr'>add.</span> <span class='ocrx_word' id='word_1_228' title='bbox 467 2275 681 2307; x_wconf 82' lang='lat' dir='ltr'>Lindemann</span> <span class='ocrx_word' id='word_1_229' title='bbox 906 2281 964 2310; x_wconf 92' lang='lat'>117</span> <span class='ocrx_word' id='word_1_230' title='bbox 989 2272 1054 2302; x_wconf 92' lang='lat' dir='ltr'>huc</span> <span class='ocrx_word' id='word_1_231' title='bbox 1073 2281 1138 2310; x_wconf 84' lang='lat' dir='ltr'>ego</span> <span class='ocrx_word' id='word_1_232' title='bbox 1155 2281 1204 2310; x_wconf 84' lang='lat' dir='ltr'>pr.</span> <span class='ocrx_word' id='word_1_233' title='bbox 1220 2280 1295 2300; x_wconf 89' lang='lat' dir='ltr'>cum</span> <span class='ocrx_word' id='word_1_234' title='bbox 1313 2279 1338 2300; x_wconf 87' lang='lat' dir='ltr'>s.</span> <span class='ocrx_word' id='word_1_235' title='bbox 1355 2278 1382 2300; x_wconf 88' lang='lat' dir='ltr'>s.</span> <span class='ocrx_word' id='word_1_236' title='bbox 1399 2269 1479 2317; x_wconf 61' lang='lat' dir='ltr'>(ons.</span> 
     </span>
     <span class='ocr_line' id='line_1_37' title="bbox 152 2313 1483 2360; baseline -0.009 -7"><span class='ocrx_word' id='word_1_237' title='bbox 152 2322 215 2352; x_wconf 48' lang='lat' dir='ltr'>sici</span> <span class='ocrx_word' id='word_1_238' title='bbox 237 2322 406 2352; x_wconf 69' lang='lat' dir='ltr'>Charisius</span> <span class='ocrx_word' id='word_1_239' title='bbox 431 2331 474 2360; x_wconf 86' lang='lat'>53</span> <span class='ocrx_word' id='word_1_240' title='bbox 488 2324 519 2351; x_wconf 85' lang='lat' dir='ltr'>et</span> <span class='ocrx_word' id='word_1_241' title='bbox 535 2330 595 2358; x_wconf 92' lang='lat'>144</span> <span class='ocrx_word' id='word_1_242' title='bbox 791 2326 851 2355; x_wconf 88' lang='lat'>125</span> <span class='ocrx_word' id='word_1_243' title='bbox 875 2316 957 2346; x_wconf 83' lang='lat' dir='ltr'>abiit</span> <span class='ocrx_word' id='word_1_244' title='bbox 973 2314 1033 2346; x_wconf 88' lang='lat' dir='ltr'>cod</span> <span class='ocrx_word' id='word_1_245' title='bbox 1233 2323 1291 2352; x_wconf 83' lang='lat'>137</span> <span class='ocrx_word' id='word_1_246' title='bbox 1317 2313 1414 2343; x_wconf 89' lang='lat' dir='ltr'>donis</span> <span class='ocrx_word' id='word_1_247' title='bbox 1438 2317 1483 2360; x_wconf 36' lang='lat' dir='ltr'>Slt-</span> 
     </span>
     <span class='ocr_line' id='line_1_38' title="bbox 153 2357 1479 2405; baseline -0.009 -9"><span class='ocrx_word' id='word_1_248' title='bbox 153 2365 357 2405; x_wconf 78' lang='lat' dir='ltr'>Salmasius,</span> <span class='ocrx_word' id='word_1_249' title='bbox 379 2365 529 2402; x_wconf 80' lang='lat' dir='ltr'>rhythmo</span> <span class='ocrx_word' id='word_1_250' title='bbox 544 2363 714 2393; x_wconf 85' lang='lat' dir='ltr'>consulens</span> <span class='ocrx_word' id='word_1_251' title='bbox 844 2368 969 2398; x_wconf 82' lang='lat'><strong>141-52</strong></span> <span class='ocrx_word' id='word_1_252' title='bbox 993 2357 1063 2389; x_wconf 76' lang='lat' dir='ltr'>vide</span> <span class='ocrx_word' id='word_1_253' title='bbox 1079 2368 1118 2387; x_wconf 84' lang='lat' dir='ltr'>ne</span> <span class='ocrx_word' id='word_1_254' title='bbox 1134 2358 1167 2387; x_wconf 84' lang='lat' dir='ltr'>in</span> <span class='ocrx_word' id='word_1_255' title='bbox 1179 2358 1308 2397; x_wconf 76' lang='lat' dir='ltr'>pagina</span> <span class='ocrx_word' id='word_1_256' title='bbox 1325 2357 1479 2395; x_wconf 69' lang='lat' dir='ltr'>arclzclypz</span> 
     </span>
     <span class='ocr_line' id='line_1_39' title="bbox 155 2401 1476 2449; baseline -0.008 -10"><span class='ocrx_word' id='word_1_257' title='bbox 155 2409 286 2439; x_wconf 82' lang='lat' dir='ltr'>macula</span> <span class='ocrx_word' id='word_1_258' title='bbox 303 2408 402 2449; x_wconf 83' lang='lat' dir='ltr'>longa</span> <span class='ocrx_word' id='word_1_259' title='bbox 407 2408 512 2447; x_wconf 83' lang='lat' dir='ltr'>suerit</span> <span class='ocrx_word' id='word_1_260' title='bbox 523 2418 537 2445; x_wconf 88' lang='lat'>,·</span> <span class='ocrx_word' id='word_1_261' title='bbox 561 2409 606 2436; x_wconf 87' lang='lat' dir='ltr'>tot</span> <span class='ocrx_word' id='word_1_262' title='bbox 621 2414 731 2436; x_wconf 67' lang='lat' dir='ltr'>vens-us</span> <span class='ocrx_word' id='word_1_263' title='bbox 742 2403 837 2434; x_wconf 83' lang='lat' dir='ltr'>ln‘ant</span> <span class='ocrx_word' id='word_1_264' title='bbox 854 2413 918 2438; x_wconf 61' lang='lat' dir='ltr'>xvv.</span> <span class='ocrx_word' id='word_1_265' title='bbox 936 2412 1007 2440; x_wconf 80' lang='lat'>141.</span> <span class='ocrx_word' id='word_1_266' title='bbox 1024 2411 1095 2440; x_wconf 87' lang='lat'>143,</span> <span class='ocrx_word' id='word_1_267' title='bbox 1115 2410 1172 2440; x_wconf 85' lang='lat'>145</span> <span class='ocrx_word' id='word_1_268' title='bbox 1185 2403 1205 2440; x_wconf 67' lang='grc' dir='ltr'>ἓ,</span> <span class='ocrx_word' id='word_1_269' title='bbox 1229 2401 1300 2439; x_wconf 89' lang='grc'>146,</span> <span class='ocrx_word' id='word_1_270' title='bbox 1318 2410 1388 2438; x_wconf 84' lang='lat'>149,</span> <span class='ocrx_word' id='word_1_271' title='bbox 1407 2409 1476 2437; x_wconf 82' lang='lat'>150,</span> 
     </span>
     <span class='ocr_line' id='line_1_40' title="bbox 156 2444 1130 2492; baseline -0.008 -10"><span class='ocrx_word' id='word_1_272' title='bbox 156 2453 230 2492; x_wconf 82' lang='lat'><strong>152)</strong></span> <span class='ocrx_word' id='word_1_273' title='bbox 377 2461 433 2490; x_wconf 90' lang='lat'>141</span> <span class='ocrx_word' id='word_1_274' title='bbox 461 2451 531 2481; x_wconf 87' lang='lat' dir='ltr'>fero</span> <span class='ocrx_word' id='word_1_275' title='bbox 548 2451 636 2480; x_wconf 86' lang='lat' dir='ltr'>hanc</span> <span class='ocrx_word' id='word_1_276' title='bbox 651 2447 824 2478; x_wconf 64' lang='lat' dir='ltr'><em>Fleckessen</em></span> <span class='ocrx_word' id='word_1_277' title='bbox 841 2458 848 2477; x_wconf 73' lang='grc' dir='ltr'><strong>ε</strong></span> <span class='ocrx_word' id='word_1_278' title='bbox 871 2447 959 2476; x_wconf 86' lang='lat' dir='ltr'>hanc</span> <span class='ocrx_word' id='word_1_279' title='bbox 977 2445 1048 2475; x_wconf 74' lang='lat' dir='ltr'>fero</span> <span class='ocrx_word' id='word_1_280' title='bbox 1064 2444 1130 2475; x_wconf 84' lang='lat' dir='ltr'>cod.</span> 
     </span>
    </p>
   </div>
  </div>
 </body>
</html>
