1742 2718
642 164 990 201 AMPHITRVO
1506 177 1618 204 PROL.

92 287 133 325 55
155 274 364 315 comoedia
392 281 435 313 ut
464 273 513 312 sit
543 272 728 312 omnibus
758 272 885 311 isdem
915 272 1106 311 uorsibus.
1504 290 1542 320 55

156 349 286 380 utrum
316 340 364 379 sit
393 353 443 378 an
473 352 554 377 non
584 338 730 376 uoltis?
771 339 841 375 sed
871 351 944 387 ego
973 338 1136 384 stultior,

155 406 266 456 quasi
296 405 469 444 nesciam
498 417 570 442 uos
600 405 712 450 uelle,
745 402 812 452 qui
843 402 957 441 diuos
988 402 1095 441 siem.

154 479 271 510 teneo
301 470 397 521 quid
426 469 547 508 animi
577 468 698 507 nostri
729 481 845 517 super
874 469 948 506 hac
978 482 1018 506 re
1047 468 1142 506 siet:

153 535 293 574 faciam
323 543 366 574 ut
395 533 608 573 commixta
637 533 711 580 sit;
749 532 834 584 (sit)
862 530 1275 585 tragico[co]moedia;

88 604 136 637 60
154 615 245 640 nam
276 615 339 639 me
368 608 558 650 perpetuo
589 601 716 637 facere
746 606 788 636 ut
818 599 866 636 sit
897 598 1116 644 comoedia,
1504 610 1544 640 60

153 681 261 717 reges
291 680 371 717 quo
401 666 561 704 ueniant
591 673 628 703 et
659 665 710 711 di,
743 678 823 702 non
854 677 922 713 par
951 663 1123 701 arbitror.

154 732 250 784 quid
280 731 423 782 igitur?
454 730 642 780 quoniam
673 729 737 767 hic
767 742 901 767 seruos
932 741 1092 778 quoque
1120 727 1239 777 partis
1268 727 1398 771 habet,

156 796 296 835 faciam
327 796 386 843 sit,
417 795 584 845 proinde
614 802 656 832 ut
686 794 777 841 dixi,
809 791 1214 845 tragico[co]moedia.

156 874 262 899 nunc
291 862 368 899 hoc
397 874 461 898 me
490 858 599 898 orare
628 873 651 897 a
680 859 795 897 uobis
824 858 934 896 iussit
966 857 1142 907 Iuppiter

89 930 132 974 65
156 934 198 964 ut
227 925 499 976 conquistores
529 925 682 974 singula
710 924 750 962 in
781 923 967 962 subsellia
1505 928 1546 970 65

156 998 246 1029 eant
275 1004 345 1040 per
373 997 496 1029 totam
526 1002 690 1027 caueam
720 987 1018 1038 spectatoribus,

156 1055 188 1093 si
217 1055 311 1105 quoi
340 1054 524 1093 fauitores
554 1055 755 1103 delegatos
785 1052 968 1099 uiderint,

155 1127 198 1159 ut
227 1120 259 1158 is
288 1120 328 1158 in
358 1133 480 1158 cauea
507 1118 649 1169 pignus
680 1118 884 1168 capiantur
912 1125 1027 1167 togae
1043 1132 1052 1164 ;

155 1184 240 1224 siue
268 1184 336 1234 qui
364 1184 581 1223 ambissent
610 1185 783 1234 palmam
811 1181 907 1235 <his>
935 1181 1190 1220 histrionibus

91 1262 138 1298 70
157 1263 227 1288 seu
257 1240 484 1300 quoiquam*
502 1243 640 1287 artifici
670 1248 755 1300 (seu
786 1261 854 1298 per
883 1247 1045 1296 scriptas
1076 1246 1220 1284 litteras
1509 1261 1547 1294 70

158 1327 227 1352 seu
257 1314 323 1364 qui
353 1313 437 1363 ipse
464 1313 653 1352 ambisset
683 1326 752 1351 seu
781 1325 850 1362 per
879 1311 1192 1359 internuntium),

157 1378 241 1417 siue
269 1379 371 1417 adeo
399 1378 546 1416 aediles
575 1377 787 1427 perfidiose
816 1376 910 1427 quoi
940 1376 1065 1423 duint,

157 1443 345 1494 sirempse
374 1445 500 1493 legem
530 1443 641 1481 iussit
670 1456 756 1481 esse
786 1442 974 1491 Iuppiter,

157 1508 269 1558 quasi
298 1508 567 1558 magistratum
597 1507 672 1546 sibi
700 1506 862 1545 alteriue
890 1505 1108 1545 ambiuerit.

93 1589 135 1625 75
157 1575 300 1614 uirtute
329 1574 425 1613 dixit
454 1588 526 1613 uos
556 1574 726 1612 uictores
757 1573 903 1620 uiuere,
1278 1559 1285 1562 .
1459 1610 1461 1612 ,
1509 1586 1546 1620 75

84 1640 89 1644 ’
156 1653 237 1679 non
267 1640 484 1678 ambitione
514 1653 644 1690 neque
673 1638 860 1689 perfidia:
902 1637 968 1687 qui
999 1637 1128 1675 minus

156 1706 296 1744 eadem
325 1705 506 1744 histrioni
535 1705 583 1744 sit
613 1707 675 1744 lex
704 1718 806 1755 quae
835 1716 992 1742 summo
1022 1702 1136 1741 uiro?

157 1770 300 1809 uirtute
328 1770 478 1809 ambire
507 1778 674 1820 oportet,
706 1783 786 1808 non
816 1768 1058 1807 fauitoribus.

158 1842 217 1874 sat
246 1835 365 1874 habet
394 1835 605 1874 fauitorum
636 1848 792 1885 semper
821 1833 889 1884 qui
918 1840 1022 1871 recte
1052 1831 1155 1878 facit,

94 1905 141 1940 80
159 1899 190 1938 si
219 1900 294 1939 illis
323 1901 421 1939 fides
451 1908 509 1939 est
538 1900 683 1950 quibus
713 1907 771 1939 est
801 1913 847 1938 ea
875 1911 935 1937 res
965 1897 1005 1935 in
1035 1910 1165 1935 manu.
1506 1899 1548 1928 80

158 1966 235 2004 hoc
264 1978 424 2015 quoque
453 1966 571 2004 etiarn
600 1965 697 2004 mihi
727 1965 767 2003 in
797 1962 993 2003 mandatis
1021 1961 1089 2014 (is)
1116 1960 1226 2000 dedit

159 2039 201 2069 ut
229 2031 501 2081 conquistores
531 2033 668 2070 fierent
696 2030 976 2069 histrionibus:

159 2093 227 2145 qui
255 2095 330 2134 sibi
359 2097 584 2135 mandasset
613 2095 781 2145 delegati
810 2102 853 2133 ut
881 2095 1113 2145 plauderent

204 2209 245 2239 55
270 2201 379 2231 omnis
394 2200 540 2239 Mueller,
557 2211 640 2231 nam
658 2200 814 2231 6mnibus
832 2200 938 2231 isdem
957 2198 1096 2240 displicet
1225 2199 1268 2237 56
1292 2197 1328 2228 fit
1345 2196 1410 2227 cod.
1430 2196 1486 2233 (sit

160 2243 193 2274 E
206 2247 243 2274 ut
256 2243 337 2284 vid.)
428 2254 471 2284 59
494 2244 539 2275 sit
555 2244 630 2276 add.
643 2243 710 2274 Leo
810 2244 851 2282 65
876 2244 1010 2282 singula
1023 2243 1058 2273 D
1069 2247 1143 2273 ante
1154 2253 1234 2273 corr.
1251 2253 1258 2272 ε
1282 2240 1405 2279 singuli
1419 2238 1483 2269 cod.

159 2288 202 2317 68
218 2287 268 2318 vel
276 2288 324 2318 uti
337 2287 402 2319 cod.
481 2289 524 2327 69
540 2287 725 2325 ambissint,
741 2287 817 2317 item
830 2297 858 2317 v.
873 2297 910 2326 71
925 2286 1076 2317 ambissit
1086 2285 1155 2316 edd.
1197 2286 1250 2316 his
1261 2283 1377 2315 addidi
1448 2292 1487 2321 73

159 2331 328 2370 sirempse
354 2331 522 2372 Scaliger:
557 2331 740 2362 Sisimilem
766 2340 836 2361 rem
861 2331 934 2370 ipse
958 2331 991 2360 in
1018 2332 1096 2370 (pro
1125 2330 1231 2369 ipsam
1246 2329 1271 2367 ἲ)
1297 2327 1360 2358 cod.
1386 2337 1430 2363 gv.
1458 2336 1487 2362 1;

159 2374 198 2413 cf
223 2374 323 2405 Paul.
352 2374 436 2406 Fest.
466 2384 539 2414 515.
567 2384 601 2404 11
635 2374 692 2405 Th.
723 2374 870 2414 siremps
895 2374 1019 2404 dicitur
1046 2374 1141 2412 quasi
1174 2372 1292 2403 similis
1317 2381 1372 2402 res
1400 2369 1485 2409 ipsa)

159 2418 200 2448 81
226 2418 256 2448 is
271 2417 387 2449 addidi
515 2419 557 2457 83
582 2418 803 2449 mandassent
819 2416 885 2448 cod.
