1742 2718
678 103 1005 141 AVLVLARIA
1442 105 1508 141 IV.

180 220 282 259 bene
302 218 542 268 feliciterque
562 215 800 255 uortat—ita
820 215 860 253 di
881 214 1012 260 faxint,
1036 212 1199 262 inquito.

182 287 279 324 Evc.
321 285 374 323 ita
412 283 452 322 di
490 282 644 321 faciant.
720 283 788 318 Lv.
823 288 859 318 et
899 278 993 317 mihi
1033 277 1086 316 ita
1124 277 1163 316 di
1203 277 1356 316 faciant.
1420 278 1513 317 audi

1314 356 1509 381 nunmam.

93 423 162 458 790
180 416 248 465 qui
268 416 390 454 homo
410 414 568 464 eulpam
589 410 746 451 admisit
767 410 807 449 in
829 423 880 456 se,
904 410 1050 448 nullust
1071 416 1150 447 tam
1172 408 1282 458 parui
1303 408 1401 457 preti

94 746 159 782 795

180 480 275 531 quin
306 482 464 530 pudeat,
502 477 597 527 quin
618 483 756 527 purget
777 488 871 513 sese.
931 487 1037 512 nune
1057 481 1096 512 te
1116 480 1300 523 optestor‚
1325 472 1474 519 Euclio,

180 551 222 582 ut
243 543 273 581 si
295 543 390 593 quid
411 556 485 593 ego
506 555 594 591 erga
610 549 649 579 te
669 540 885 590 inprudens
906 538 1069 589 peccaui
1090 545 1157 576 aut
1180 545 1338 587 gnatam
1360 545 1479 584 tuam,

181 616 222 647 ut
243 608 296 646 mi
317 608 495 658 ignoscas
516 619 684 656 eamque
705 618 865 643 uxorem
888 604 983 641 mihi
1004 604 1084 650 des,
1108 611 1150 641 ut
1170 604 1274 652 leges
1296 602 1444 641 iubent.

181 686 254 723 ego
275 686 337 711 me
358 672 539 710 iniuriam
559 671 698 709 fecisse
718 670 820 708 filiae
840 671 964 708 fateor
983 676 1073 707 tuae

182 737 334 777 Cereris
355 737 496 787 uigiliis
517 750 586 787 per
605 736 744 774 uinum
764 743 883 785 atque
903 734 1075 784 impulsu
1095 733 1398 772 adulescentiae.

183 805 280 842 Evc.
312 802 347 841 ei
361 802 468 849 mihi,
486 802 595 852 quod
612 814 685 851 ego
705 800 856 839 facinus
873 813 919 838 ex
935 807 974 838 te
989 798 1138 837 atidio?
1192 800 1261 836 LY.
1295 811 1367 848 qur
1380 797 1512 845 eiulas‚

181 867 301 918 quem
322 863 395 918 ego
414 880 533 906 auom
553 866 629 905 feci
649 866 728 904 iarn
748 873 791 904 ut
811 878 916 904 esses
937 863 1030 902 filiai
1050 863 1226 914 nuptiis?

182 947 273 972 nam
290 941 356 972 tua
371 940 488 983 gnata
507 931 668 982 peperit,
685 932 856 970 decumo
873 943 1010 968 mense
1025 936 1114 979 post
1131 944 1138 966 :
1168 941 1376 967 numerum
1398 941 1495 978 cape
1504 943 1516 976 3

183 1013 229 1038 ea
248 1013 288 1038 re
308 998 517 1049 repudium
537 997 686 1036 remisit
705 998 898 1035 aunculus
919 1008 1058 1034 caussa
1078 1008 1176 1033 mea.

1532 114 1560 140 X

1534 411 1576 443 60

1536 737 1578 779 65

95 1065 165 1099 800
182 1065 194 1103 i
209 1065 321 1112 intro,
340 1077 533 1114 exquaere
549 1063 650 1102 sitne
666 1062 719 1101 ita
734 1069 777 1101 ut
791 1075 863 1112 ego
880 1061 1076 1112 praedico.
1119 1062 1216 1099 Evc.
1240 1059 1336 1111 perii
1352 1059 1512 1110 oppidO,
1536 1067 1576 1100 70

97 1453 162 1497 805

181 1130 234 1168 ita
254 1129 351 1168 mihi
370 1131 422 1168 ad
442 1131 589 1167 malum
610 1130 736 1167 malae
756 1141 816 1166 res
837 1128 1042 1178 plurumae
1062 1139 1103 1164 se
1123 1125 1380 1175 adglutinant.

182 1195 248 1234 ibo
262 1195 375 1242 intro,
391 1202 433 1233 ut
449 1194 546 1245 quid
562 1193 692 1232 huiius
708 1206 847 1232 uerum
863 1192 912 1230 sit
928 1192 1193 1230 sciam—LV.
1214 1191 1292 1229 iam
1305 1198 1344 1230 te
1360 1203 1512 1241 sequor.

236 1261 334 1299 haec
354 1260 644 1310 propemodum
665 1258 743 1297 iam
764 1271 849 1296 esse
869 1257 909 1295 in
930 1258 1035 1296 uado
1056 1256 1191 1295 salutis
1211 1269 1271 1294 res
1292 1256 1457 1295 uidetur.

237 1338 343 1363 nunc
372 1338 528 1363 seruom
558 1338 644 1363 esse
673 1323 741 1362 ubi
771 1323 901 1363 dicam
932 1335 1064 1361 meum
1094 1322 1316 1363 †Strolum†
1347 1334 1428 1360 non
1462 1333 1516 1358 re-

1381 1385 1489 1436 perio
1507 1400 1515 1427 ;

238 1455 312 1494 nisi
332 1455 450 1494 etiam
470 1455 535 1494 hic
555 1455 735 1506 opperiar
754 1461 887 1492 tamen
908 1453 1142 1504 paullisper3
1171 1459 1309 1503 postea
1329 1451 1431 1489 intro

238 1521 344 1559 hunc
361 1533 586 1571 supsequar.
630 1533 737 1558 nunc
752 1518 908 1558 interim
925 1517 1095 1568 spatium
1111 1517 1147 1555 ei
1163 1517 1268 1555 dabo
1284 1515 1514 1567 exquirendi

238 1598 370 1624 meum
397 1587 543 1624 factum
569 1599 615 1624 ex
641 1592 782 1636 gnatae
809 1583 1026 1635 pedisequa
1053 1582 1204 1621 nutrice
1230 1595 1332 1621 anu:
1362 1594 1408 1619 ea
1433 1593 1516 1619 rem

1391 1652 1512 1685 nouit.

686 1773 924 1822 ACTVS
972 1773 1018 1820 V

341 1888 658 1925 LYCONIDIS
698 1886 912 1923 SEvas
1025 1884 1354 1921 chonEs

187 1980 231 2017 L.
254 1980 291 2017 S.
325 1979 378 2017 Di
398 1979 636 2025 inmortales,
660 1978 804 2029 quibus
824 1985 864 2016 et
884 1976 1042 2027 quantis
1063 1989 1127 2014 me
1143 1975 1300 2014 donatis
1322 1973 1476 2025 gaudiis
1494 1977 1501 2011 ἔ

186 2044 466 2095 quadrilibrem
480 2046 611 2082 aulam
626 2047 722 2083 auro
738 2050 921 2082 onustam
934 2042 1075 2080 habeo.
1117 2041 1205 2092 quis
1222 2053 1286 2079 me
1301 2047 1359 2079 est
1374 2038 1520 2078 ditior?

230 2159 290 2189 791
316 2148 398 2188 quin
418 2149 496 2189 pud.
517 2148 582 2180 cod.
604 2151 629 2191 (3
641 2152 703 2189 pro
719 2157 806 2187 qum,
827 2148 964 2187 antiqua
972 2145 1102 2185 forma,
1121 2144 1244 2182 Journ.
1263 2144 1349 2175 Phil.
1370 2144 1422 2180 26,
1442 2141 1521 2181 289)

472 2202 535 2231 793
559 2192 696 2222 iubeant
713 2190 778 2222 cod.
798 2191 833 2230 (i.
851 2192 891 2229 9)
996 2199 1058 2228 794
1084 2188 1173 2218 filiae
1190 2188 1312 2219 secisse
1329 2187 1394 2218 cod.
1415 2199 1422 2217 :
1445 2187 1517 2217 trai.

190 2235 401 2266 Camerarius
534 2237 597 2274 796
620 2236 708 2274 quod
733 2235 865 2265 facinus
882 2244 925 2264 ex
947 2238 980 2264 te
1003 2242 1066 2272 ego
1085 2231 1163 2272 cod.‚
1179 2231 1336 2262 inusitato
1348 2230 1519 2262 verborum

187 2278 300 2309 ordine
313 2290 320 2310 :
341 2289 418 2309 corr.
437 2278 571 2310 Guietus
584 2278 658 2320 (sed
668 2278 698 2309 ei
714 2277 795 2308 mihi
804 2277 922 2318 placet)
977 2276 1028 2306 vel
1038 2276 1094 2306 ted
1178 2276 1243 2305 802
1264 2284 1381 2305 uerum
1395 2272 1498 2303 Bothe
1513 2284 1519 2303 :

188 2322 261 2353 ueri
278 2322 342 2353 cod.
364 2323 400 2363 (i.
411 2323 448 2362 9)
545 2323 610 2361 804
633 2321 819 2352 strobolum
829 2318 879 2349 13⁸
973 2320 1037 2358 807
1063 2329 1130 2349 anu
1148 2328 1189 2349 ea
1202 2329 1273 2349 rem
1289 2318 1516 2349 Camerarius:

188 2376 349 2397 anueram
366 2365 432 2396 cod.
451 2366 491 2406 (i.
507 2366 542 2407 6)
663 2366 730 2406 809
754 2363 862 2395 aulam
887 2362 1130 2402 quadrilibrem
1151 2361 1325 2394 Osbernus.
1374 2360 1517 2391 Hz’atum

189 2409 410 2440 allitterationi
422 2412 585 2450 acceptum
602 2409 700 2449 rqfero

1535 1461 1572 1494 75

1537 1876 1614 1913 V.i
