1742 2718
701 67 1025 106 BACCHIDES
1441 68 1517 105 III.
1539 67 1584 103 iii

196 178 271 216 itur
291 177 397 217 illinc
418 178 500 217 iure
520 178 637 217 dicto.
725 178 865 216 hocine
886 178 949 216 hic
971 186 1086 228 pacto
1107 185 1236 228 potest

195 243 373 283 inhibere
393 244 600 295 imperium
623 243 815 294 magister,
839 244 870 282 si
891 244 998 294 ipsus
1019 244 1166 295 primus
1188 245 1377 294 uapulet?

199 310 285 346 MN.
317 309 416 347 acris
437 308 649 359 postulatio
671 310 769 347 haec
790 316 858 346 est.
919 322 1039 358 quom
1063 308 1178 347 huius
1200 309 1306 347 dicta
1327 308 1521 358 intellego,
1545 323 1585 354 45

108 384 179 421 450
197 373 293 411 mira
313 381 403 411 sunt
424 373 464 411 ni
487 373 722 412 Pistoclerus
745 374 898 422 Lydum
921 374 1062 423 pugnis
1083 373 1275 411 contudit.

196 440 266 476 Lv.
299 439 368 477 sed
399 438 485 488 quis
520 437 584 476 hic
614 446 671 476 est
701 452 819 487 quem
850 446 1044 477 astantem
1080 438 1199 477 uideo
1229 446 1320 477 ante
1351 438 1526 476 ostium?

1251 516 1274 541 o
1297 503 1522 549 Philoxene,

193 571 289 608 deos
306 568 494 619 propitios
512 582 574 606 me
597 569 731 606 uidere
752 582 871 618 quam
892 569 1001 606 illum
1021 567 1134 620 <hau>
1154 570 1362 606 mauellem
1385 568 1491 605 mihi.

195 637 268 672 PH.
301 634 387 684 quis
426 634 503 672 illic
543 636 630 672 est?
706 635 774 671 Lv.
810 633 1094 680 Mnesilochus,
1136 633 1242 683 gnati
1282 633 1337 671 tui
1381 633 1525 671 sodalis

1307 697 1521 736 Pistocleri.

193 767 270 803 hau
291 764 485 803 consimili
506 763 665 813 ingenio
680 772 799 813 atque
820 764 883 802 ille
899 771 957 802 est
974 764 1039 814 qui
1061 763 1100 800 in
1122 763 1298 813 lupanari
1319 763 1495 801 accubat.
1546 776 1586 806 50

106 839 172 875 455
193 830 435 867 fortunatum
457 828 712 874 Nicobulum,
736 827 803 877 qui
825 828 933 865 illum
955 827 1139 878 produxit
1160 827 1233 866 sibi
1251 831 1257 865 l

194 895 267 931 PH.
301 895 431 931 saluos
453 892 515 940 sis,
539 892 800 939 Mnesiloche,
824 894 975 930 saluom
997 900 1035 931 te
1055 892 1243 931 aduenire
1263 894 1427 942 gaudeo.

195 959 281 995 ΜΝ.
313 958 354 996 di
375 966 413 997 te
432 965 577 1004 ament,
602 957 827 995 Philoxene.
890 958 958 995 Lv.
990 957 1054 995 hic
1074 957 1179 995 enim
1202 957 1273 994 rite
1294 959 1525 1007 productust

1401 1022 1499 1071 patri
1516 1037 1523 1060 :

194 1088 233 1126 in
254 1102 359 1127 mare
380 1089 419 1136 it,
442 1102 525 1127 rem
545 1088 775 1127 familiarem
796 1095 916 1135 curat,
939 1087 1112 1126 custodit
1132 1089 1309 1134 domum,

193 1167 417 1204 opsequens
439 1153 738 1203 oboediensque
760 1161 818 1192 est
838 1153 938 1191 mori
957 1161 1076 1203 atque
1096 1152 1269 1203 imperiis
1290 1152 1416 1203 patris.
1546 1163 1587 1194 55

106 1221 176 1264 460
192 1218 256 1257 hic
277 1219 422 1257 sodalis
445 1219 661 1257 Pistoclero
682 1218 759 1256 iam
781 1231 878 1269 puer
898 1231 1020 1268 puero
1041 1217 1113 1256 fuit
1127 1232 1138 1266 3

191 1283 363 1321 triduom
384 1297 465 1322 non
487 1283 647 1322 interest
667 1283 805 1322 aetatis
826 1291 912 1322 uter
932 1283 1055 1321 maior
1075 1282 1147 1321 siet
1165 1298 1172 1321 ε

190 1361 327 1386 uerum
349 1348 549 1398 ingenium
571 1350 659 1399 plus
681 1348 837 1399 triginta
856 1348 969 1386 annis
991 1347 1133 1386 maiust
1153 1361 1272 1397 quam
1293 1347 1412 1387 alteri.

190 1413 264 1450 PH.
321 1427 418 1453 caue
439 1416 587 1453 malum
609 1422 647 1454 et
668 1428 878 1466 compesce
900 1417 939 1454 in
961 1417 1070 1454 illum
1090 1416 1222 1454 dicere
1242 1415 1394 1455 iniuste.
1446 1414 1516 1453 Lv.

1297 1521 1304 1525 ⁸
1425 1485 1522 1525 tace,

192 1543 332 1581 stultus
353 1555 394 1581 es
414 1542 482 1592 qui
502 1542 557 1581 illi
578 1544 680 1582 male
700 1557 814 1594 aegre
835 1550 968 1594 patere
989 1542 1067 1581 dici
1088 1542 1154 1593 qui
1176 1542 1277 1581 facit.
1543 1547 1585 1577 60

106 1611 171 1655 465
192 1621 283 1645 nam
303 1607 413 1646 illum
434 1621 568 1646 meum
589 1610 736 1647 malum
758 1616 983 1659 promptare
1004 1608 1138 1646 malim
1160 1621 1278 1658 quam
1299 1608 1509 1658 peculium.

192 1674 266 1710 PH.
298 1673 494 1723 quidum?
551 1675 620 1712 Lv.
653 1674 756 1724 quia,
780 1676 928 1712 malum
949 1674 981 1712 si
1001 1681 1214 1724 promptet‚
1234 1674 1274 1712 in
1298 1673 1382 1712 dies
1409 1674 1524 1712 faciat

1380 1739 1520 1777 minus.

191 1805 278 1842 MN.
311 1804 406 1854 quid
427 1806 603 1843 sodalem
626 1818 759 1843 meum
780 1805 957 1855 castigas,
981 1806 1103 1855 Lyde,
1123 1804 1361 1854 discipulum
1384 1806 1523 1842 tuom?

191 1870 260 1907 LY.
293 1869 405 1919 periit
434 1869 505 1907 tibi
535 1869 690 1908 sodalis.
753 1872 840 1908 MN.
874 1884 923 1908 ne
953 1870 994 1909 di
1024 1870 1144 1908 sirint.
1206 1870 1275 1907 LV.
1309 1869 1364 1906 sie
1393 1876 1452 1907 est
1481 1876 1522 1907 ut

1369 1935 1518 1984 loquor.

193 1998 287 2048 quin
308 2012 380 2049 ego
401 2013 522 2049 quom
543 1999 694 2049 peribat
715 1999 808 2046 uidi,
831 2013 912 2037 non
933 2013 980 2038 ex
998 2000 1135 2038 audito
1155 2012 1286 2049 arguo.
1542 2001 1582 2041 65

236 2113 298 2142 447
319 2107 392 2143 post
415 2114 444 2134 v.
467 2105 532 2142 446
557 2114 670 2134 versus
693 2103 842 2134 excidisse
865 2104 990 2134 videtur
1014 2105 1059 2145 (si
1080 2105 1111 2134 fn
1137 2108 1250 2143 potest
1272 2103 1370 2140 desiit,
1395 2107 1521 2144 propter

191 2146 480 2187 homoeoteleuton)
578 2148 642 2186 448
667 2148 802 2187 uapulat
816 2146 954 2188 Langen
1052 2157 1116 2186 452
1141 2148 1230 2178 haud
1248 2147 1323 2178 add.
1345 2147 1522 2177 Hermann

193 2200 256 2229 453
283 2190 476 2221 octonarius
486 2195 652 2230 suspectus
715 2191 771 2221 vix
787 2191 928 2222 Pistocli
944 2203 951 2222 ε
974 2191 1029 2230 pol
1048 2191 1102 2221 hic
1118 2191 1253 2229 quidem
1272 2191 1369 2221 Goetz
1458 2192 1522 2229 458

192 2234 216 2263 it
238 2233 325 2264 ,lala
351 2238 386 2264 ut
403 2233 470 2265 cod.
604 2244 668 2273 459
692 2245 783 2265 more
803 2234 868 2266 cod.
1003 2236 1066 2273 462
1091 2235 1230 2273 triginta
1253 2233 1374 2276 (huic)
1397 2233 1524 2264 Ritsclzl

191 2278 254 2315 463
278 2276 367 2307 malo
380 2276 544 2318 Scalzger:
568 2278 690 2308 malurn
708 2277 772 2309 cod.
791 2278 826 2315 (i.
843 2279 879 2315 3)
1013 2288 1192 2318 comperce
1207 2279 1246 2320 (ἵ)
1265 2277 1362 2309 Paul.
1377 2277 1464 2308 Fest.
1478 2278 1522 2307 60

191 2321 254 2359 464
271 2320 320 2350 vel
334 2319 401 2351 illic
533 2323 608 2362 465,
627 2323 692 2359 466
707 2321 819 2352 delevit
836 2321 970 2352 Guietus
