1814 2723
226 37 257 74 Ι,
280 37 309 73 ii
699 34 744 71 T.
779 33 958 72 MACCI
991 31 1194 69 PLAVTI

284 149 352 184 ΕΡ.
386 146 515 184 hercle
531 144 719 184 miserum
741 153 799 184 est
820 144 1014 193 ingratum
1031 156 1115 181 esse
1133 139 1284 180 hdmini
1305 139 1345 179 id
1366 139 1474 189 quod
1494 136 1611 176 facias

1498 204 1610 241 bene.

283 290 356 327 ego
377 276 485 326 quod
509 277 610 315 bene
631 275 705 314 feci
727 276 828 313 male
848 273 932 319 feci,
958 272 1049 322 quia
1069 285 1179 310 amor
1200 269 1367 309 mutauit
1387 271 1532 308 locum.

222 356 262 387 35
283 343 346 380 ST.
378 341 623 392 desipiebam
646 339 787 378 mentis
809 352 930 388 quom
952 337 1017 375 illa
1037 336 1180 386 scripta
1200 335 1404 373 mittebam
1426 333 1506 372 tibi.

286 408 354 444 ΕΡ.
389 420 479 444 men
500 406 737 455 piacularem
758 410 913 452 oportet
933 401 1014 440 fieri
1035 402 1088 440 ob
1109 400 1312 439 stultitiam
1333 407 1452 445 tuam,

286 480 327 509 ut
349 485 480 510 meum
502 470 652 519 tergum
674 476 763 506 tuae
784 466 969 505 stultitiae
990 466 1136 504 subdas
1158 464 1471 502 succidaneum?

287 539 348 576 ST.
382 536 478 586 quid
512 534 598 573 istic
628 534 749 572 uerba
782 531 977 570 facimus?
1012 529 1103 568 huic
1134 528 1286 568 homini
1311 536 1427 578 opust
1455 529 1617 577 quadra-

1375 592 1481 642 ginta
1500 591 1617 630 minis

287 666 461 706 celeriter
481 664 630 711 calidis,
651 662 828 702 danistae
849 674 946 710 quas
968 661 1148 705 resoluat,
1172 666 1210 697 et
1231 658 1320 697 cito.

226 747 267 779 40
289 735 357 771 ΕΡ.
391 732 454 771 dic
476 732 620 769 modo:
647 729 753 767 unde
774 729 924 765 auferre
947 740 1009 764 me
1030 725 1119 763 uis?
1149 725 1229 775 qud
1248 738 1272 762 a
1292 723 1476 774 tarpezita
1494 724 1616 773 peto?

287 801 349 836 ST.
368 798 474 835 unde
488 797 607 834 lubet.
634 808 725 832 nam
740 793 779 830 ni
793 799 884 830 ante
901 792 1025 829 solem
1043 803 1228 829 occasum
1243 803 1264 827 e
1280 787 1435 840 lo<culis
1448 786 1617 839 adferes>

288 876 414 901 meam
437 863 601 901 domum
623 873 672 897 ne
693 858 860 897 inbitas:
891 864 933 894 tu
954 863 992 893 te
1014 856 1052 893 1'n
1074 854 1281 905 pistrinum
1301 852 1529 905 (conferas.)

290 931 358 967 Ep,
391 927 504 966 facile
524 933 565 964 tu
586 925 686 963 istuc
707 923 790 961 sine
811 921 959 972 periclo
980 928 1017 959 et
1038 934 1140 965 cura,
1165 920 1285 958 corde
1305 918 1429 957 libero

289 995 463 1032 fabulare
481 1006 490 1039 ;
519 990 613 1029 noui
634 1003 706 1040 ego
727 995 882 1027 nostros
899 1002 905 1025 :
937 985 1033 1024 mihi
1054 986 1163 1024 dolet
1183 997 1305 1034 quom
1326 997 1398 1033 ego
1419 985 1574 1033 uapulo.

229 1073 271 1105 45
290 1062 353 1099 ST.
377 1057 473 1109 quid
493 1064 534 1095 tu
554 1057 690 1095 nunc?
719 1053 883 1105 patierin
912 1059 955 1090 ut
978 1064 1052 1102 ego
1073 1064 1136 1089 me
1156 1048 1410 1088 interimam?
1468 1050 1537 1086 ΕΡ.
1570 1062 1620 1086 ne

1470 1113 1617 1153 feceris.

288 1204 361 1240 ego
382 1189 481 1227 istuc
501 1188 690 1226 accedam
706 1184 896 1236 periclum
918 1181 1049 1233 potius
1069 1188 1189 1232 atque
1209 1179 1427 1219 audaciam.

289 1258 354 1294 ST.
384 1267 490 1293 nunc
510 1254 655 1304 places,
675 1263 781 1289 nunc
801 1263 874 1300 ego
904 1256 941 1287 te
971 1248 1100 1286 laudo.
1162 1247 1234 1284 ΕΡ.
1264 1245 1386 1296 patiar
1417 1259 1489 1295 ego
1520 1245 1620 1284 istuc

1370 1311 1478 1360 quod
1498 1311 1618 1349 lubet.

288 1388 350 1425 ST.
383 1384 480 1435 quid
500 1384 565 1422 illa
584 1384 651 1421 fiet
671 1380 831 1420 fidicina
851 1378 994 1430 igitur?
1052 1378 1122 1415 ΕΡ.
1145 1375 1277 1425 aliqua
1297 1388 1357 1413 res
1378 1374 1621 1425 reperibitur,

286 1451 418 1501 aliqua
433 1464 509 1500 ope
522 1450 733 1493 exsoluam,
751 1445 969 1485 extricabor
981 1442 1121 1493 aliqua.
1182 1443 1244 1479 ST.
1277 1442 1417 1491 plenus
1437 1439 1618 1478 consili’s.

227 1535 270 1567 50
288 1517 383 1557 noui
410 1530 482 1567 ego
506 1523 555 1554 te.
616 1517 686 1553 ΕΡ.
719 1520 777 1552 est
800 1510 1002 1551 Euboicus
1027 1508 1139 1548 miles
1164 1508 1350 1557 locuples,
1374 1507 1499 1544 multo
1524 1519 1622 1544 auro

1065 1612 1076 1620 ,
1466 1578 1618 1621 potens,

289 1647 356 1699 qui
377 1646 444 1686 ubi
466 1645 535 1686 tibi
556 1645 670 1684 istam
691 1650 866 1694 emptam
896 1654 981 1680 esse
1011 1638 1126 1678 scibit
1146 1645 1265 1688 atque
1285 1638 1387 1676 hanc
1407 1637 1620 1675 adductam

1447 1702 1619 1748 alteram,

336 1819 397 1858 136
421 1817 549 1848 homini
570 1815 782 1847 Palmerz'us:
808 1812 981 1844 hominem
1007 1810 1084 1850 cod.‚
1112 1812 1221 1840 contra
1245 1808 1446 1838 Plautinum
1473 1805 1625 1846 loquendi

290 1873 415 1893 morem
433 1860 586 1901 (Mueller
599 1860 632 1889 in
649 1859 766 1889 Rhez'tz.
789 1857 879 1887 Mus.
898 1866 950 1895 54,
970 1855 1049 1894 390')
1161 1863 1218 1892 137
1242 1851 1306 1882 feci
1324 1852 1410 1881 bene
1423 1850 1456 1880 Β
1561 1851 1622 1888 138

290 1907 346 1937 illa
369 1905 496 1945 scripta
523 1904 695 1934 mitterem
721 1900 809 1932 codd.
841 1899 941 1930 Nonii
965 1909 1052 1937 499:
1079 1897 1152 1927 illas
1176 1896 1321 1934 scriptas
1352 1894 1525 1925 mittebam
1554 1892 1620 1924 cod.

294 1961 355 1989 139
379 1948 583 1989 peculiarem
601 1957 668 1977 var.
688 1946 752 1976 lect.
768 1945 802 1975 in
818 1943 883 1974 cod.
979 1952 1040 1980 140
1065 1945 1141 1971 tuae
1159 1938 1320 1969 stultitiae
1336 1937 1425 1969 codd.
1445 1937 1574 1974 Gellii4.
1588 1938 1619 1975 6,

291 2005 311 2033 4
326 2005 333 2024 z
356 1992 518 2023 stultitiae
536 1996 615 2021 tuae
632 1989 696 2021 cod.
836 1996 893 2025 141
920 1985 969 2016 vel
982 1985 1026 2015 sic
1040 1983 1204 2023 distingue
1220 1981 1300 2021 quid
1315 1981 1413 2012 istic?
1439 1980 1541 2011 uerba
1557 1980 1619 2011 sac.

295 2047 355 2076 142
380 2035 529 2066 resoluat
542 2038 576 2064 et
592 2032 748 2073 Pylades:
776 2030 927 2062 resoluas
940 2033 973 2059 et
987 2028 1050 2058 cod.
1071 2039 1077 2057 :
1102 2027 1279 2064 resoluam,
1299 2025 1358 2054 sed
1372 2024 1414 2063 (2)
1427 2023 1493 2053 Leo
1563 2033 1623 2062 143

292 2081 465 2119 tarpezita,
483 2089 548 2108 non
561 2083 651 2116 trap-
666 2076 726 2117 (ita
738 2074 831 2114 cod),
847 2077 891 2103 est
901 2072 1060 2103 Plautina
1067 2071 1186 2110 forma
1233 2068 1284 2098 uis
1296 2078 1350 2097 me
1367 2067 1499 2098 Guietus
1556 2077 1623 2105 quo

292 2136 312 2155 a
332 2123 465 2162 Bentley
482 2120 675 2159 (secundnm
694 2128 818 2150 morem
835 2115 1053 2155 Plautinum)
1068 2126 1073 2144 :
1102 2124 1121 2143 a
1136 2123 1202 2152 quo
1220 2111 1284 2142 cod.
1379 2121 1448 2150 144,
1473 2119 1533 2148 145
1557 2109 1624 2139 alia

292 2169 351 2199 alii
365 2167 598 2208 suppleverunt,
630 2167 666 2193 ut
689 2173 754 2201 ego
780 2160 920 2202 <aurum
938 2155 1146 2198 accepero).
1168 2180 1175 2188 .
1192 2179 1199 2186 .
1220 2152 1464 2196 <migraueris>
1485 2152 1624 2183 Redslob

294 2211 396 2252 (Berl.
418 2209 502 2241 Phil.
528 2208 633 2238 I‘Voclz.
653 2217 704 2246 22,
727 2205 806 2245 553)
944 2210 1004 2241 145
1027 2200 1077 2232 vel
1098 2204 1167 2231 tute
1192 2199 1225 2228 in
1250 2198 1429 2238 pristinum
1452 2197 1512 2234 (ita
1536 2195 1621 2233 cod.)

276 2252 284 2262 ⁸
297 2256 358 2295 148
381 2255 430 2285 vel
441 2254 486 2284 sic
495 2252 659 2291 distingue
671 2250 752 2289 quid
766 2249 823 2279 tu?
848 2257 937 2278 nunc
954 2250 1020 2286 pat.
1040 2244 1194 2283 (Seyffert
1207 2241 1293 2272 stud.
1311 2241 1421 2271 Plaut.
1437 2240 1494 2280 18)
1563 2249 1624 2278 150

293 2298 409 2330 accedit
422 2297 455 2328 A
547 2305 611 2334 ego
628 2304 693 2324 om.
711 2292 745 2323 A
865 2300 923 2329 151
952 2288 1029 2331 [deff
1046 2288 1101 2318 illa
1117 2286 1151 2316 P
1207 2296 1243 2316 re
1259 2285 1293 2315 P
1381 2294 1442 2324 152
1466 2283 1624 2315 exsoluat

293 2342 327 2373 A
344 2354 350 2373 z
376 2341 549 2373 exsoluam
569 2339 666 2369 etiam
684 2335 772 2368 codd.
791 2334 927 2365 Nom't'8
1019 2340 1078 2370 154
1104 2330 1162 2361 tibi
1183 2340 1247 2360 om.
1265 2328 1298 2358 A
1321 2328 1383 2369 (iii.
1400 2328 1432 2368 1)

1637 472 1703 506 140

1641 864 1702 900 145

1644 1255 1708 1292 150
