<?xml version="1.0" encoding="UTF-8"?>
<!DOCTYPE html PUBLIC "-//W3C//DTD XHTML 1.0 Transitional//EN"
    "http://www.w3.org/TR/xhtml1/DTD/xhtml1-transitional.dtd">
<html xmlns="http://www.w3.org/1999/xhtml" xml:lang="en" lang="en">
 <head>
  <title>
</title>
<meta http-equiv="Content-Type" content="text/html;charset=utf-8" />
  <meta name='ocr-system' content='tesseract 3.04.00' />
  <meta name='ocr-capabilities' content='ocr_page ocr_carea ocr_par ocr_line ocrx_word'/>
</head>
<body>
  <div class='ocr_page' id='page_1' title='image "./tmacciplauticomo01plauuoft_0288.png"; bbox 0 0 1814 2723; ppageno 0'>
   <div class='ocr_carea' id='block_1_1' title="bbox 196 45 1211 86">
    <p class='ocr_par' dir='ltr' id='par_1_1' title="bbox 196 45 1211 86">
     <span class='ocr_line' id='line_1_1' title="bbox 196 45 1211 86; baseline -0.005 0"><span class='ocrx_word' id='word_1_1' title='bbox 196 49 273 86; x_wconf 93' lang='lat' dir='ltr'>III.</span> <span class='ocrx_word' id='word_1_2' title='bbox 296 51 341 86; x_wconf 91' lang='lat' dir='ltr'>iv</span> <span class='ocrx_word' id='word_1_3' title='bbox 715 47 760 84; x_wconf 94' lang='lat' dir='ltr'>T.</span> <span class='ocrx_word' id='word_1_4' title='bbox 795 45 975 84; x_wconf 84' lang='lat' dir='ltr'>MACCI</span> <span class='ocrx_word' id='word_1_5' title='bbox 1008 45 1211 82; x_wconf 89' lang='lat' dir='ltr'><strong>PLAVTI</strong></span> 
     </span>
    </p>
   </div>
   <div class='ocr_carea' id='block_1_2' title="bbox 239 157 1723 1248">
    <p class='ocr_par' dir='ltr' id='par_1_2' title="bbox 239 157 1719 469">
     <span class='ocr_line' id='line_1_2' title="bbox 239 157 1719 200; baseline -0.005 -1"><span class='ocrx_word' id='word_1_6' title='bbox 239 178 277 200; x_wconf 94' lang='lat'>10</span> <span class='ocrx_word' id='word_1_7' title='bbox 297 167 406 198; x_wconf 86' lang='lat' dir='ltr'>tuam</span> <span class='ocrx_word' id='word_1_8' title='bbox 426 159 698 198; x_wconf 74' lang='lat' dir='ltr'>arcessituram</span> <span class='ocrx_word' id='word_1_9' title='bbox 719 171 804 197; x_wconf 90' lang='lat' dir='ltr'>esse</span> <span class='ocrx_word' id='word_1_10' title='bbox 824 170 984 196; x_wconf 88' lang='lat' dir='ltr'>uxorem</span> <span class='ocrx_word' id='word_1_11' title='bbox 1006 169 1167 195; x_wconf 83' lang='lat' dir='ltr'>uxorem</span> <span class='ocrx_word' id='word_1_12' title='bbox 1189 169 1329 194; x_wconf 86' lang='lat' dir='ltr'>meam.</span> <span class='ocrx_word' id='word_1_13' title='bbox 1648 157 1719 193; x_wconf 88' lang='lat'>600</span> 
     </span>
     <span class='ocr_line' id='line_1_3' title="bbox 299 221 1235 274; baseline -0.004 -11"><span class='ocrx_word' id='word_1_14' title='bbox 299 226 369 263; x_wconf 82' lang='lat' dir='ltr'>Lv.</span> <span class='ocrx_word' id='word_1_15' title='bbox 402 238 493 274; x_wconf 79' lang='lat' dir='ltr'>ergo</span> <span class='ocrx_word' id='word_1_16' title='bbox 513 222 762 262; x_wconf 86' lang='lat' dir='ltr'>arcessiuisse</span> <span class='ocrx_word' id='word_1_17' title='bbox 781 222 834 260; x_wconf 88' lang='lat' dir='ltr'>ait</span> <span class='ocrx_word' id='word_1_18' title='bbox 855 235 951 268; x_wconf 88' lang='lat' dir='ltr'>sese,</span> <span class='ocrx_word' id='word_1_19' title='bbox 975 229 1012 260; x_wconf 84' lang='lat' dir='ltr'>et</span> <span class='ocrx_word' id='word_1_20' title='bbox 1033 221 1176 260; x_wconf 78' lang='lat' dir='ltr'>dixisse</span> <span class='ocrx_word' id='word_1_21' title='bbox 1197 228 1235 259; x_wconf 89' lang='lat' dir='ltr'>te</span> 
     </span>
     <span class='ocr_line' id='line_1_4' title="bbox 298 284 1370 336; baseline -0.005 -8"><span class='ocrx_word' id='word_1_22' title='bbox 298 303 385 328; x_wconf 86' lang='lat' dir='ltr'>eam</span> <span class='ocrx_word' id='word_1_23' title='bbox 408 290 488 328; x_wconf 78' lang='lat' dir='ltr'>non</span> <span class='ocrx_word' id='word_1_24' title='bbox 510 289 731 327; x_wconf 85' lang='lat' dir='ltr'>missurum.</span> <span class='ocrx_word' id='word_1_25' title='bbox 791 288 863 324; x_wconf 85' lang='lat' dir='ltr'>AL.</span> <span class='ocrx_word' id='word_1_26' title='bbox 896 286 992 336; x_wconf 87' lang='lat' dir='ltr'>quin</span> <span class='ocrx_word' id='word_1_27' title='bbox 1014 299 1131 336; x_wconf 88' lang='lat' dir='ltr'>eapse</span> <span class='ocrx_word' id='word_1_28' title='bbox 1151 287 1253 324; x_wconf 89' lang='lat' dir='ltr'>ultro</span> <span class='ocrx_word' id='word_1_29' title='bbox 1274 284 1370 323; x_wconf 92' lang='lat' dir='ltr'>mihi</span> 
     </span>
     <span class='ocr_line' id='line_1_5' title="bbox 299 350 1034 404; baseline -0.007 -11"><span class='ocrx_word' id='word_1_30' title='bbox 299 354 457 404; x_wconf 85' lang='lat' dir='ltr'>negauit</span> <span class='ocrx_word' id='word_1_31' title='bbox 478 354 574 392; x_wconf 90' lang='lat' dir='ltr'>eiius</span> <span class='ocrx_word' id='word_1_32' title='bbox 596 366 757 403; x_wconf 83' lang='lat' dir='ltr'>operam</span> <span class='ocrx_word' id='word_1_33' title='bbox 778 365 819 390; x_wconf 90' lang='lat' dir='ltr'>se</span> <span class='ocrx_word' id='word_1_34' title='bbox 841 350 1034 389; x_wconf 89' lang='lat' dir='ltr'>morarier.</span> 
     </span>
     <span class='ocr_line' id='line_1_6' title="bbox 301 415 1428 469; baseline -0.004 -12"><span class='ocrx_word' id='word_1_35' title='bbox 301 421 371 457; x_wconf 77' lang='lat' dir='ltr'>Lv.</span> <span class='ocrx_word' id='word_1_36' title='bbox 404 419 499 469; x_wconf 89' lang='lat' dir='ltr'>quin</span> <span class='ocrx_word' id='word_1_37' title='bbox 520 432 637 468; x_wconf 84' lang='lat' dir='ltr'>eapse</span> <span class='ocrx_word' id='word_1_38' title='bbox 659 431 721 456; x_wconf 93' lang='lat' dir='ltr'>me</span> <span class='ocrx_word' id='word_1_39' title='bbox 741 416 938 467; x_wconf 86' lang='lat' dir='ltr'>adlegauit</span> <span class='ocrx_word' id='word_1_40' title='bbox 959 415 1027 466; x_wconf 85' lang='lat' dir='ltr'>qui</span> <span class='ocrx_word' id='word_1_41' title='bbox 1047 415 1161 454; x_wconf 86' lang='lat' dir='ltr'>istam</span> <span class='ocrx_word' id='word_1_42' title='bbox 1181 428 1428 454; x_wconf 77' lang='lat' dir='ltr'>arcesserem.</span> 
     </span>
    </p>

    <p class='ocr_par' dir='ltr' id='par_1_3' title="bbox 243 477 1716 534">
     <span class='ocr_line' id='line_1_7' title="bbox 243 477 1716 534; baseline -0.005 -11"><span class='ocrx_word' id='word_1_43' title='bbox 243 503 278 533; x_wconf 87' lang='lat'>15</span> <span class='ocrx_word' id='word_1_44' title='bbox 301 486 373 522; x_wconf 87' lang='lat' dir='ltr'>AL.</span> <span class='ocrx_word' id='word_1_45' title='bbox 406 484 501 534; x_wconf 84' lang='lat' dir='ltr'>quin</span> <span class='ocrx_word' id='word_1_46' title='bbox 541 483 652 521; x_wconf 90' lang='lat' dir='ltr'>nihili</span> <span class='ocrx_word' id='word_1_47' title='bbox 691 482 803 521; x_wconf 85' lang='lat' dir='ltr'>facio.</span> <span class='ocrx_word' id='word_1_48' title='bbox 878 483 946 520; x_wconf 73' lang='grc' dir='ltr'>ΙΝ.</span> <span class='ocrx_word' id='word_1_49' title='bbox 979 480 1075 531; x_wconf 88' lang='lat' dir='ltr'>quin</span> <span class='ocrx_word' id='word_1_50' title='bbox 1114 494 1178 519; x_wconf 90' lang='lat' dir='ltr'>me</span> <span class='ocrx_word' id='word_1_51' title='bbox 1216 479 1357 530; x_wconf 89' lang='lat' dir='ltr'>perdis.</span> <span class='ocrx_word' id='word_1_52' title='bbox 1430 480 1503 516; x_wconf 91' lang='lat' dir='ltr'>AL.</span> <span class='ocrx_word' id='word_1_53' title='bbox 1535 477 1631 528; x_wconf 89' lang='lat' dir='ltr'>quin</span> <span class='ocrx_word' id='word_1_54' title='bbox 1651 482 1716 528; x_wconf 85' lang='grc'>605</span> 
     </span>
    </p>

    <p class='ocr_par' dir='ltr' id='par_1_4' title="bbox 1481 544 1631 589">
     <span class='ocr_line' id='line_1_8' title="bbox 1481 544 1631 589; baseline -0.007 -8"><span class='ocrx_word' id='word_1_55' title='bbox 1481 544 1631 589; x_wconf 88' lang='lat' dir='ltr'>benest,</span> 
     </span>
    </p>

    <p class='ocr_par' dir='ltr' id='par_1_5' title="bbox 300 610 1630 860">
     <span class='ocr_line' id='line_1_9' title="bbox 300 610 1242 665; baseline -0.005 -12"><span class='ocrx_word' id='word_1_56' title='bbox 300 614 395 665; x_wconf 88' lang='lat' dir='ltr'>quin</span> <span class='ocrx_word' id='word_1_57' title='bbox 417 614 535 653; x_wconf 86' lang='lat' dir='ltr'>etiam</span> <span class='ocrx_word' id='word_1_58' title='bbox 556 613 624 653; x_wconf 87' lang='lat' dir='ltr'>diu</span> <span class='ocrx_word' id='word_1_59' title='bbox 645 613 839 660; x_wconf 87' lang='lat' dir='ltr'>morabor,</span> <span class='ocrx_word' id='word_1_60' title='bbox 863 611 958 662; x_wconf 90' lang='lat' dir='ltr'>quin</span> <span class='ocrx_word' id='word_1_61' title='bbox 979 610 1098 661; x_wconf 78' lang='lat' dir='ltr'>cupio</span> <span class='ocrx_word' id='word_1_62' title='bbox 1118 610 1242 649; x_wconf 83' lang='lat' dir='ltr'>tibi——</span> 
     </span>
     <span class='ocr_line' id='line_1_10' title="bbox 301 672 1630 730; baseline -0.006 -12"><span class='ocrx_word' id='word_1_63' title='bbox 301 681 369 717; x_wconf 65' lang='grc' dir='ltr'>ΙΝ.</span> <span class='ocrx_word' id='word_1_64' title='bbox 394 679 619 730; x_wconf 83' lang='lat' dir='ltr'>quin—AL.</span> <span class='ocrx_word' id='word_1_65' title='bbox 642 677 792 728; x_wconf 86' lang='lat' dir='ltr'>aliquid</span> <span class='ocrx_word' id='word_1_66' title='bbox 807 690 920 726; x_wconf 83' lang='lat' dir='ltr'>aegre</span> <span class='ocrx_word' id='word_1_67' title='bbox 934 678 1071 715; x_wconf 86' lang='lat' dir='ltr'>facere.</span> <span class='ocrx_word' id='word_1_68' title='bbox 1119 677 1189 713; x_wconf 74' lang='lat' dir='ltr'>Lv.</span> <span class='ocrx_word' id='word_1_69' title='bbox 1213 674 1309 725; x_wconf 87' lang='lat' dir='ltr'>quin</span> <span class='ocrx_word' id='word_1_70' title='bbox 1325 673 1465 712; x_wconf 85' lang='lat' dir='ltr'>faciam</span> <span class='ocrx_word' id='word_1_71' title='bbox 1479 672 1630 711; x_wconf 87' lang='lat' dir='ltr'>lubens.</span> 
     </span>
     <span class='ocr_line' id='line_1_11' title="bbox 300 739 1383 795; baseline -0.006 -12"><span class='ocrx_word' id='word_1_72' title='bbox 300 759 518 795; x_wconf 79' lang='lat' dir='ltr'>numquam</span> <span class='ocrx_word' id='word_1_73' title='bbox 539 744 610 783; x_wconf 86' lang='lat' dir='ltr'>tibi</span> <span class='ocrx_word' id='word_1_74' title='bbox 631 743 751 782; x_wconf 91' lang='lat' dir='ltr'>hodie</span> <span class='ocrx_word' id='word_1_75' title='bbox 774 746 782 762; x_wconf 87' lang='lat'>‘</span> <span class='ocrx_word' id='word_1_76' title='bbox 797 742 914 792; x_wconf 87' lang='lat' dir='ltr'>quin&#39;</span> <span class='ocrx_word' id='word_1_77' title='bbox 935 741 1006 780; x_wconf 90' lang='lat' dir='ltr'>erit</span> <span class='ocrx_word' id='word_1_78' title='bbox 1027 743 1113 791; x_wconf 89' lang='lat' dir='ltr'>plus</span> <span class='ocrx_word' id='word_1_79' title='bbox 1134 754 1254 790; x_wconf 88' lang='lat' dir='ltr'>quam</span> <span class='ocrx_word' id='word_1_80' title='bbox 1276 739 1383 777; x_wconf 86' lang='lat' dir='ltr'>mihi.</span> 
     </span>
     <span class='ocr_line' id='line_1_12' title="bbox 300 805 1389 860; baseline -0.006 -11"><span class='ocrx_word' id='word_1_81' title='bbox 300 813 372 848; x_wconf 86' lang='lat' dir='ltr'>AL.</span> <span class='ocrx_word' id='word_1_82' title='bbox 406 809 501 860; x_wconf 88' lang='lat' dir='ltr'>quin</span> <span class='ocrx_word' id='word_1_83' title='bbox 523 811 653 848; x_wconf 89' lang='lat' dir='ltr'>hercle</span> <span class='ocrx_word' id='word_1_84' title='bbox 673 808 713 847; x_wconf 89' lang='lat' dir='ltr'>di</span> <span class='ocrx_word' id='word_1_85' title='bbox 735 816 773 846; x_wconf 88' lang='lat' dir='ltr'>te</span> <span class='ocrx_word' id='word_1_86' title='bbox 793 808 961 857; x_wconf 86' lang='lat' dir='ltr'>perdant</span> <span class='ocrx_word' id='word_1_87' title='bbox 980 813 1181 857; x_wconf 85' lang='lat' dir='ltr'>postremo</span> <span class='ocrx_word' id='word_1_88' title='bbox 1202 805 1363 855; x_wconf 86' lang='lat' dir='ltr'>quidem</span> <span class='ocrx_word' id='word_1_89' title='bbox 1384 807 1389 842; x_wconf 88' lang='lat'>!</span> 
     </span>
    </p>

    <p class='ocr_par' dir='ltr' id='par_1_6' title="bbox 241 867 1723 1173">
     <span class='ocr_line' id='line_1_13' title="bbox 241 867 1723 925; baseline -0.007 -12"><span class='ocrx_word' id='word_1_90' title='bbox 241 892 282 913; x_wconf 87' lang='lat'>20</span> <span class='ocrx_word' id='word_1_91' title='bbox 301 877 371 913; x_wconf 68' lang='lat' dir='ltr'>Lv.</span> <span class='ocrx_word' id='word_1_92' title='bbox 404 875 501 925; x_wconf 89' lang='lat' dir='ltr'>quid</span> <span class='ocrx_word' id='word_1_93' title='bbox 522 876 657 912; x_wconf 89' lang='lat' dir='ltr'>nunc?</span> <span class='ocrx_word' id='word_1_94' title='bbox 687 873 928 911; x_wconf 83' lang='lat' dir='ltr'>missurusne</span> <span class='ocrx_word' id='word_1_95' title='bbox 948 885 989 910; x_wconf 92' lang='lat' dir='ltr'>es</span> <span class='ocrx_word' id='word_1_96' title='bbox 1010 872 1060 909; x_wconf 91' lang='lat' dir='ltr'>ad</span> <span class='ocrx_word' id='word_1_97' title='bbox 1081 884 1145 908; x_wconf 85' lang='lat' dir='ltr'>me</span> <span class='ocrx_word' id='word_1_98' title='bbox 1165 883 1326 908; x_wconf 83' lang='lat' dir='ltr'>uxorem</span> <span class='ocrx_word' id='word_1_99' title='bbox 1348 869 1486 907; x_wconf 85' lang='lat' dir='ltr'>tuam?</span> <span class='ocrx_word' id='word_1_100' title='bbox 1652 867 1723 902; x_wconf 88' lang='lat'>610</span> 
     </span>
     <span class='ocr_line' id='line_1_14' title="bbox 301 937 1359 989; baseline -0.008 -10"><span class='ocrx_word' id='word_1_101' title='bbox 301 943 373 978; x_wconf 90' lang='lat' dir='ltr'>AL.</span> <span class='ocrx_word' id='word_1_102' title='bbox 406 942 540 987; x_wconf 89' lang='lat' dir='ltr'>ducas,</span> <span class='ocrx_word' id='word_1_103' title='bbox 563 952 708 989; x_wconf 86' lang='lat' dir='ltr'>easque</span> <span class='ocrx_word' id='word_1_104' title='bbox 729 938 769 976; x_wconf 91' lang='lat' dir='ltr'>in</span> <span class='ocrx_word' id='word_1_105' title='bbox 790 950 1015 975; x_wconf 80' lang='lat' dir='ltr'>maxumam</span> <span class='ocrx_word' id='word_1_106' title='bbox 1037 937 1181 973; x_wconf 87' lang='lat' dir='ltr'>malam</span> <span class='ocrx_word' id='word_1_107' title='bbox 1202 947 1359 973; x_wconf 82' lang='lat' dir='ltr'>crucem</span> 
     </span>
     <span class='ocr_line' id='line_1_15' title="bbox 300 1001 1307 1053; baseline -0.007 -9"><span class='ocrx_word' id='word_1_108' title='bbox 300 1020 391 1044; x_wconf 91' lang='lat' dir='ltr'>cum</span> <span class='ocrx_word' id='word_1_109' title='bbox 412 1006 486 1044; x_wconf 75' lang='lat' dir='ltr'>hac</span> <span class='ocrx_word' id='word_1_110' title='bbox 507 1019 598 1044; x_wconf 91' lang='lat' dir='ltr'>cum</span> <span class='ocrx_word' id='word_1_111' title='bbox 620 1006 727 1052; x_wconf 80' lang='lat' dir='ltr'>istac,</span> <span class='ocrx_word' id='word_1_112' title='bbox 751 1016 922 1053; x_wconf 89' lang='lat' dir='ltr'>cumque</span> <span class='ocrx_word' id='word_1_113' title='bbox 943 1001 1071 1040; x_wconf 86' lang='lat' dir='ltr'>amica</span> <span class='ocrx_word' id='word_1_114' title='bbox 1092 1001 1210 1039; x_wconf 86' lang='lat' dir='ltr'>etiam</span> <span class='ocrx_word' id='word_1_115' title='bbox 1231 1008 1307 1038; x_wconf 92' lang='lat' dir='ltr'>tua.</span> 
     </span>
     <span class='ocr_line' id='line_1_16' title="bbox 299 1065 1306 1118; baseline -0.007 -9"><span class='ocrx_word' id='word_1_116' title='bbox 299 1070 364 1109; x_wconf 87' lang='lat' dir='ltr'>abi</span> <span class='ocrx_word' id='word_1_117' title='bbox 385 1078 422 1109; x_wconf 92' lang='lat' dir='ltr'>et</span> <span class='ocrx_word' id='word_1_118' title='bbox 442 1070 550 1108; x_wconf 84' lang='lat' dir='ltr'>aliud</span> <span class='ocrx_word' id='word_1_119' title='bbox 571 1083 674 1116; x_wconf 86' lang='lat' dir='ltr'>cura,</span> <span class='ocrx_word' id='word_1_120' title='bbox 697 1082 770 1118; x_wconf 81' lang='lat' dir='ltr'>ego</span> <span class='ocrx_word' id='word_1_121' title='bbox 791 1068 868 1105; x_wconf 89' lang='lat' dir='ltr'>iam</span> <span class='ocrx_word' id='word_1_122' title='bbox 889 1080 958 1117; x_wconf 91' lang='lat' dir='ltr'>per</span> <span class='ocrx_word' id='word_1_123' title='bbox 978 1068 1136 1104; x_wconf 87' lang='lat' dir='ltr'>hortu’m</span> <span class='ocrx_word' id='word_1_124' title='bbox 1157 1065 1306 1103; x_wconf 90' lang='lat' dir='ltr'>iussero</span> 
     </span>
     <span class='ocr_line' id='line_1_17' title="bbox 301 1133 1367 1173; baseline -0.007 1"><span class='ocrx_word' id='word_1_125' title='bbox 301 1149 430 1173; x_wconf 85' lang='lat' dir='ltr'>meam</span> <span class='ocrx_word' id='word_1_126' title='bbox 451 1135 551 1173; x_wconf 87' lang='lat' dir='ltr'>istuc</span> <span class='ocrx_word' id='word_1_127' title='bbox 572 1133 734 1172; x_wconf 88' lang='lat' dir='ltr'>transire</span> <span class='ocrx_word' id='word_1_128' title='bbox 755 1146 915 1170; x_wconf 82' lang='lat' dir='ltr'>uxorem</span> <span class='ocrx_word' id='word_1_129' title='bbox 936 1133 988 1170; x_wconf 91' lang='lat' dir='ltr'>ad</span> <span class='ocrx_word' id='word_1_130' title='bbox 1008 1144 1170 1169; x_wconf 87' lang='lat' dir='ltr'>uxorem</span> <span class='ocrx_word' id='word_1_131' title='bbox 1192 1138 1367 1168; x_wconf 77' lang='lat' dir='ltr'>tuam.——</span> 
     </span>
    </p>

    <p class='ocr_par' dir='ltr' id='par_1_7' title="bbox 243 1196 1719 1248">
     <span class='ocr_line' id='line_1_18' title="bbox 243 1196 1719 1248; baseline -0.007 -8"><span class='ocrx_word' id='word_1_132' title='bbox 243 1216 280 1248; x_wconf 86' lang='lat'>25</span> <span class='ocrx_word' id='word_1_133' title='bbox 302 1202 370 1239; x_wconf 76' lang='lat' dir='ltr'>Lv.</span> <span class='ocrx_word' id='word_1_134' title='bbox 404 1213 510 1239; x_wconf 88' lang='lat' dir='ltr'>nunc</span> <span class='ocrx_word' id='word_1_135' title='bbox 530 1208 572 1238; x_wconf 92' lang='lat' dir='ltr'>tu</span> <span class='ocrx_word' id='word_1_136' title='bbox 594 1199 648 1237; x_wconf 89' lang='lat' dir='ltr'>mi</span> <span class='ocrx_word' id='word_1_137' title='bbox 667 1198 817 1237; x_wconf 90' lang='lat' dir='ltr'>amicus</span> <span class='ocrx_word' id='word_1_138' title='bbox 838 1211 879 1235; x_wconf 86' lang='lat' dir='ltr'>es</span> <span class='ocrx_word' id='word_1_139' title='bbox 901 1197 939 1235; x_wconf 91' lang='lat' dir='ltr'>in</span> <span class='ocrx_word' id='word_1_140' title='bbox 960 1209 1191 1247; x_wconf 87' lang='lat' dir='ltr'>germanum</span> <span class='ocrx_word' id='word_1_141' title='bbox 1213 1196 1388 1234; x_wconf 89' lang='lat' dir='ltr'>modum.</span> <span class='ocrx_word' id='word_1_142' title='bbox 1651 1196 1719 1242; x_wconf 87' lang='lat'>615</span> 
     </span>
    </p>
   </div>
   <div class='ocr_carea' id='block_1_3' title="bbox 298 1323 1464 1509">
    <p class='ocr_par' dir='ltr' id='par_1_8' title="bbox 298 1323 1464 1509">
     <span class='ocr_line' id='line_1_19' title="bbox 300 1323 1373 1378; baseline -0.007 -12"><span class='ocrx_word' id='word_1_143' title='bbox 300 1341 378 1378; x_wconf 87' lang='lat' dir='ltr'>qua</span> <span class='ocrx_word' id='word_1_144' title='bbox 399 1341 472 1377; x_wconf 87' lang='lat' dir='ltr'>ego</span> <span class='ocrx_word' id='word_1_145' title='bbox 492 1329 598 1365; x_wconf 88' lang='lat' dir='ltr'>hunc</span> <span class='ocrx_word' id='word_1_146' title='bbox 619 1339 795 1365; x_wconf 91' lang='lat' dir='ltr'>amorem</span> <span class='ocrx_word' id='word_1_147' title='bbox 817 1325 871 1363; x_wconf 89' lang='lat' dir='ltr'>mi</span> <span class='ocrx_word' id='word_1_148' title='bbox 892 1338 978 1364; x_wconf 88' lang='lat' dir='ltr'>esse</span> <span class='ocrx_word' id='word_1_149' title='bbox 998 1323 1063 1362; x_wconf 89' lang='lat' dir='ltr'>aui</span> <span class='ocrx_word' id='word_1_150' title='bbox 1084 1323 1215 1362; x_wconf 89' lang='lat' dir='ltr'>dicam</span> <span class='ocrx_word' id='word_1_151' title='bbox 1236 1323 1373 1361; x_wconf 89' lang='lat' dir='ltr'>datum</span> 
     </span>
     <span class='ocr_line' id='line_1_20' title="bbox 298 1385 1464 1443; baseline -0.007 -11"><span class='ocrx_word' id='word_1_152' title='bbox 298 1401 366 1432; x_wconf 84' lang='lat' dir='ltr'>aut</span> <span class='ocrx_word' id='word_1_153' title='bbox 386 1400 483 1443; x_wconf 85' lang='lat' dir='ltr'>quot</span> <span class='ocrx_word' id='word_1_154' title='bbox 504 1406 577 1443; x_wconf 81' lang='lat' dir='ltr'>ego</span> <span class='ocrx_word' id='word_1_155' title='bbox 597 1405 787 1441; x_wconf 86' lang='lat' dir='ltr'>umquam</span> <span class='ocrx_word' id='word_1_156' title='bbox 809 1404 898 1441; x_wconf 84' lang='lat' dir='ltr'>erga</span> <span class='ocrx_word' id='word_1_157' title='bbox 919 1392 1116 1428; x_wconf 86' lang='lat' dir='ltr'>Venerem</span> <span class='ocrx_word' id='word_1_158' title='bbox 1137 1388 1271 1438; x_wconf 87' lang='lat' dir='ltr'>inique</span> <span class='ocrx_word' id='word_1_159' title='bbox 1291 1385 1464 1434; x_wconf 80' lang='lat' dir='ltr'>fecerim,</span> 
     </span>
     <span class='ocr_line' id='line_1_21' title="bbox 300 1453 1365 1509; baseline -0.008 -12"><span class='ocrx_word' id='word_1_160' title='bbox 300 1458 395 1509; x_wconf 89' lang='lat' dir='ltr'>quoi</span> <span class='ocrx_word' id='word_1_161' title='bbox 416 1458 471 1497; x_wconf 89' lang='lat' dir='ltr'>sic</span> <span class='ocrx_word' id='word_1_162' title='bbox 492 1465 549 1496; x_wconf 84' lang='lat' dir='ltr'>tot</span> <span class='ocrx_word' id='word_1_163' title='bbox 569 1456 718 1496; x_wconf 86' lang='lat' dir='ltr'>amanti</span> <span class='ocrx_word' id='word_1_164' title='bbox 739 1456 793 1494; x_wconf 90' lang='lat' dir='ltr'>mi</span> <span class='ocrx_word' id='word_1_165' title='bbox 814 1455 975 1494; x_wconf 89' lang='lat' dir='ltr'>obuiam</span> <span class='ocrx_word' id='word_1_166' title='bbox 997 1453 1182 1493; x_wconf 89' lang='lat' dir='ltr'>eueniant</span> <span class='ocrx_word' id='word_1_167' title='bbox 1204 1453 1365 1491; x_wconf 87' lang='lat' dir='ltr'>morae?</span> 
     </span>
    </p>
   </div>
   <div class='ocr_carea' id='block_1_4' title="bbox 241 1523 1723 1741">
    <p class='ocr_par' dir='ltr' id='par_1_9' title="bbox 241 1523 1723 1741">
     <span class='ocr_line' id='line_1_22' title="bbox 787 1523 908 1559; baseline -0.008 0"><span class='ocrx_word' id='word_1_168' title='bbox 787 1528 883 1559; x_wconf 87' lang='lat' dir='ltr'>attat</span> <span class='ocrx_word' id='word_1_169' title='bbox 902 1523 908 1558; x_wconf 76' lang='lat'>1</span> 
     </span>
     <span class='ocr_line' id='line_1_23' title="bbox 241 1581 1723 1640; baseline -0.009 -11"><span class='ocrx_word' id='word_1_170' title='bbox 241 1609 284 1638; x_wconf 84' lang='lat'>30</span> <span class='ocrx_word' id='word_1_171' title='bbox 301 1589 397 1640; x_wconf 87' lang='lat' dir='ltr'>quid</span> <span class='ocrx_word' id='word_1_172' title='bbox 418 1589 509 1627; x_wconf 78' lang='lat' dir='ltr'>illuc</span> <span class='ocrx_word' id='word_1_173' title='bbox 530 1587 723 1635; x_wconf 87' lang='lat' dir='ltr'>clamoris,</span> <span class='ocrx_word' id='word_1_174' title='bbox 746 1599 921 1637; x_wconf 85' lang='lat' dir='ltr'>opsecro,</span> <span class='ocrx_word' id='word_1_175' title='bbox 945 1585 985 1623; x_wconf 92' lang='lat' dir='ltr'>in</span> <span class='ocrx_word' id='word_1_176' title='bbox 1006 1590 1175 1623; x_wconf 80' lang='lat' dir='ltr'>nostrast</span> <span class='ocrx_word' id='word_1_177' title='bbox 1196 1583 1347 1622; x_wconf 88' lang='lat' dir='ltr'>domo?</span> <span class='ocrx_word' id='word_1_178' title='bbox 1652 1581 1723 1616; x_wconf 89' lang='lat'>620</span> 
     </span>
     <span class='ocr_line' id='line_1_24' title="bbox 252 1700 1369 1741; baseline -0.007 0"><span class='ocrx_word' id='word_1_179' title='bbox 252 1716 282 1741; x_wconf 91' lang='lat' dir='ltr'>v</span> <span class='ocrx_word' id='word_1_180' title='bbox 568 1703 931 1739; x_wconf 84' lang='lat' dir='ltr'>PARDALISCA</span> <span class='ocrx_word' id='word_1_181' title='bbox 1043 1700 1369 1736; x_wconf 75' lang='lat' dir='ltr'>LverAMvs</span> 
     </span>
    </p>
   </div>
   <div class='ocr_carea' id='block_1_5' title="bbox 263 1776 1718 2091">
    <p class='ocr_par' dir='ltr' id='par_1_10' title="bbox 263 1776 1718 2091">
     <span class='ocr_line' id='line_1_25' title="bbox 410 1776 1381 1830; baseline -0.008 -8"><span class='ocrx_word' id='word_1_182' title='bbox 410 1785 479 1822; x_wconf 83' lang='lat' dir='ltr'>PA.</span> <span class='ocrx_word' id='word_1_183' title='bbox 513 1785 633 1822; x_wconf 90' lang='lat' dir='ltr'>Nulla</span> <span class='ocrx_word' id='word_1_184' title='bbox 653 1797 751 1830; x_wconf 89' lang='lat' dir='ltr'>sum,</span> <span class='ocrx_word' id='word_1_185' title='bbox 774 1784 881 1820; x_wconf 81' lang='lat' dir='ltr'>nulla</span> <span class='ocrx_word' id='word_1_186' title='bbox 902 1794 1000 1828; x_wconf 91' lang='lat' dir='ltr'>sum,</span> <span class='ocrx_word' id='word_1_187' title='bbox 1023 1787 1115 1826; x_wconf 86' lang='lat' dir='ltr'>tota,</span> <span class='ocrx_word' id='word_1_188' title='bbox 1139 1786 1222 1817; x_wconf 85' lang='lat' dir='ltr'>tota</span> <span class='ocrx_word' id='word_1_189' title='bbox 1241 1776 1381 1823; x_wconf 90' lang='lat' dir='ltr'>occidi,</span> 
     </span>
     <span class='ocr_line' id='line_1_26' title="bbox 408 1844 1464 1895; baseline -0.009 -7"><span class='ocrx_word' id='word_1_190' title='bbox 408 1863 475 1888; x_wconf 91' lang='lat' dir='ltr'>cor</span> <span class='ocrx_word' id='word_1_191' title='bbox 496 1856 603 1887; x_wconf 87' lang='lat' dir='ltr'>metu</span> <span class='ocrx_word' id='word_1_192' title='bbox 624 1855 874 1895; x_wconf 85' lang='lat' dir='ltr'>mortuomst‚</span> <span class='ocrx_word' id='word_1_193' title='bbox 894 1846 1073 1885; x_wconf 87' lang='lat' dir='ltr'>membra</span> <span class='ocrx_word' id='word_1_194' title='bbox 1093 1844 1258 1882; x_wconf 85' lang='lat' dir='ltr'>miserae</span> <span class='ocrx_word' id='word_1_195' title='bbox 1278 1847 1448 1880; x_wconf 88' lang='lat' dir='ltr'>tremunt</span> <span class='ocrx_word' id='word_1_196' title='bbox 1454 1870 1464 1888; x_wconf 79' lang='lat'><strong><em>&gt;</em></strong></span> 
     </span>
     <span class='ocr_line' id='line_1_27' title="bbox 409 1908 1196 1963; baseline -0.009 -9"><span class='ocrx_word' id='word_1_197' title='bbox 409 1915 544 1954; x_wconf 84' lang='lat' dir='ltr'>nescio</span> <span class='ocrx_word' id='word_1_198' title='bbox 564 1916 671 1953; x_wconf 88' lang='lat' dir='ltr'>unde</span> <span class='ocrx_word' id='word_1_199' title='bbox 691 1914 820 1960; x_wconf 82' lang='lat' dir='ltr'>auxili,</span> <span class='ocrx_word' id='word_1_200' title='bbox 842 1911 1022 1963; x_wconf 83' lang='lat' dir='ltr'>praesidi,</span> <span class='ocrx_word' id='word_1_201' title='bbox 1045 1908 1196 1960; x_wconf 85' lang='lat' dir='ltr'>perfugi</span> 
     </span>
     <span class='ocr_line' id='line_1_28' title="bbox 410 1978 1431 2029; baseline -0.01 -10"><span class='ocrx_word' id='word_1_202' title='bbox 410 1980 463 2018; x_wconf 89' lang='lat' dir='ltr'>mi</span> <span class='ocrx_word' id='word_1_203' title='bbox 483 1988 550 2018; x_wconf 92' lang='lat' dir='ltr'>aut</span> <span class='ocrx_word' id='word_1_204' title='bbox 571 1993 693 2029; x_wconf 90' lang='lat' dir='ltr'>opum</span> <span class='ocrx_word' id='word_1_205' title='bbox 715 1978 871 2029; x_wconf 89' lang='lat' dir='ltr'>copiam</span> <span class='ocrx_word' id='word_1_206' title='bbox 891 1989 1119 2027; x_wconf 89' lang='lat' dir='ltr'>comparem</span> <span class='ocrx_word' id='word_1_207' title='bbox 1139 1981 1206 2012; x_wconf 92' lang='lat' dir='ltr'>aut</span> <span class='ocrx_word' id='word_1_208' title='bbox 1226 1980 1407 2023; x_wconf 86' lang='lat' dir='ltr'>expetam</span> <span class='ocrx_word' id='word_1_209' title='bbox 1424 1986 1431 2009; x_wconf 91' lang='lat'><strong>:</strong></span> 
     </span>
     <span class='ocr_line' id='line_1_29' title="bbox 263 2032 1718 2091; baseline -0.009 -6"><span class='ocrx_word' id='word_1_210' title='bbox 263 2061 279 2091; x_wconf 88' lang='lat'>5</span> <span class='ocrx_word' id='word_1_211' title='bbox 410 2053 518 2083; x_wconf 86' lang='lat' dir='ltr'>tanta</span> <span class='ocrx_word' id='word_1_212' title='bbox 538 2047 643 2083; x_wconf 83' lang='lat' dir='ltr'>factu</span> <span class='ocrx_word' id='word_1_213' title='bbox 664 2045 787 2082; x_wconf 88' lang='lat' dir='ltr'>modo</span> <span class='ocrx_word' id='word_1_214' title='bbox 808 2042 905 2080; x_wconf 87' lang='lat' dir='ltr'>mira</span> <span class='ocrx_word' id='word_1_215' title='bbox 925 2040 1031 2079; x_wconf 88' lang='lat' dir='ltr'>miris</span> <span class='ocrx_word' id='word_1_216' title='bbox 1052 2039 1180 2078; x_wconf 91' lang='lat' dir='ltr'>modis</span> <span class='ocrx_word' id='word_1_217' title='bbox 1651 2032 1718 2078; x_wconf 84' lang='lat'>625</span> 
     </span>
    </p>
   </div>
   <div class='ocr_carea' id='block_1_6' title="bbox 238 2136 1633 2313">
    <p class='ocr_par' dir='ltr' id='par_1_11' title="bbox 345 2136 1630 2185">
     <span class='ocr_line' id='line_1_30' title="bbox 345 2136 1630 2185; baseline -0.011 -4"><span class='ocrx_word' id='word_1_218' title='bbox 345 2152 410 2181; x_wconf 87' lang='lat'>600</span> <span class='ocrx_word' id='word_1_219' title='bbox 435 2160 574 2180; x_wconf 86' lang='lat' dir='ltr'>uxorem</span> <span class='ocrx_word' id='word_1_220' title='bbox 592 2148 690 2179; x_wconf 78' lang='lat' dir='ltr'>semel</span> <span class='ocrx_word' id='word_1_221' title='bbox 703 2147 736 2177; x_wconf 88' lang='lat' dir='ltr'><em>P</em></span> <span class='ocrx_word' id='word_1_222' title='bbox 821 2147 886 2176; x_wconf 86' lang='lat'>602</span> <span class='ocrx_word' id='word_1_223' title='bbox 911 2145 1081 2185; x_wconf 87' lang='lat' dir='ltr'>eapsaltro</span> <span class='ocrx_word' id='word_1_224' title='bbox 1098 2142 1131 2173; x_wconf 82' lang='grc' dir='ltr'><em>Α</em></span> <span class='ocrx_word' id='word_1_225' title='bbox 1237 2142 1302 2179; x_wconf 87' lang='grc'>605</span> <span class='ocrx_word' id='word_1_226' title='bbox 1326 2140 1391 2179; x_wconf 80' lang='lat' dir='ltr'>Qui</span> <span class='ocrx_word' id='word_1_227' title='bbox 1411 2140 1453 2170; x_wconf 88' lang='lat' dir='ltr'>ni.</span> <span class='ocrx_word' id='word_1_228' title='bbox 1470 2138 1504 2169; x_wconf 87' lang='lat' dir='ltr'><em>P</em></span> <span class='ocrx_word' id='word_1_229' title='bbox 1516 2141 1552 2168; x_wconf 80' lang='lat' dir='ltr'>ut</span> <span class='ocrx_word' id='word_1_230' title='bbox 1567 2136 1630 2168; x_wconf 78' lang='lat' dir='ltr'>vid.</span> 
     </span>
    </p>

    <p class='ocr_par' dir='ltr' id='par_1_12' title="bbox 302 2180 1631 2233">
     <span class='ocr_line' id='line_1_31' title="bbox 302 2180 1631 2233; baseline -0.011 -8"><span class='ocrx_word' id='word_1_231' title='bbox 302 2196 365 2233; x_wconf 81' lang='lat'>613</span> <span class='ocrx_word' id='word_1_232' title='bbox 390 2193 516 2233; x_wconf 80' lang='lat' dir='ltr'>aliquid</span> <span class='ocrx_word' id='word_1_233' title='bbox 535 2193 568 2222; x_wconf 87' lang='lat' dir='ltr'><em>A</em></span> <span class='ocrx_word' id='word_1_234' title='bbox 711 2191 775 2221; x_wconf 91' lang='lat'>616</span> <span class='ocrx_word' id='word_1_235' title='bbox 797 2189 869 2229; x_wconf 81' lang='lat' dir='ltr'>aui]</span> <span class='ocrx_word' id='word_1_236' title='bbox 896 2193 953 2220; x_wconf 88' lang='lat' dir='ltr'>aut</span> <span class='ocrx_word' id='word_1_237' title='bbox 976 2187 1010 2217; x_wconf 90' lang='lat' dir='ltr'><em>P</em></span> <span class='ocrx_word' id='word_1_238' title='bbox 1027 2188 1085 2227; x_wconf 87' lang='lat' dir='ltr'>(vi,</span> <span class='ocrx_word' id='word_1_239' title='bbox 1105 2197 1135 2226; x_wconf 85' lang='lat' dir='ltr'>p.</span> <span class='ocrx_word' id='word_1_240' title='bbox 1165 2185 1223 2225; x_wconf 85' lang='lat'>86)</span> <span class='ocrx_word' id='word_1_241' title='bbox 1367 2185 1429 2221; x_wconf 87' lang='lat'>617</span> <span class='ocrx_word' id='word_1_242' title='bbox 1454 2182 1533 2222; x_wconf 87' lang='lat' dir='ltr'>quid</span> <span class='ocrx_word' id='word_1_243' title='bbox 1553 2180 1631 2212; x_wconf 74' lang='lat' dir='ltr'>Gro-</span> 
     </span>
    </p>

    <p class='ocr_par' dir='ltr' id='par_1_13' title="bbox 238 2225 1633 2313">
     <span class='ocr_line' id='line_1_32' title="bbox 238 2225 1633 2277; baseline -0.011 -7"><span class='ocrx_word' id='word_1_244' title='bbox 238 2246 245 2251; x_wconf 60' lang='grc'><strong><em>”</em></strong></span> <span class='ocrx_word' id='word_1_245' title='bbox 260 2245 268 2255; x_wconf 54' lang='lat'>⁸</span> <span class='ocrx_word' id='word_1_246' title='bbox 302 2239 419 2269; x_wconf 77' lang='lat' dir='ltr'>novius</span> <span class='ocrx_word' id='word_1_247' title='bbox 436 2237 540 2277; x_wconf 77' lang='lat' dir='ltr'>&lt;quod</span> <span class='ocrx_word' id='word_1_248' title='bbox 557 2235 665 2275; x_wconf 82' lang='lat' dir='ltr'>codd.)</span> <span class='ocrx_word' id='word_1_249' title='bbox 682 2246 688 2265; x_wconf 76' lang='grc' dir='ltr'>ε</span> <span class='ocrx_word' id='word_1_250' title='bbox 712 2234 801 2273; x_wconf 92' lang='lat' dir='ltr'>quod</span> <span class='ocrx_word' id='word_1_251' title='bbox 821 2236 932 2263; x_wconf 83' lang='lat' dir='ltr'>tuetur</span> <span class='ocrx_word' id='word_1_252' title='bbox 950 2231 1070 2262; x_wconf 78' lang='lat' dir='ltr'><em>Thulin</em></span> <span class='ocrx_word' id='word_1_253' title='bbox 1087 2230 1125 2261; x_wconf 82' lang='lat' dir='ltr'>de</span> <span class='ocrx_word' id='word_1_254' title='bbox 1139 2228 1334 2260; x_wconf 81' lang='lat' dir='ltr'><em>coniunctivo</em></span> <span class='ocrx_word' id='word_1_255' title='bbox 1351 2238 1383 2267; x_wconf 78' lang='lat' dir='ltr'>p,</span> <span class='ocrx_word' id='word_1_256' title='bbox 1407 2236 1467 2265; x_wconf 86' lang='lat'>137</span> <span class='ocrx_word' id='word_1_257' title='bbox 1568 2225 1633 2254; x_wconf 89' lang='lat'>618</span> 
     </span>
     <span class='ocr_line' id='line_1_33' title="bbox 302 2267 1633 2313; baseline -0.011 -1"><span class='ocrx_word' id='word_1_258' title='bbox 302 2286 352 2312; x_wconf 84' lang='lat' dir='ltr'>tot</span> <span class='ocrx_word' id='word_1_259' title='bbox 367 2292 433 2313; x_wconf 83' lang='lat' dir='ltr'>om.</span> <span class='ocrx_word' id='word_1_260' title='bbox 451 2280 484 2309; x_wconf 82' lang='lat' dir='ltr'><em>A</em></span> <span class='ocrx_word' id='word_1_261' title='bbox 575 2279 738 2309; x_wconf 86' lang='lat' dir='ltr'>eueniunt</span> <span class='ocrx_word' id='word_1_262' title='bbox 754 2277 787 2307; x_wconf 87' lang='lat' dir='ltr'><em>A</em></span> <span class='ocrx_word' id='word_1_263' title='bbox 922 2277 1123 2311; x_wconf 58' lang='lat' dir='ltr'>620mostra</span> <span class='ocrx_word' id='word_1_264' title='bbox 1138 2273 1237 2303; x_wconf 87' lang='lat' dir='ltr'>domo</span> <span class='ocrx_word' id='word_1_265' title='bbox 1253 2271 1340 2301; x_wconf 80' lang='lat' dir='ltr'>estP</span> <span class='ocrx_word' id='word_1_266' title='bbox 1457 2270 1521 2307; x_wconf 86' lang='lat'>625</span> <span class='ocrx_word' id='word_1_267' title='bbox 1545 2267 1633 2298; x_wconf 81' lang='lat' dir='ltr'>sactu</span> 
     </span>
    </p>
   </div>
   <div class='ocr_carea' id='block_1_7' title="bbox 303 2317 1076 2365">
    <p class='ocr_par' dir='ltr' id='par_1_14' title="bbox 303 2317 1076 2365">
     <span class='ocr_line' id='line_1_34' title="bbox 303 2317 1076 2365; baseline -0.012 -9"><span class='ocrx_word' id='word_1_268' title='bbox 303 2325 472 2365; x_wconf 79' lang='lat' dir='ltr'>Scioppius</span> <span class='ocrx_word' id='word_1_269' title='bbox 486 2335 492 2354; x_wconf 91' lang='lat'>:</span> <span class='ocrx_word' id='word_1_270' title='bbox 518 2323 613 2353; x_wconf 82' lang='lat' dir='ltr'>factis</span> <span class='ocrx_word' id='word_1_271' title='bbox 629 2321 716 2353; x_wconf 80' lang='lat' dir='ltr'><em>codd.</em></span> <span class='ocrx_word' id='word_1_272' title='bbox 809 2319 917 2360; x_wconf 83' lang='lat' dir='ltr'>miris]</span> <span class='ocrx_word' id='word_1_273' title='bbox 934 2318 1028 2349; x_wconf 85' lang='lat' dir='ltr'>ueris</span> <span class='ocrx_word' id='word_1_274' title='bbox 1045 2317 1076 2347; x_wconf 85' lang='lat' dir='ltr'><em>P</em></span> 
     </span>
    </p>
   </div>
  </div>
 </body>
</html>
