1742 2718
743 50 969 88 CAPTIVI
1453 57 1519 93 IV.
1542 56 1570 94 ii

297 165 488 207 quantum
510 166 568 197 est
589 158 794 196 hominum
816 167 1069 209 optumorum
1091 168 1264 212 optume,
1284 162 1322 201 in
1345 171 1521 214 tempore

1342 230 1518 268 aduenis.

243 289 321 325 ΗΕ.
346 287 600 338 nescioquem
616 289 666 327 ad
683 296 839 338 portum
856 298 993 328 nactus
1009 304 1050 329 es
1067 291 1133 330 ubi
1149 305 1276 339 cenes,
1292 306 1339 331 eo
1356 294 1516 332 fastidis.

187 353 259 390 ER.
292 354 392 391 cedo
428 366 600 391 manum.
660 355 739 390 HE.
778 356 967 392 manum?
1025 357 1098 393 ER.
1137 370 1308 405 manum,
1343 358 1514 408 inquam,

802 420 903 457 cedo
925 427 1031 458 tuam
1053 428 1240 460 actutum.
1300 425 1380 460 HE.
1414 431 1513 463 tene.

186 484 259 520 ER.
291 484 428 533 gaude.
491 484 570 521 HE.
604 483 699 533 quid
729 498 802 534 ego
831 486 1059 534 gaudeam?
1117 489 1190 524 ER.
1228 487 1319 538 quia
1348 502 1420 538 ego
1448 489 1515 527 im-

1010 564 1115 600 pero,
1138 565 1210 601 age
1229 554 1357 602 gaude
1379 555 1510 592 modo.

95 616 164 659 840
184 614 262 650 HE.
291 614 355 662 pol
373 627 567 652 maerores
585 613 635 651 mi
657 620 912 652 anteuortunt
932 615 1095 665 gaudiis.
1146 618 1219 655 ER.
1243 617 1324 655 noli
1345 617 1508 657 irascier.
1531 626 1575 657 60

180 676 255 715 iam
277 691 349 728 ego
371 692 418 716 ex
438 691 601 727 corpore
621 673 772 729 exigam
786 669 922 718 omnis
939 682 1112 719 maculas
1134 694 1352 720 maerorum
1375 683 1454 721 tibi.

176 743 304 792 gaude
324 744 520 781 audacter.
582 745 661 781 ΗΕ.
694 745 858 793 gaudeo,
883 744 955 782 etsi
982 745 1034 782 nil
1056 745 1137 784 scio
1158 748 1266 796 quod
1286 749 1489 797 gaudeam.

178 808 251 845 ER.
286 807 386 846 bene
418 807 523 846 facis.
567 804 571 806 ἡ
599 807 829 847 iube—HE.
875 809 973 860 quid
1007 809 1194 849 iubeam?
1263 814 1337 850 ER.
1381 814 1508 863 ignem

1196 876 1394 927 ingentem
1416 879 1508 917 fieri.

177 939 257 975 HE.
290 937 419 988 ignem
448 938 678 988 ingentem?
736 941 808 977 ER.
842 939 895 979 ita
918 941 1022 989 dico,
1045 955 1207 991 magnus
1235 950 1277 980 ut
1306 942 1364 981 sit.
1425 946 1505 982 HE.

1097 1007 1225 1056 quid?
1254 1022 1329 1054 me,
1351 1009 1504 1058 uolturi‚

87 1072 151 1117 845
175 1075 268 1106 tuan
288 1082 426 1108 caussa
445 1069 554 1108 aedis
575 1069 827 1109 incensurum
849 1085 985 1110 censes
1001 1074 1018 1109 ?
1076 1074 1149 1110 ER.
1182 1073 1262 1112 noli
1284 1073 1446 1113 irascier.
1524 1078 1565 1119 65

172 1132 292 1171 iuben
311 1147 361 1172 an
383 1147 463 1172 non
484 1134 595 1173 iubes
615 1135 747 1173 astitui
765 1137 884 1183 aulas,
907 1136 1059 1186 patinas
1080 1137 1168 1184 elui,

171 1198 338 1237 laridum
358 1202 669 1250 atque—epulas
690 1201 814 1239 foueri
836 1201 975 1240 foculis
997 1202 1268 1241 feruentibus?

169 1263 289 1302 alium
310 1264 427 1313 piscis
447 1259 886 1314 praestinatffiire?
946 1268 1026 1304 ΗΕ.
1051 1267 1114 1305 hic
1135 1267 1300 1318 uigilans
1317 1271 1496 1310 somniat.

171 1329 244 1366 ER.
276 1328 396 1367 alium
417 1329 620 1379 porcinam
641 1337 760 1380 atque
780 1330 964 1380 agninam
985 1339 1024 1369 et
1044 1333 1172 1381 pullos
1192 1333 1458 1382 gallinaceos?

82 1392 150 1437 850
171 1394 249 1431 ΗΕ.
282 1393 357 1433 scis
389 1394 491 1432 bene
529 1407 625 1441 esse,
658 1394 689 1432 si
728 1394 776 1433 sit
815 1396 931 1433 unde.
1000 1397 1075 1434 ER.
1107 1396 1345 1450 pern<ul>am
1378 1407 1496 1450 atque
1519 1411 1560 1446 70

1225 1466 1493 1514 opfflalmiam,

166 1524 365 1571 horaeum,
407 1525 633 1564 scombrum
673 1532 711 1564 et
754 1532 961 1575 trygonum
1000 1534 1037 1566 et
1083 1534 1213 1566 cetum
1253 1537 1291 1568 et
1335 1533 1496 1570 mollem

1309 1609 1467 1635 caseum
1481 1599 1498 1635 ?

169 1655 248 1691 HE.
281 1654 514 1694 nominandi
535 1656 698 1695 istorum
719 1656 790 1696 tibi
810 1657 881 1696 erit
902 1658 1015 1708 magi'
1037 1671 1155 1708 quam
1177 1660 1325 1699 edundi
1346 1662 1460 1712 copia

166 1718 229 1757 hic
255 1721 361 1770 apud
389 1720 492 1768 med,
517 1721 700 1772 Ergasile.
761 1724 835 1761 ER.
869 1736 984 1761 mean
1012 1736 1075 1761 me
1099 1737 1236 1762 caussa
1258 1726 1333 1764 hoc
1361 1741 1498 1767 censes

91 405 125 412 ..-

1337 1792 1468 1832 dicere
1481 1796 1498 1832 ?

168 1849 248 1886 HE.
280 1862 354 1888 nec
370 1849 467 1888 nihil
481 1850 600 1889 hodie
617 1865 690 1890 nec
707 1854 831 1891 multo
848 1852 935 1903 plus
952 1860 993 1891 tu
1010 1854 1073 1893 hic
1090 1856 1194 1902 edes,
1212 1869 1261 1894 ne
1275 1858 1413 1896 frustra
1430 1859 1491 1898 sis.

77 1912 98 1947 8
104 1920 120 1957 5
126 1921 143 1958 5
164 1912 276 1961 proin
297 1920 338 1952 tu
359 1914 415 1952 tui
435 1915 640 1954 cottidiani
660 1915 753 1955 uicti
775 1925 952 1956 uentrem
972 1920 1023 1957 ad
1044 1933 1107 1958 me
1126 1922 1290 1960 adferas.
1515 1935 1554 1971 75

164 1978 238 2015 ER.
271 1978 366 2028 quin
396 1979 449 2018 ita
477 1980 630 2028 faciam,
653 1989 695 2020 ut
722 1980 839 2034 <tu>te
868 1982 1002 2033 cupias
1032 1985 1158 2023 facere
1184 1994 1399 2037 sumptum,
1420 1988 1491 2027 etsi

1249 2065 1322 2102 ego
1343 2060 1488 2092 notem„

205 2147 269 2185 836
281 2147 363 2185 fort.
384 2146 446 2190 <ad
459 2147 535 2191 me)
551 2150 702 2190 aduenis,
722 2154 759 2180 ut
773 2151 896 2192 integer
903 2155 1107 2192 pentameter
1111 2154 1179 2192 fiat
1308 2157 1370 2196 845
1395 2158 1490 2189 aedis

164 2188 344 2221 Gruterus:
368 2191 381 2228 Γ
385 2191 454 2232 me]
486 2193 580 2224 aedis
607 2193 674 2225 cod.
707 2195 764 2234 (iv.
797 2194 834 2233 2)
975 2197 1040 2234 850
1077 2195 1299 2240 pern<ul>am
1334 2201 1489 2241 Geppert:

159 2242 299 2271 pernam
315 2233 380 2265 cod.
402 2236 454 2274 (cf.
470 2246 499 2266 v.
519 2236 599 2276 665)
689 2237 871 2276 opthalmia
887 2237 952 2269 cod.
1087 2240 1151 2278 853
1175 2251 1229 2271 me
1245 2242 1311 2274 cod.
1422 2246 1487 2284 855

159 2276 207 2306 tui
224 2281 258 2306 tu
276 2276 364 2307 codd.
380 2277 543 2309 Prisciani
557 2290 583 2318 1,
598 2281 662 2319 258
729 2289 792 2320 pro
809 2280 887 2311 uicti
904 2281 1090 2321 quotidiani
1107 2293 1160 2315 ue.
1180 2285 1222 2316 ad
1239 2296 1293 2316 me
1310 2287 1378 2317 ads.
1395 2287 1487 2321 codd.

158 2318 256 2349 Noun
272 2321 335 2358 484
468 2323 532 2361 856
556 2323 606 2353 vel
620 2324 669 2353 uti
758 2327 828 2354 tute
845 2324 994 2364 Bentley:
1021 2329 1054 2356 te
1071 2325 1136 2358 cod.

202 2373 320 2394 PLAVT.
342 2374 352 2394 1
1365 2373 1404 2403 15
