1742 2718
714 60 943 101 CAPTIVI
1428 56 1495 93 IV.
1519 54 1548 91 ii

221 178 229 194 ‘
244 173 306 211 hic
328 173 428 212 illest
448 185 567 211 senex
587 172 728 210 doctus
749 169 842 219 quoi
865 168 985 207 uerba
1005 169 1097 206 data
1117 169 1232 206 sunt.’

271 239 342 277 sed
365 237 561 288 Ergasilus
582 243 691 275 estne
713 235 776 273 hic
797 235 933 285 procul
955 247 1073 284 quern
1095 233 1246 272 uideo?

220 305 401 343 conlecto
421 302 583 353 quidem
604 309 663 340 est
683 300 812 351 pallio.
872 299 1063 349 quidnam
1083 299 1286 337 acturust?

78 388 148 424 790
276 372 348 408 ER.
373 382 490 406 moue
510 381 580 418 aps
601 375 639 405 te
660 379 809 405 moram
830 373 960 415 atque,
986 364 1172 414 Ergasile,
1192 377 1263 414 age
1283 364 1386 401 hanc
1407 375 1499 401 rem.
1526 379 1565 401 ιο

165 435 317 474 eminor
337 432 657 482 interminorque,
680 444 730 469 ne
752 428 873 482 [quis]
896 429 949 467 mi
970 428 1163 479 opstiterit
1183 428 1356 474 obuiam,

165 500 238 538 nisi
261 499 348 550 quis
368 498 452 537 sati’
472 497 540 536 diu
562 496 704 535 uixisse
724 509 810 534 sese
830 496 952 533 homo
972 493 1232 532 arbitrabitur.

166 579 258 604 nam
294 564 360 614 qui
395 562 589 613 opstiterit
621 575 686 600 ore
721 560 840 599 sistet.
912 561 994 597 HE.
1031 559 1094 597 hic
1127 560 1249 597 homo
1284 558 1501 608 pugilatum

1351 622 1499 672 incipit.

168 698 241 734 ER.
275 697 401 733 facere
418 699 617 732 certumst.
647 691 812 742 proinde
829 698 871 729 ut
887 703 1026 728 omnes
1047 689 1186 727 itinera
1206 688 1387 726 insistant
1409 701 1501 725 sua:

79 772 144 810 795
165 775 215 800 ne
236 760 325 810 quis
346 759 385 797 in
406 760 481 797 hac
501 760 631 808 platea
651 756 783 806 negoti
804 757 979 794 conferat
1000 754 1214 804 quicquam
1237 753 1306 792 sui.
1528 766 1562 797 15

164 840 255 865 nam
278 832 449 864 meumst
470 814 624 863 ballista
644 836 832 873 pugnum,
851 820 1007 859 cubitus
1029 821 1264 869 catapultast
1286 818 1395 865 mihi,

164 904 322 929 umerus
342 889 452 936 aries,
476 896 559 926 tum
580 901 683 938 genu
705 888 755 925 ad
776 887 934 936 quemq’
956 885 1084 923 iecero
1104 885 1155 923 ad
1176 891 1316 922 terram
1338 884 1456 930 dabo,

165 956 384 1006 dentilegos
405 953 534 994 omnis
555 952 729 992 mortalis
750 952 902 998 faciam,
926 963 1126 1001 quemque
1147 951 1361 989 offendero.

167 1024 248 1060 HE.
279 1020 380 1071 quae
401 1020 513 1058 illaec
533 1018 758 1058 eminatiost
778 1031 869 1055 narn
886 1019 902 1054 ?
931 1030 1088 1066 nequeo
1109 1015 1237 1053 mirari
1259 1014 1360 1053 satis.

80 1095 148 1128 800
167 1089 240 1125 ER.
274 1086 413 1125 faciam
435 1093 477 1124 ut
498 1084 613 1123 huius
635 1083 713 1123 diei
738 1084 893 1133 locique
914 1081 1072 1131 meique
1094 1094 1247 1131 semper
1267 1080 1499 1119 meminerit.
1525 1097 1566 1120 20

165 1152 232 1203 qui
262 1151 358 1190 mihi
386 1151 425 1189 in
455 1153 570 1189 cursu
593 1146 830 1202 [opstiterit],
854 1149 942 1186 faxo
969 1146 1073 1185 uitae
1100 1146 1132 1184 is
1162 1147 1360 1196 externplo
1387 1144 1503 1195 opsti-

1288 1210 1376 1249 terit
1397 1223 1499 1248 suae.

167 1286 247 1322 HE.
280 1282 375 1334 quid
390 1281 453 1321 hic
470 1282 591 1320 homo
603 1287 757 1319 tantum
770 1277 962 1329 incipissit
977 1279 1104 1316 facere
1120 1290 1210 1315 curn
1227 1275 1344 1315 tantis
1359 1274 1504 1313 minis?

167 1352 242 1388 ER.
274 1348 379 1399 prius
400 1347 525 1394 edico,
548 1361 599 1386 ne
619 1345 707 1396 quis
727 1352 886 1396 propter
905 1345 1062 1394 culpam
1083 1342 1258 1393 capiatur
1279 1355 1389 1380 suam
1406 1357 1413 1380 :

166 1414 366 1453 continete
387 1426 458 1452 uos
480 1411 600 1459 domi,
623 1410 830 1462 prohibete
849 1423 873 1448 a
892 1408 1007 1448 uobis
1027 1407 1109 1446 uim
1131 1421 1271 1446 meam.

80 1486 145 1529 805
167 1481 248 1518 HE.
280 1479 379 1517 mira
405 1478 547 1528 edepol
575 1483 665 1515 sunt
685 1477 727 1514 ni
749 1474 813 1513 hic
839 1474 880 1512 in
907 1480 1085 1513 uentrem
1113 1472 1280 1523 sumpsit
1299 1473 1504 1523 confiden—
1526 1484 1564 1516 25

1398 1536 1502 1575 tiam.

167 1624 239 1650 uae
260 1610 402 1649 misero
423 1608 488 1655 illi,
510 1607 653 1658 quoius
674 1606 764 1646 cibo
785 1605 857 1645 iste
877 1607 1020 1644 factust
1040 1603 1286 1655 imperiosior
1304 1605 1311 1641 1

168 1677 242 1714 ER.
275 1683 358 1714 turn
379 1677 544 1725 pistores
565 1671 801 1723 scrofipasci‚
824 1672 892 1721 qui
911 1672 1022 1709 alunt
1042 1668 1254 1708 furfuribus
1275 1681 1376 1715 sues,

168 1754 333 1791 quarum
354 1742 476 1779 odore
496 1738 704 1790 praeterire
723 1751 843 1776 nemo
863 1736 1071 1787 pistrinum
1095 1741 1225 1786 potest
1242 1749 1249 1772 z

169 1820 304 1845 eorum
325 1806 357 1844 si
377 1805 656 1856 quoiiusquam
676 1805 845 1842 scrofam
866 1802 905 1840 in
927 1801 1088 1853 publico
1108 1813 1361 1850 conspexero,

83 1879 151 1913 810
170 1886 216 1911 ex
235 1872 329 1923 ipsis
349 1871 522 1911 dominis
542 1870 639 1910 meis
660 1870 801 1921 pugnis
822 1870 1037 1908 exculcabo
1058 1870 1233 1907 furfures.
1523 1874 1565 1905 30

173 1939 253 1976 HE.
285 1937 464 1976 basilicas
485 1936 703 1976 edictiones
722 1943 841 1986 atque
861 1935 1090 1986 imperiosas
1110 1934 1231 1972 habet
1250 1949 1257 1972 :

217 2043 278 2082 787
304 2042 423 2073 ductus
447 2041 512 2073 cod.
534 2041 580 2083 (v.
603 2042 656 2081 12)
793 2051 856 2079 790
880 2050 1007 2070 moram
1022 2036 1195 2081 (moram)
1209 2036 1334 2068 Schoell
1444 2047 1503 2076 791

173 2087 249 2125 quis
280 2085 338 2117 del.
375 2085 519 2124 Guietus,
549 2084 727 2115 secundum
760 2094 884 2114 morem
920 2083 1120 2114 Plautinum
1284 2091 1347 2120 794
1382 2078 1434 2120 ut]
1462 2080 1508 2111 ita

173 2129 346 2160 Fleckeisen
478 2138 540 2168 795
565 2129 651 2159 hanc
669 2128 817 2168 plateam
834 2127 938 2157 Bothe
1047 2127 1111 2165 796
1133 2124 1214 2155 mihi
1230 2124 1314 2155 haec
1334 2126 1411 2164 (pro
1428 2124 1507 2163 hoc)

174 2173 294 2204 balista
310 2182 459 2212 pugnum
477 2177 529 2203 est
540 2183 692 2213 gramm.
710 2171 748 2202 de
771 2170 846 2202 dub.
868 2180 955 2201 nom.
977 2179 1007 2209 5,
1023 2171 1084 2208 587
1101 2168 1146 2200 K.
1164 2169 1187 2209 (‘
1203 2178 1354 2207 pugnum
1370 2167 1508 2198 Plautus

174 2227 301 2256 genere
317 2221 439 2247 neutro
457 2216 542 2246 dixit
555 2216 563 2232 ’
587 2218 722 2246 testatus
731 2224 735 2241 τ
753 2226 760 2245 ε
785 2224 879 2244 meus
896 2218 948 2243 est
964 2214 1096 2244 ballista
1114 2222 1250 2251 pugnus
1266 2211 1332 2242 cod.
1447 2220 1508 2249 797

174 2261 216 2291 ad
233 2259 293 2291 del.
313 2259 378 2290 Leo
395 2271 402 2290 ε
426 2263 462 2290 ut
477 2258 618 2299 Pylades
714 2258 804 2288 icero
820 2256 960 2296 Pylades
1103 2257 1164 2286 801
1190 2255 1360 2294 opstiterit
1375 2254 1508 2285 seclusi:

178 2304 226 2345 [in
244 2303 359 2344 cursu]
377 2302 480 2333 Bothe
638 2303 703 2332 806
736 2300 816 2340 iste]
819 2300 900 2338 fort.
921 2301 952 2330 is
1092 2300 1155 2337 807
1189 2298 1372 2329 furfuribus
1387 2296 1508 2335 Luchs,

169 2347 359 2388 postulante
369 2349 398 2377 et
413 2349 514 2377 metro
530 2348 559 2376 et
572 2355 670 2376 sensu
686 2356 692 2375 :
719 2344 846 2375 furfure
862 2342 928 2374 cod.
