1742 2718
733 51 961 90 CAPTIVI
1464 51 1516 87 II.
1539 49 1584 86 iii

184 163 284 202 satin
306 164 438 210 habes,
462 164 648 201 mandata
668 174 768 211 quae
791 168 880 199 sunt
901 162 1002 199 facta
1023 160 1054 199 si
1074 161 1228 199 refero?
1284 161 1356 197 ΤΥ.
1390 158 1492 197 satis.

187 232 356 268 PHILOC.
390 236 428 267 et
448 236 514 266 tua
534 235 572 266 et
593 235 659 265 tua
679 228 756 265 huc
778 234 937 265 ornatus
958 226 1156 264 reueniam
1178 239 1225 264 ex
1246 224 1449 263 sententia.

187 295 381 345 numquid
419 293 557 332 aliud?
631 295 703 331 ΤΥ.
750 300 792 330 ut
837 306 956 342 quarn
995 291 1165 342 primum
1204 290 1330 341 possis
1370 292 1516 328 redeas.

1088 359 1258 395 PHILOC.
1291 369 1350 394 res
1371 362 1517 394 monet.

189 427 269 464 HE.
302 438 463 475 sequere
484 437 559 470 me,
581 422 769 461 uiaticum
790 430 833 460 ut
852 424 944 461 dem
965 423 988 460 εἰ
1007 421 1191 472 tarpezita
1211 420 1292 468 tibi,

100 506 170 543 450
188 493 327 531 eadem
362 504 480 541 opera
509 503 531 528 a
562 497 739 540 praetore
774 502 927 527 sumam
962 489 1236 538 syngraphum.
1296 488 1368 524 Tv.
1402 500 1520 536 quem
1541 503 1584 536 90

1230 552 1493 601 syngraphum
1507 553 1523 589 ?

190 625 270 661 HE.
303 635 421 672 quem
451 621 514 660 hic
544 622 640 659 ferat
670 633 803 659 secum
834 621 884 658 ad
914 618 1122 669 legionem,
1154 617 1247 656 hine
1276 617 1330 655 ire
1359 616 1451 655 huic
1480 623 1523 654 ut

1208 682 1322 721 liceat
1343 683 1519 720 domum.

188 762 230 792 tu
268 753 370 792 intro
408 752 484 791 abi.
544 754 616 790 ΤΥ.
654 752 757 791 bene
796 752 1243 790 ambulato.-PH1Loc.
1280 748 1383 786 bene
1422 748 1520 785 uale.

560 814 563 817 Δ
1013 818 1094 854 ΗΕ.
1127 815 1269 864 edepol
1290 826 1370 851 rem
1393 825 1522 850 meam

189 884 449 931 constabiliui‚
473 897 595 934 quom
616 883 703 922 illos
724 883 800 922 emi
822 884 872 922 de
892 883 1038 932 praeda
1057 895 1080 919 a
1101 878 1373 931 quaestoribus
1388 893 1398 926 3

190 950 371 1001 expediui
392 964 439 988 ex
459 949 646 988 seruitute
668 949 805 996 filium,
826 948 858 986 si
879 948 938 987 dis
959 949 1099 998 placet.

101 1028 168 1067 455
189 1024 227 1055 at
248 1016 364 1055 etiarn
382 1014 571 1060 dubitaui,
590 1016 662 1053 hos
683 1014 865 1052 homines
881 1026 1053 1052 emerem
1073 1026 1123 1051 an
1144 1025 1224 1050 non
1241 997 1423 1056 emerein²
1443 1008 1520 1048 diu.
1543 1020 1586 1053 95

190 1089 340 1121 seruate
362 1081 479 1119 istum
501 1079 610 1118 sultis
630 1079 746 1125 intus,
770 1078 882 1126 serui,
906 1092 955 1116 ne
976 1091 1177 1128 quoquam
1198 1077 1343 1127 pedem

190 1149 333 1187 ecferat
354 1146 437 1185 sine
458 1147 634 1184 custode.
694 1158 766 1194 ego
789 1158 807 1177 2<
829 1144 1029 1194 apparebo
1050 1142 1184 1190 domi3

190 1216 241 1253 ad
262 1216 418 1253 fratrem
440 1215 561 1252 modo
581 1211 667 1265 (ad)
687 1211 865 1262 captiuos
886 1210 983 1248 alios
1003 1208 1132 1247 inuiso
1153 1221 1274 1254 meos,

191 1281 331 1319 eadem
352 1279 614 1330 percontabor
634 1277 768 1328 ecquis
789 1278 895 1314 hunc
916 1275 1211 1314 adulescentem
1233 1271 1398 1311 nouerit.

104 1351 174 1394 460
192 1359 354 1395 sequere
375 1352 427 1392 tu,
450 1351 488 1383 te
508 1351 550 1382 ut
569 1342 746 1382 amittam
762 1356 772 1390 3
802 1341 837 1380 ei
857 1340 911 1380 rei
932 1339 1101 1391 primum
1121 1337 1317 1389 praeuorti
1337 1338 1496 1376 uolo.—-
1547 1350 1608 1373 100

701 1648 1020 1684 ERGASILVS
1547 1641 1654 1679 IILi

194 1738 269 1776 ER.
302 1735 424 1775 Miser
449 1736 572 1774 homo
599 1740 657 1772 est
687 1732 754 1783 qui
780 1731 865 1782 ipse
894 1729 968 1769 sibi
996 1730 1106 1780 quod
1135 1728 1216 1768 edit
1243 1727 1395 1778 quaerit
1421 1733 1460 1765 et
1486 1725 1528 1765 id

1228 1806 1342 1844 aegre
1361 1791 1525 1839 inuenit,

193 1868 263 1907 sed
283 1867 347 1906 ille
367 1874 426 1906 est
445 1864 622 1904 miserior
642 1863 709 1914 qui
730 1869 769 1902 et
788 1876 903 1912 aegre
924 1860 1075 1912 quaerit
1096 1867 1134 1899 et
1154 1859 1252 1898 nihil
1272 1857 1424 1897 inuenit
1438 1872 1449 1905 3

193 1932 256 1971 ille
284 1932 563 1978 miserrumust‚
586 1929 654 1980 qui
675 1942 796 1979 quom
818 1941 902 1966 esse
923 1926 1041 1977 cupit,
1063 1923 1184 1977 (tum)
1203 1925 1312 1975 quod
1338 1923 1420 1963 edit
1445 1937 1527 1963 non

1393 1989 1525 2028 habet.

194 2075 286 2099 narn
306 2062 436 2100 hercle
455 2073 528 2111 ego
548 2058 641 2098 huic
661 2057 737 2104 die,
759 2056 791 2095 si
810 2056 936 2103 liceat,
959 2056 1096 2094 oculos
1116 2053 1312 2093 ecfodiam
1332 2053 1485 2101 lubens,

107 2130 174 2176 465
194 2126 248 2164 ita
267 2125 506 2176 malignitate
527 2122 704 2163 onerauit
725 2120 853 2160 omnis
874 2119 1047 2158 mortalis
1068 2118 1164 2157 mihi
1179 2133 1189 2166 ;
1544 2127 1561 2158 5

240 2240 302 2270 457
339 2230 511 2260 custodela
524 2229 683 2260 Gruterus
768 2223 878 2268 (iam)
889 2234 953 2264 ego
962 2224 1064 2254 Bothe
1079 2235 1086 2254 z
1111 2233 1175 2262 ego
1186 2221 1384 2266 (desubito)
1400 2222 1526 2253 Schoell

195 2276 260 2314 458
291 2274 332 2305 ad
358 2273 434 2304 add.
463 2273 645 2304 Fleckeisen.
673 2269 853 2301 secuudum
880 2279 1004 2298 morem
1034 2267 1232 2299 Plautinum
1380 2268 1440 2305 461
1477 2264 1525 2297 vel

195 2320 291 2359 ipsus
424 2319 488 2355 463
511 2321 582 2348 tum
599 2314 676 2346 add.
696 2313 862 2352 Niemeyer

237 2383 356 2405 PLAVT.
376 2383 388 2403 1
1395 2370 1434 2402 14
