1742 2718
132 94 161 130 I.

185 95 197 129 i
599 98 645 134 T.
681 97 860 136 MACCI
893 99 1097 135 PLAVTI

186 203 355 244 uictores
377 205 490 244 uictis
511 207 691 245 hostibus
712 207 885 257 legiones
906 207 1114 246 reueniunt
1134 209 1311 256 domum,

186 270 318 308 duello
339 270 531 309 exstincto
552 285 737 309 maxumo
757 280 876 321 atque
897 271 1147 310 internecatis
1168 273 1358 311 hostibus.

185 336 293 384 quod
315 337 437 373 multa
456 337 652 374 Thebano
672 337 793 386 poplo'
813 337 954 375 acerba
975 337 1120 376 obiecit
1140 339 1285 385 funera,
1540 351 1606 386 190

185 400 225 438 id
254 401 294 438 ul'
322 408 360 439 et
393 400 536 439 uirtute
571 401 738 439 militum
773 401 922 440 uictum
953 409 1072 452 atque
1105 411 1371 453 expugnatum
1406 403 1512 454 oppi-

1338 470 1434 506 dum
1455 476 1513 507 est

121 544 163 574 40
183 530 347 581 imperio
367 539 486 581 atque
505 532 682 582 auspicio
704 535 781 571 mei'
801 532 854 571 eri
875 533 1177 583 Amphitruonis
1198 547 1391 571 maxume.

119 872 159 903 45

181 598 405 646 praedaque
425 610 596 646 agroque
617 597 830 647 adoriaque
851 599 995 636 adfecit
1015 597 1213 648 popularis
1234 611 1325 636 suos

182 661 339 711 regique
360 662 556 700 Thebano
578 662 723 701 Creoni
744 676 906 712 regnum
928 662 1117 701 stabiliuit
1137 676 1262 701 suom.

183 740 245 764 me
264 741 287 764 a
307 735 421 776 portu
447 727 646 777 praemisit
667 729 832 766 domum
853 736 896 766 ut
916 730 1013 766 haec
1034 728 1213 766 nuntiem
1234 728 1344 766 uxori
1365 742 1467 776 suae,
1539 735 1600 773 195

182 799 223 829 ut
242 792 401 842 gesserit
423 806 505 831 rem
526 793 725 842 publicam
747 795 882 841 ductu,
905 793 1080 844 imperio,
1103 793 1280 843 auspicio
1301 807 1383 832 suo.

181 871 226 895 ea
247 871 352 895 nunc
374 858 595 896 meditabor
611 872 691 908 quo
708 860 829 897 modo
846 859 899 896 illi
916 859 1058 907 dicam,
1078 872 1198 909 quom
1215 859 1282 897 illo
1297 861 1507 898 aduenero.

181 922 212 960 si
232 922 366 961 dixero
387 923 651 971 mendacium,
676 926 805 962 solens
828 938 917 963 meo
939 938 1047 963 more
1067 926 1206 963 fecero.

182 1001 272 1025 nam
294 1002 415 1038 quom
436 990 666 1039 pugnabant
684 991 877 1038 maxume,
896 1004 969 1040 ego
986 998 1069 1028 tum
1087 989 1284 1040 fugiebam
1302 1004 1484 1029 maxume
1500 1005 1509 1038 ;

181 1066 317 1091 uerum
350 1054 461 1103 quasi
492 1054 685 1093 adfuerim
719 1063 851 1094 tamen
884 1055 1079 1094 simulabo
1113 1063 1232 1105 atque
1269 1056 1404 1094 audita
1435 1057 1511 1094 elo·
1535 1063 1608 1090 200

1402 1134 1508 1172 quar.

181 1185 250 1222 sed
272 1177 351 1234 quo
372 1186 494 1223 modo
515 1192 552 1224 et
573 1186 703 1225 uerbis
724 1186 868 1236 quibus
889 1200 952 1225 me
972 1188 1111 1226 deceat
1131 1187 1347 1235 fabularier,

121 1263 162 1295 50
180 1248 286 1299 prius
316 1249 399 1299 ipse
428 1264 585 1289 mecum
616 1251 734 1290 etiam
764 1253 857 1290 uolo
886 1252 950 1291 hic
980 1252 1170 1291 meditari.
1230 1252 1286 1291 sic
1315 1254 1392 1291 hoc
1425 1266 1510 1303 pro-

118 1656 157 1687 55

114 1975 155 2006 60

1358 1319 1505 1368 loquar.

232 1379 430 1430 Principio
451 1388 492 1419 ut
513 1381 580 1420 illo
595 1382 841 1430 aduenimus,
860 1383 928 1421 ubi
949 1383 1118 1433 primum
1139 1377 1280 1422 terram
1296 1383 1504 1433 tetigimus,

178 1445 367 1483 continuo
388 1446 627 1496 Amphitruo
648 1447 792 1497 delegit
813 1447 917 1486 uiros
938 1448 1153 1498 primorum
1174 1448 1371 1499 principes
1386 1464 1396 1497 3

178 1523 244 1548 eos
265 1512 376 1561 legat,
396 1512 586 1550 Telobois
607 1512 716 1551 iubet
737 1513 972 1551 sententiam
994 1522 1035 1552 ut
1056 1514 1191 1553 dicant
1211 1528 1320 1553 suam
1339 1530 1345 1552 :
1531 1513 1598 1557 205

178 1575 209 1613 si
230 1575 313 1614 sine
334 1576 373 1614 ui
394 1585 431 1615 et
452 1577 536 1616 sine
557 1565 661 1616 bello
683 1578 805 1616 uelint
825 1587 935 1629 rapta
955 1587 993 1617 et
1009 1581 1187 1630 ‘raptores
1209 1582 1370 1626 tradere,

178 1640 208 1678 si
230 1654 330 1690 quae
350 1650 614 1692 asportassent
636 1645 810 1690 reddere,
833 1658 874 1682 se
895 1644 1107 1683 exercitum
1124 1646 1322 1695 extemplo
1342 1645 1507 1682 domum

177 1706 468 1754 redducturum,
492 1708 666 1746 abituros
687 1709 778 1758 agro
800 1709 979 1760 Argiuos,
1004 1724 1143 1760 pacem
1163 1718 1283 1760 atque
1303 1709 1427 1748 otium

176 1771 268 1809 dare
288 1771 361 1810 illis
380 1787 387 1818 ;
416 1772 475 1810 sin
495 1773 605 1811 aliter
626 1773 727 1812 sient
746 1775 908 1813 animati
929 1789 1059 1825 neque
1079 1778 1174 1814 dent
1196 1789 1296 1826 quae
1317 1782 1434 1825 petat,

176 1849 260 1874 sese
280 1836 395 1886 igitur
414 1851 568 1876 summa
589 1839 627 1876 ui
649 1839 820 1890 uirisque
841 1854 976 1879 eorum
993 1840 1185 1891 oppidum
1202 1853 1503 1891 oppugnassere.
1530 1850 1598 1875 210

175 1903 272 1940 haec
293 1902 361 1940 ubi
381 1904 570 1942 Telobois
592 1905 730 1943 ordine'
753 1905 940 1944 iterarunt
962 1919 1061 1956 quos
1082 1907 1320 1955 praefecerat

174 1966 422 2016 Amphitruo,
447 1969 687 2017 magnanimi
709 1970 780 2007 uiri
802 1970 887 2008 freti
908 1970 1055 2008 uirtute
1072 1978 1110 2008 et
1130 1970 1278 2008 uiribus

174 2033 341 2082 superbe
361 2033 468 2071 nimi'
491 2035 670 2073 ferociter
690 2037 838 2084 legatos
860 2044 1014 2074 nostros
1035 2035 1249 2086 increpant,

173 2099 413 2147 respondent
435 2099 539 2136 bello
560 2113 602 2136 se
622 2108 659 2137 et
680 2113 771 2137 suos
793 2100 908 2137 tutari
928 2114 1054 2150 posse,
1077 2100 1243 2150 proinde
1264 2100 1319 2138 uti

206 2202 281 2242 χ189
304 2203 473 2233 exstincto
499 2203 612 2234 duello
640 2204 823 2241 Fleckeisen,
855 2215 935 2234 nam
969 2204 1081 2235 duello
1109 2207 1292 2244 suspectum
1443 2215 1503 2245 190

176 2247 264 2286 quod
282 2245 355 2276 Ital.
374 2258 381 2276 ε
406 2247 460 2285 qui
478 2246 541 2277 cod.
657 2258 716 2283 102
740 2248 806 2277 mei
823 2248 870 2277 eri
887 2247 1062 2278 Floekez'sen
1080 2260 1087 2278 t
1111 2249 1157 2278 eri
1178 2248 1242 2277 mei
1261 2246 1324 2278 cod.
1443 2259 1502 2287 193

176 2290 368 2329 praedaque
399 2300 546 2329 agroque
577 2291 710 2330 scm'psi:
743 2292 869 2330 pracda
893 2295 995 2330 atque
1019 2301 1102 2329 agro
1125 2291 1191 2322 cod.
1211 2303 1218 2322 ι
1254 2291 1378 2330 praeda
1401 2296 1503 2331 atque

176 2344 257 2372 agro
274 2331 376 2376 (qui)
396 2333 520 2374 Ussing
672 2344 734 2373 207
760 2335 942 2364 redderent
959 2333 1035 2363 PBD
1201 2345 1264 2364 210
1288 2335 1378 2373 oppi.
1397 2346 1500 2375 expu-

177 2387 339 2416 gnassere
354 2376 420 2408 cod.
436 2389 442 2407 :
479 2378 570 2416 oppi.
589 2388 846 2416 oppugnassere
868 2377 956 2408 codd.
975 2378 1103 2408 Donati
1120 2377 1167 2408 ad
1180 2377 1269 2409 Eun.
1288 2379 1306 2408 i.
1328 2388 1355 2418 1,
1375 2389 1413 2417 3:
1444 2390 1501 2418 op-

178 2425 386 2460 pugnatusse
405 2421 484 2460 (pro
502 2422 670 2460 massere)
690 2422 783 2460 oppi.
800 2421 890 2452 codd.
907 2421 1013 2452 Nonii
1029 2422 1090 2451 128
