1814 2723
216 75 299 112 V.i
705 73 751 110 T.
785 71 965 110 MACCI
997 71 1201 109 PLAVTI

790 200 1027 249 ACTVS
1077 200 1123 245 V

183 308 268 345 V.i
521 306 886 341 ARGYRIPPVS
999 302 1386 338 DEMAENETvs

342 387 448 423 ARG.
482 386 566 433 Age
586 383 874 421 decumbamus
895 381 958 428 sis,
981 381 1099 431 pater.
1162 383 1238 419 DE.
1270 389 1312 419 ut
1332 380 1500 428 iusseris,

343 449 397 487 mi
417 457 544 498 gnate,
567 448 621 485 ita
641 449 717 484 fiet.
777 448 881 484 ARG.
915 445 1035 496 pueri,
1060 459 1238 484 mensam
1258 446 1458 496 adponite.

292 517 367 553 DE.
399 513 687 563 numquidnam
716 511 786 549 tibi
813 512 1072 557 molestumst‚
1099 518 1216 561 gnate
1242 511 1307 558 mi,
1330 511 1361 548 si
1388 512 1486 549 haec
1512 524 1618 549 nunc
1639 517 1707 560 830

1246 589 1403 614 meeum
1423 576 1619 614 accubat?

289 648 394 684 ARG.
425 644 560 695 pietas,
597 652 716 693 pater,
753 642 877 680 oculis
912 642 1090 680 dolorem
1124 640 1318 690 prohibet.
1378 653 1618 690 quamquam

1278 719 1350 755 ego
1371 705 1495 744 istanc
1515 718 1617 751 amo,

251 789 267 818 5
290 789 452 825 possum
487 773 672 823 equidem
707 773 895 811 inducere
928 772 1106 810 animum
1141 784 1191 809 ne
1224 784 1338 821 aegre
1371 770 1496 820 patiar
1529 770 1620 820 quia

1289 843 1418 873 tecum
1440 835 1617 873 accubat.

293 906 367 942 DE.
410 905 525 942 decet
576 903 846 941 uerecundum
896 915 981 940 esse
1031 903 1340 947 adulescentem,
1390 899 1619 949 Argyrippe.

1183 969 1289 1004 ARG.
1322 966 1475 1015 edepol,
1498 973 1618 1015 pater,

292 1034 430 1072 merito
468 1041 537 1071 tuo
571 1034 698 1071 facere
731 1046 904 1083 possum.
967 1034 1042 1070 DE.
1075 1045 1147 1081 age
1180 1044 1282 1081 ergo,
1319 1032 1396 1068 hoe
1429 1029 1620 1080 agitemus

598 1107 600 1111 ’
1391 1094 1620 1134 conuiuium

290 1166 385 1203 uino
405 1172 448 1203 ut
467 1177 649 1203 sermone
669 1163 792 1202 suaui.
851 1165 946 1201 nolo
966 1176 1039 1213 ego
1059 1162 1194 1210 metui,
1215 1161 1336 1200 amari
1357 1163 1527 1208 mauolo,
1641 1161 1705 1206 835

290 1230 344 1267 mi
377 1237 503 1280 gnate,
537 1242 600 1267 me
633 1242 703 1279 aps
734 1236 781 1267 te.
841 1231 946 1266 ARG.
979 1229 1046 1278 pol
1079 1240 1153 1277 ego
1187 1235 1398 1276 utrumque
1429 1226 1541 1273 facio,
1577 1234 1621 1264 ut

1213 1304 1383 1341 aequom
1405 1299 1463 1329 est
1483 1291 1617 1329 filium.

234 1376 271 1397 10
293 1361 368 1397 DE.
400 1361 558 1398 credam
588 1359 699 1406 istuc,
723 1358 754 1397 si
784 1372 870 1397 esse
898 1366 937 1396 te
964 1357 1131 1396 hilarum
1158 1356 1306 1396 uidero.
1366 1359 1471 1395 ARG.
1503 1370 1554 1395 an
1578 1364 1619 1394 tu

1089 1420 1200 1475 [ess’]
1223 1436 1285 1461 me
1307 1421 1456 1461 tristem
1478 1424 1621 1473 putas?

291 1491 365 1528 DE.
399 1498 535 1540 putem
555 1503 638 1540 ego,
663 1503 782 1540 quem
803 1489 962 1528 uideam
977 1501 1104 1538 aeque
1124 1501 1210 1526 esse
1231 1495 1423 1526 maestum
1445 1495 1487 1526 ut
1508 1487 1619 1542 quasi

598 1602 605 1608 ,
1260 1552 1344 1591 dies
1365 1552 1396 1591 si
1417 1552 1522 1591 dicta
1542 1552 1620 1591 sit?

288 1622 394 1659 ARG.
427 1634 477 1658 ne
492 1619 592 1659 dixis
607 1619 718 1658 istuc.
781 1621 856 1658 DE.
890 1633 940 1659 ne
953 1619 1008 1658 sic
1024 1614 1166 1657 fueris:
1187 1618 1277 1657 ilico
1291 1632 1364 1669 ego
1377 1632 1458 1657 non
1472 1618 1616 1658 dixero.
1639 1599 1710 1688 {4343

289 1686 394 1723 ARG.
427 1698 490 1723 em
533 1692 715 1735 aspecta:
763 1684 884 1723 rideo.
946 1686 1022 1722 DE.
1059 1684 1211 1722 utinam
1258 1685 1360 1723 male
1408 1684 1474 1734 qui
1523 1683 1620 1722 mihi

1220 1752 1359 1789 uolunt
1380 1750 1435 1789 sic
1455 1750 1616 1788 rideant.

289 1817 394 1854 ARG.
426 1815 508 1854 scio
542 1815 728 1865 equidem
763 1815 882 1865 quam
917 1816 971 1853 ob
1008 1829 1090 1854 rem
1124 1829 1198 1862 me,
1234 1823 1353 1865 pater,
1391 1822 1432 1853 tu
1470 1814 1619 1854 tristem

1240 1881 1376 1919 credas
1397 1894 1503 1919 nunc
1524 1879 1617 1919 tibi:

231 1958 269 1990 15
290 1945 382 1995 quia
405 1945 525 1984 istae'c
549 1954 607 1984 est
631 1954 773 1984 tecum.
833 1954 952 1996 atque
981 1960 1054 1996 ego
1081 1946 1243 1997 quidem
1268 1947 1398 1985 hercle
1418 1954 1460 1984 ut
1481 1959 1618 1985 uerum

1242 2011 1312 2050 tibi
1333 2011 1474 2058 dicam,
1497 2019 1616 2062 pater,

290 2088 338 2113 ea
356 2088 416 2113 res
437 2089 501 2114 me
521 2077 623 2115 male
643 2077 763 2115 habet
778 2091 788 2124 3
816 2084 855 2115 at
876 2090 956 2115 non
977 2090 1026 2116 eo
1042 2076 1134 2127 quia
1153 2076 1224 2115 tibi
1244 2089 1325 2115 non
1343 2075 1498 2126 cupiam
1519 2089 1621 2126 quae

1499 2141 1596 2179 uelis
1612 2156 1621 2189 5

336 2247 413 2283 828,
430 2248 494 2285 829
518 2247 612 2277 alteri
626 2248 798 2278 recensioni
807 2247 917 2277 tribuit
933 2247 1034 2278 PVez'se
1114 2247 1177 2277 828
1203 2247 1250 2278 uti
1269 2246 1312 2288 (ἓ)
1331 2245 1395 2277 Leo
1479 2247 1541 2286 835
1567 2247 1619 2288 ut]

291 2295 325 2320 et
348 2289 431 2320 Pius
586 2291 647 2330 837
673 2301 726 2321 me
742 2291 862 2322 Bothe:
887 2302 964 2322 esse
984 2301 1040 2321 me
1056 2290 1124 2322 cod.
1137 2290 1197 2330 (iv.
1212 2290 1248 2330 3)
1411 2290 1475 2330 838
1499 2295 1536 2320 ut
1560 2290 1620 2321 del.

292 2332 477 2364 Lambinus
629 2335 693 2374 844
718 2345 770 2365 me
791 2345 858 2364 om.
878 2335 1100 2373 Camerarius,
1114 2337 1214 2365 metro
1224 2334 1391 2365 consulens
1500 2344 1539 2364 ac
1555 2333 1620 2364 cod.

295 2377 342 2415 (at
354 2376 400 2415 J)
490 2377 567 2416 quia
584 2377 758 2408 Acidalius
775 2390 781 2409 ε
805 2379 888 2417 quin
905 2378 973 2409 cod.
