1814 2723
251 76 297 112 V.

319 75 332 111 i
731 76 776 112 T.
812 75 991 113 MACCI
1025 75 1228 112 PLAVTI

317 185 451 224 omnia
471 187 573 224 mala
592 185 793 236 ingerebat
814 198 1055 235 quemquern
1076 192 1288 235 aspexerat.

316 249 448 300 itaque
468 252 569 290 adeo
590 251 671 289 iure
692 258 832 300 coepta
851 249 1039 299 appellari
1061 257 1119 288 est
1141 251 1282 289 Canes.

319 317 401 353 ΜΑ.
435 330 515 354 non
536 329 608 366 ego
629 316 749 353 istaec
770 314 915 364 flagitia
934 328 1097 364 possum
1118 314 1278 365 perpeti.

259 393 298 415 20
317 394 408 418 nam
431 383 521 420 med
541 388 708 419 aetatem
729 380 891 418 uiduam
918 379 923 431 Ι
949 394 1035 419 esse
1056 380 1239 419 mauelirn

257 696 293 752 '25

252 1046 292 1075 30

251 1365 290 1399 35

316 459 435 495 quam
457 445 575 484 istaec
596 445 740 495 flagitia
760 452 827 483 tua
847 445 927 495 pati
948 459 1049 495 quae
1070 453 1111 483 tu
1132 445 1237 484 facis.

317 511 431 547 ΜΕΝ.
464 510 559 560 quid
580 510 620 548 id
640 511 691 548 ad
714 524 788 557 me,
811 517 852 547 tu
874 517 912 548 te
933 517 1098 560 nuptam
1119 510 1245 560 possis
1266 510 1415 561 perpeti

313 589 363 613 an
385 575 436 612 sis
455 574 608 613 abitura
627 589 650 613 a
670 582 738 612 tuo
759 574 874 613 uiro?
902 588 953 612 an
975 588 1060 613 mos
1081 575 1145 613 hic
1166 575 1219 613 ita
1239 583 1297 614 est

314 640 517 689 peregrino
539 647 580 677 ut
600 639 829 678 aduenienti
854 646 1010 678 narrent
1030 640 1181 678 fabulas
1198 642 1214 678 ?

316 707 398 743 ΜΑ.
432 719 528 755 quas
548 706 699 743 fabulas
715 707 732 742 ?
788 719 880 752 non,
904 705 1078 755 inquam,
1100 705 1224 755 patiar
1244 706 1481 756 praeterhac,

313 769 408 820 quin
430 770 550 808 uidua
571 770 703 808 uiuam
724 783 843 820 quam
864 777 952 808 tuos
973 770 1101 808 mores
1126 772 1327 820 perferam.

314 835 429 873 ΜΕΝ.
463 849 549 873 mea
570 834 731 885 quidem
753 836 885 873 hercle
906 848 1043 873 caussa
1064 834 1185 873 uidua
1205 834 1329 873 uiuito

312 901 373 937 uel
396 914 520 949 usque
541 901 636 938 dum
658 913 821 949 regnum
843 899 1039 950 optinebit
1061 899 1247 950 Iuppiter.

313 966 395 1002 MA.
428 972 467 1002 at
488 964 582 1002 mihi
604 965 775 1015 negabas
796 965 949 1003 dudum
970 964 1214 1014 surrupuisse
1234 971 1284 1011 te,

311 1043 417 1067 nunc
437 1031 605 1068 eandem
626 1037 716 1068 ante
737 1031 874 1068 oculos
893 1029 1071 1068 adtines:
1102 1043 1182 1067 non
1204 1036 1242 1068 te
1262 1030 1414 1079 pudet?

312 1096 426 1132 ΜΕΝ.
459 1108 508 1132 eu
529 1095 658 1133 hercle
676 1098 682 1132 1
713 1094 861 1142 mulier,
885 1096 1053 1132 multum
1074 1102 1112 1132 et
1132 1096 1259 1133 audax
1280 1102 1318 1132 et
1339 1095 1481 1132 mala's.

309 1166 378 1197 tun
400 1159 471 1198 tibi
493 1161 594 1198 hanc
615 1167 835 1210 surruptam
857 1159 988 1198 dicere
1007 1161 1130 1198 audes
1152 1173 1270 1209 quam
1292 1159 1388 1197 mihi

309 1225 419 1264 dedit
440 1225 515 1264 alia
535 1225 674 1263 mulier
695 1232 737 1263 ut
758 1225 1077 1264 concinnandam
1100 1227 1232 1264 darem
1250 1227 1267 1263 ?

310 1292 394 1328 MA.
428 1304 477 1328 ne
497 1290 598 1328 istuc
619 1290 945 1329 mecastor—-iam
967 1297 1117 1340 patrem
1138 1303 1336 1328 accersam
1358 1303 1489 1328 meum

308 1363 427 1405 atque
448 1354 482 1393 ei
505 1356 671 1393 narrabo
691 1363 757 1393 tua
778 1354 922 1405 flagitia
942 1369 1043 1405 quae
1063 1354 1168 1392 facis.

307 1421 330 1468 i,
356 1420 493 1467 Decio,
516 1434 659 1470 quaere
680 1434 812 1459 meum
834 1428 996 1470 patrem,
1019 1427 1150 1458 tecum
1172 1419 1287 1458 simul

307 1493 349 1524 ut
369 1485 502 1524 ueniat
521 1486 572 1523 ad
593 1499 656 1524 me
676 1500 682 1523 :
712 1486 766 1523 ita
784 1499 866 1523 rem
893 1483 898 1537 Ι
924 1499 1009 1523 esse
1030 1484 1162 1523 dicito.

307 1550 384 1589 iarn
406 1564 479 1600 ego
499 1550 670 1606 aperiam
691 1549 812 1588 istaec
832 1558 898 1588 tua
918 1549 1073 1600 flagitia.
1136 1552 1250 1588 ΜΕΝ.
1284 1564 1405 1589 sanan
1427 1552 1498 1588 es?

308 1629 409 1666 quae
430 1629 518 1653 mea
537 1615 681 1665 flagitia
696 1617 713 1652 ?
771 1617 853 1653 MA.
886 1617 1030 1665 pallam
1047 1614 1061 1667 Ἰ
1087 1622 1206 1665 atque
1227 1629 1364 1653 aurum
1386 1629 1519 1654 meum

308 1682 430 1719 domo
451 1679 623 1730 suppilas
644 1687 734 1718 tuae
755 1680 864 1719 uxori
890 1680 894 1732 Ι
921 1687 959 1719 et
979 1687 1070 1719 tuae

307 1746 458 1795 degeris
478 1745 637 1783 amicae.
697 1745 798 1784 satin
818 1747 916 1785 haec
936 1753 1041 1785 recte
1061 1746 1243 1784 fabulor?

308 1812 422 1848 ΜΕΝ.
455 1824 603 1860 quaeso
624 1811 765 1857 hercle,
789 1811 937 1858 mulier,
962 1811 993 1849 si
1015 1811 1102 1858 scis,
1126 1818 1301 1850 monstra
1320 1811 1430 1861 quod
1451 1810 1585 1849 bibam

308 1882 413 1914 tuam
435 1875 500 1925 qui
522 1875 670 1926 possim
691 1876 841 1927 perpeti
862 1876 1133 1927 petulantiam.

350 1980 413 2018 718
436 1979 610 2018 appellare
627 1979 692 2012 cod.
714 1980 806 2020 (corr.
824 1980 889 2022 ΒΞ)
912 1980 989 2021 (pro
1005 1980 1068 2010 -rei
1080 1982 1106 2020 2)
1243 1990 1306 2019 719
1329 1978 1430 2029 (tua)
1446 1980 1497 2010 ssa.
1514 1979 1639 2011 Ritschl

305 2023 357 2053 cui
377 2033 441 2062 ego
461 2023 465 2064 Ι
487 2023 591 2054 istaec
609 2024 749 2064 displicet
767 2025 864 2064 (sort.
886 2028 969 2060 recte,
989 2034 1070 2054 nam
1087 2034 1124 2054 ea
1146 2034 1210 2054 vox
1223 2024 1382 2063 frequens
1404 2034 1438 2054 m
1462 2034 1515 2054 ore
1537 2023 1636 2054 huius

306 2070 489 2104 matronae)
581 2077 644 2106 720
667 2069 745 2098 med
762 2079 781 2098 a
798 2073 831 2099 te
850 2067 894 2097 Β)
961 2066 1113 2109 (usque)
1130 2077 1206 2098 esse
1218 2066 1356 2097 Redslob
1445 2077 1508 2106 723
1531 2067 1634 2097 adtuo

306 2109 371 2141 cod.
394 2111 486 2151 (corr.
503 2109 568 2149 32)
704 2122 813 2142 annos
834 2111 879 2142 ita
903 2115 954 2142 est
978 2111 1043 2141 hoc
1065 2110 1131 2141 cod.
1151 2110 1208 2149 (an
1234 2120 1306 2140 mos
1326 2114 1354 2140 et
1377 2110 1431 2140 hic
1448 2109 1532 2149 B2):
1558 2110 1630 2141 trai.

306 2154 409 2184 Bothe
534 2164 596 2193 729
630 2154 729 2185 Hanc
755 2155 836 2185 mihi
867 2155 969 2185 Bothe
1116 2163 1179 2193 730
1212 2154 1329 2184 eadem
1361 2153 1425 2184 cod.
1571 2163 1633 2193 735

305 2208 334 2229 a.
354 2197 519 2228 enarrabo
536 2196 610 2226 PCD
705 2200 768 2237 736
791 2199 898 2229 deceo
915 2197 980 2228 cod.
1030 2197 1077 2236 Cf
1098 2197 1140 2229 K.
1160 2197 1313 2228 Schmidt
1331 2197 1462 2235 (Herm.
1482 2206 1532 2235 37,
1550 2197 1631 2237 388)

246 2240 255 2249 “
305 2251 411 2281 quare
427 2241 493 2273 cod.
510 2242 602 2281 (corr.
621 2241 686 2281 B'2)
780 2252 840 2280 737
865 2242 914 2272 vel
928 2242 1005 2272 med
1086 2251 1155 2271 rem
1173 2239 1329 2282 (natam)
1346 2251 1374 2271 e.
1388 2240 1514 2271 Ritschl
1529 2250 1536 2270 :
1549 2239 1629 2279 sort.

306 2295 376 2315 rem
393 2289 504 2315 natam
526 2284 605 2325 (om.
619 2294 695 2315 esse
713 2295 720 2323 ;
745 2296 774 2316 v.
793 2287 825 2324 1)
938 2295 1000 2325 739
1024 2284 1130 2324 pallas
1148 2283 1268 2314 Vahlen
1284 2284 1334 2323 (cf.
1355 2284 1420 2322 803
1437 2283 1558 2323 pallam
1569 2288 1633 2324 pro

306 2328 428 2367 pallas)
541 2338 605 2367 740
628 2329 741 2359 uxoris
760 2330 801 2369 (2)
820 2328 896 2368 Leo,
915 2328 972 2359 sed
985 2328 1055 2359 vide
1072 2338 1110 2358 ne
1125 2337 1236 2359 versus
1251 2327 1376 2358 hiantes
1392 2337 1467 2358 cum
1483 2325 1632 2368 singulti-

305 2372 386 2402 entis
400 2372 553 2403 locutione
567 2374 751 2412 congmant

1663 394 1734 431 720

1663 719 1728 758 725

1658 1364 1724 1402 735

1656 1690 1726 1725 740
