1742 2718
694 69 1021 106 AVLVLARIA
1463 73 1515 110 II.
1536 73 1566 109 ii

191 177 286 228 quid
314 190 420 216 nunc
447 191 510 215 me
537 177 626 215 uis?
683 179 766 216 ΜΕ.
800 178 989 228 quoniam
1017 185 1058 216 tu
1088 191 1151 217 me
1178 186 1216 217 et
1237 192 1309 229 ego
1329 187 1367 218 te
1394 181 1518 230 qualis
1537 195 1580 228 40

1351 245 1402 284 sis
1423 247 1515 294 scio,

190 319 291 356 quae
311 320 371 345 res
392 314 496 346 recte
516 315 645 346 uortat
665 307 842 358 mihique
863 308 1014 358 tibique
1034 316 1203 358 tuaeque
1224 309 1336 357 filiae,

190 370 308 409 filiam
331 380 439 410 tuam
460 372 513 410 mi
535 386 695 411 uxorem
716 386 848 423 posco.
908 373 1093 423 promitte
1113 375 1190 412 hoc
1211 375 1303 412 fore.

104 448 172 474 220
192 437 287 474 Evc.
320 437 418 484 heia,
444 439 670 488 Megadore,
693 439 771 476 hau
792 439 980 477 decorum
1002 439 1152 477 facinus
1173 439 1249 478 tuis
1270 440 1380 478 factis
1402 440 1506 487 facis,

188 510 231 540 ut
251 502 411 553 inopem
427 510 546 552 atque
562 502 766 541 innoxium
786 517 856 554 aps
877 512 915 542 te
930 512 1048 554 atque
1064 517 1134 554 aps
1155 504 1230 542 tuis
1253 518 1317 543 me
1338 505 1516 544 inrideas.

188 580 279 605 nam
295 569 346 606 de
359 576 397 606 te
418 581 548 618 neque
564 582 604 606 re
620 582 749 619 neque
763 569 893 607 uerbis
915 569 1038 607 me'rui
1052 569 1107 607 uti
1124 569 1270 608 faceres
1287 571 1394 619 quod
1411 571 1515 609 facis.
1539 582 1578 614 45

189 633 271 670 ΜΕ.
304 646 434 683 neque
454 634 597 683 edepol
617 647 690 683 ego
711 641 749 672 te
769 633 941 672 derisum
963 633 1081 673 uenio
1103 648 1232 684 neque
1252 635 1424 682 derideo,

188 711 317 748 neque
337 698 501 749 dignum
521 698 695 738 arbitror.
757 701 853 737 Evc.
887 713 960 749 qur
986 699 1101 750 igitur
1128 700 1257 750 poscis
1279 714 1407 739 meam
1429 714 1519 750 gna-

573 804 576 806 ,
1318 773 1398 804 tam
1419 766 1518 804 tibi?

99 836 163 871 225
186 830 269 867 ΜΕ.
304 837 344 868 ut
365 837 523 880 propter
538 843 602 868 me
619 829 689 868 tibi
705 829 754 868 sit
771 831 910 868 melius
927 829 1103 880 mihique
1119 838 1278 881 propter
1297 831 1335 869 te'
1356 839 1394 869 et
1415 839 1513 870 tuos.

185 895 282 932 Evc.
314 894 423 933 uenit
443 896 520 933 hoc
542 895 648 943 mihi,
673 897 902 946 Megadore,
926 896 966 933 in
991 903 1176 943 mentem,
1199 897 1267 935 ted
1287 909 1372 934 esse
1393 897 1516 934 horni-

1223 975 1315 1000 nem
1336 961 1512 1010 diuitem,

180 1024 400 1073 factiosum,
419 1025 483 1064 me'
503 1025 598 1064 item
618 1039 704 1065 esse
724 1025 929 1065 hominem
950 1040 1168 1078 pauperum
1189 1040 1514 1077 pauperrumum,
1534 1042 1575 1073 50

180 1103 287 1128 nunc
307 1090 339 1128 si
359 1090 480 1128 filiam
501 1091 683 1130 locassim
705 1104 834 1130 meam
856 1091 938 1138 tibi,
961 1091 1000 1129 in
1022 1100 1197 1130 mentem
1219 1091 1327 1130 uenit

180 1163 218 1194 te
248 1156 394 1195 bouem
423 1170 508 1195 esse
535 1164 573 1195 et
602 1156 665 1195 me'
693 1170 778 1196 esse
803 1158 993 1196 asellum:
1023 1157 1090 1196 ubi
1118 1165 1249 1196 tecum
1276 1158 1512 1197 coniunctus

1401 1225 1508 1271 siem,

95 1298 163 1333 230
179 1287 248 1325 ubi
268 1300 369 1325 onus
389 1301 585 1338 nequeam
606 1289 703 1326 ferre
724 1288 876 1338 pariter,
898 1287 1048 1327 iaceam
1069 1301 1142 1338 ego
1161 1288 1294 1327 asinus
1315 1289 1355 1326 in
1376 1291 1469 1336 luto,

178 1359 220 1390 tu
242 1366 305 1391 me
326 1353 398 1391 bos
420 1352 541 1402 magis
562 1353 640 1391 hau
661 1353 844 1403 respicias
859 1361 1000 1404 gnatus
1017 1354 1130 1404 quasi
1146 1367 1364 1405 numquam
1381 1355 1489 1393 siem.

177 1425 216 1455 et
236 1425 274 1456 te
295 1425 380 1456 utar
400 1417 593 1468 iniquiore
614 1418 652 1456 et
672 1420 775 1457 meu'
795 1432 860 1457 me
880 1421 978 1458 ordo
1000 1419 1176 1467 inrideat,
1527 1432 1566 1464 55

175 1482 360 1521 neutrubi
379 1483 548 1521 habeam
569 1483 709 1522 stabile
729 1484 938 1531 stabulum,
962 1484 993 1522 si
1014 1484 1110 1535 quid
1130 1485 1275 1524 diuorti
1295 1487 1400 1528 fuat:

175 1547 275 1585 asini
296 1561 359 1587 me
380 1548 622 1588 mordicibus
642 1548 836 1597 scindant,
859 1549 984 1588 boues
1004 1549 1204 1588 incursent
1225 1551 1419 1590 cornibus.

90 1623 154 1659 235
176 1613 252 1652 hoc
273 1627 459 1663 magnum
480 1622 538 1653 est
557 1614 758 1665 periclum,
781 1615 832 1653 ab
851 1614 971 1654 asinis
991 1617 1042 1654 ad
1063 1615 1188 1654 boues
1208 1617 1493 1655 transcendere.

176 1679 259 1716 ME.
291 1691 411 1728 quam
431 1680 482 1718 ad
502 1680 648 1730 probos
669 1679 962 1730 propinquitate
983 1693 1173 1730 proxume
1193 1688 1231 1720 te
1251 1681 1485 1728 adiunxeris,

172 1749 252 1781 tam
268 1751 524 1794 optumumst.
565 1752 607 1783 tu
623 1745 903 1784 condicionem
919 1746 1022 1783 hanc
1037 1745 1183 1796 accipe,
1201 1748 1379 1785 ausculta
1394 1746 1501 1793 mihi,
1523 1754 1565 1786 60

172 1815 291 1858 atque
306 1822 393 1847 eam
414 1810 621 1860 desponde'
642 1810 705 1849 mi.
767 1813 864 1850 Evc.
897 1818 936 1849 at
956 1811 1053 1849 nihil
1070 1818 1128 1850 est
1149 1811 1251 1850 dotis
1269 1813 1377 1862 quod
1398 1813 1500 1850 dem.

1207 1879 1290 1916 ME.
1322 1891 1372 1917 ne
1392 1879 1500 1917 duas.

172 1940 269 1978 dum
291 1942 413 1980 modo
433 1949 583 1981 morata
602 1950 707 1982 recte
727 1943 871 1991 ueniat,
894 1944 1030 1983 dotata
1050 1950 1108 1982 est
1129 1942 1232 1981 satis.

86 2013 155 2048 240
174 2005 271 2044 Evc.
303 2019 351 2045 eo
371 2006 472 2055 dico,
496 2021 546 2046 ne
567 2021 630 2046 me
650 2009 883 2047 thensauros
903 2008 1120 2059 repperisse
1140 2021 1312 2047 censeas.

173 2071 256 2108 ΜΕ.
296 2071 402 2119 noui,
443 2086 493 2111 ne
531 2074 687 2112 doceas.
747 2075 963 2124 desponde.
1043 2076 1140 2112 Evc.
1182 2075 1259 2112 fiat.
1319 2075 1389 2113 sed
1431 2087 1501 2124 pro

1311 2139 1496 2190 Iuppiter,

211 2248 274 2278 227
306 2243 418 2270 autem
441 2240 527 2271 Brix
660 2252 723 2281 232
758 2242 808 2272 vel
829 2242 905 2272 med
1039 2252 1102 2282 234
1135 2243 1338 2274 mordicibus
1364 2245 1502 2273 testatur

167 2280 298 2312 Nonius
317 2292 395 2322 139:
421 2285 590 2315 mordicus
607 2285 672 2315 cod.
764 2295 828 2324 235
852 2285 893 2316 ab
909 2285 1142 2317 Camerarius:
1165 2297 1219 2318 me
1232 2287 1274 2318 ab
1286 2286 1352 2318 cod.
1370 2287 1428 2326 (iv.
1440 2286 1475 2326 2)
1491 2297 1498 2316 ε

167 2325 223 2355 vix
236 2326 398 2365 perIclum
415 2328 460 2358 mi
560 2329 623 2368 238
646 2329 681 2358 in
694 2339 801 2369 mmg.
818 2338 880 2368 pro
898 2329 1034 2360 dederis
1051 2329 1115 2362 cod.
1136 2330 1250 2371 (gloss.
1272 2330 1318 2360 acl
1331 2330 1430 2370 duas)
