1814 2723
193 56 245 92 II.
268 55 297 91 ii
693 59 739 96 T.
774 58 955 98 MACCI
984 58 1188 97 PLAVTI

209 169 249 210 65
270 178 366 203 num
387 178 460 215 ego
481 165 669 216 disperii?
727 169 812 205 ΜΕ.
843 167 939 217 quid
966 168 1037 207 tibi
1061 171 1148 208 est?
1205 172 1303 209 Evc.
1334 170 1432 221 quid
1451 169 1601 222 crepuit

1101 235 1211 287 quasi
1232 237 1377 274 ferrum
1397 237 1548 275 modo?
1576 259 1603 263 -

270 297 352 334 ΜΕ.
386 295 450 334 hic
469 297 577 345 apud
606 309 670 335 rne
697 298 855 334 hortum
876 298 1090 337 confodere
1110 298 1213 338 iussi.
1273 301 1343 339 sed
1364 300 1433 339 ubi
1459 300 1524 338 hic
1543 308 1602 339 est

1451 367 1573 404 homo
1585 366 1602 404 ?

266 426 363 464 abiit
383 439 513 476 neque
535 439 598 465 me
618 426 824 465 certiorem
844 427 947 467 fecit.
1006 429 1154 468 fastidit
1176 430 1264 478 mei,
1621 422 1690 505 {2}

267 491 360 540 quia
380 492 489 529 uidet
510 505 573 529 me
594 503 705 529 suam
721 491 935 531 amicitiam
956 495 1058 532 uelle
1078 509 1085 532 :
1115 507 1225 534 more
1246 496 1453 534 hominum
1474 495 1566 535 facit
1585 511 1592 542 ;

268 568 359 594 nam
381 556 411 594 si
433 558 645 606 opulentus
665 556 694 594 it
715 556 882 607 petitum
903 558 1144 608 pauperioris
1165 560 1340 610 gratiam,

207 633 248 668 70
267 634 416 671 pauper
438 622 575 659 metuit
596 621 827 672 congrediri,
850 636 919 672 per
939 631 1088 662 metum
1111 627 1213 664 male
1234 640 1315 664 rem
1335 626 1442 676 gerit.

267 685 388 734 idem,
408 688 571 736 quando
591 687 748 725 occasio
769 687 881 726 illaec
901 688 1026 737 periit,
1048 697 1139 739 post
1159 703 1245 729 sero
1266 691 1384 741 cupit.

269 752 365 789 Evc.
398 751 428 789 si
460 753 590 790 hercle
619 766 693 802 ego
722 759 760 791 te
789 766 870 791 non
901 753 1180 803 elinguandam
1210 757 1358 794 dedero
1392 769 1517 807 usque
1550 757 1601 795 ab
1622 768 1690 805 250

1390 821 1600 870 radicibus,

265 882 416 932 impero
436 884 652 933 auctorque
673 897 761 922 sum
783 891 825 922 ut
846 887 888 923 tii
909 898 973 923 me
994 885 1150 935 quoiuis
1171 888 1424 926 castrandum
1444 889 1561 926 loces,

268 949 349 985 ME.
383 947 502 986 uideo
537 949 667 986 hercle
701 962 774 999 ego
813 957 852 988 te
886 963 950 988 me
983 950 1170 999 arbitrari,
1208 951 1359 999 Euclio,
1397 953 1600 991 hominem

1398 1017 1598 1065 idoneum,

206 1090 245 1125 75
265 1092 384 1129 quem
405 1087 564 1118 senecta
583 1088 712 1119 aetate
733 1082 848 1119 ludos
870 1081 1000 1129 facias,
1024 1083 1101 1120 hau
1124 1082 1264 1121 merito
1285 1096 1385 1121 meo.

266 1146 363 1183 Evc.
396 1157 526 1195 neque
565 1147 719 1196 edepol,
763 1147 990 1196 Megadore,
1028 1147 1141 1195 facio,
1182 1161 1322 1197 neque,
1359 1147 1389 1186 si
1429 1147 1598 1198 cupiam,

1394 1226 1442 1251 co
1473 1226 1508 1250 1a
1528 1220 1596 1251 est.

264 1276 347 1313 ME.
381 1275 476 1325 quid
505 1278 641 1315 nunc?
669 1277 787 1315 etiam
817 1277 911 1315 mihi
940 1279 1167 1329 despondes
1188 1279 1338 1318 filiam?
1394 1226 1492 1317 Effe.
1525 1278 1599 1317 illis
1620 1291 1685 1329 255

1434 1343 1596 1394 legibus,

263 1419 353 1444 cum
384 1406 448 1445 illa
477 1408 572 1446 dote
601 1421 720 1457 quam
751 1408 822 1447 tibi
850 1409 939 1448 dixi.
1002 1412 1084 1448 ME.
1118 1411 1300 1460 sponden
1321 1411 1442 1460 ergo?
1499 1411 1597 1448 Evc.

1407 1475 1597 1525 spondeo.

265 1538 347 1575 ME.
380 1536 480 1575 istuc
496 1537 537 1576 di
558 1538 660 1577 bene
677 1537 1029 1593 [uortant]—Evc.
1062 1540 1114 1579 ita
1130 1540 1171 1580 di
1186 1540 1317 1579 faxint.
1368 1538 1466 1578 illud
1481 1539 1600 1577 facito

606 1604 613 1610 ’
1059 1610 1070 1619 ’
1298 1612 1340 1643 ut
1360 1603 1597 1651 memineris,

202 1673 243 1702 80
262 1667 498 1706 conuenisse
518 1676 561 1707 ut
581 1683 631 1708 ne
652 1670 750 1720 quid
770 1671 876 1710 dotis
897 1684 986 1711 mea
1005 1673 1057 1711 ad
1078 1679 1116 1710 te
1136 1672 1305 1710 adferret
1325 1669 1414 1709 filia.

265 1733 346 1770 ΜΕ.
380 1733 553 1772 memini.
615 1736 713 1773 Evc.
744 1743 785 1774 at
823 1736 905 1775 scio
944 1750 1024 1787 quo
1063 1749 1134 1775 uos
1169 1735 1327 1774 soleatis
1365 1741 1483 1785 pacto
1515 1747 1598 1784 per-

1384 1798 1596 1850 plexarier:

262 1869 421 1913 pactum
460 1877 541 1903 non
575 1873 736 1916 pactum
770 1874 840 1915 est,
876 1880 957 1906 non
991 1874 1151 1917 pactum
1186 1872 1345 1916 pactum
1379 1871 1449 1911 est,
1485 1863 1595 1923 quod
1614 1866 1685 1902 260

1329 1929 1445 1968 uobis
1473 1928 1593 1967 lubet.

264 1995 346 2032 ME.
380 1998 487 2034 nulla
507 1997 778 2037 controuorsia
798 1997 895 2036 mihi
916 2005 1047 2036 tecum
1068 1996 1149 2035 erit.
1209 1996 1279 2034 sed
1299 1994 1456 2045 nuptias

306 2112 370 2140 242
388 2106 464 2142 post
477 2103 565 2133 lzunc
578 2114 711 2134 versum
735 2114 764 2133 v.
790 2113 854 2142 393
874 2103 986 2142 posuit
1006 2100 1134 2132 Ritschl
1263 2109 1327 2138 243
1349 2099 1429 2148 'hinc
1453 2102 1505 2129 est
1529 2097 1594 2149 cofl.

263 2146 326 2184 248
350 2147 513 2185 congredi
529 2146 594 2178 cod.
618 2147 654 2187 (i.
674 2148 708 2187 7)
851 2156 915 2186 249
940 2145 1072 2176 occasio
1093 2144 1189 2174 illaec
1206 2141 1323 2173 Hare:
1347 2142 1446 2173 illaec
1463 2151 1596 2173 occasro

262 2189 327 2220 cod.
463 2200 524 2230 251
551 2189 660 2233 (ego)
676 2201 749 2221 sum
778 2189 913 2220 Guietus
999 2188 1050 2219 vel
1073 2188 1121 2218 uti
1150 2187 1186 2226 cs.
1213 2185 1353 2218 Skutsch
1378 2184 1510 2227 (Philol.
1538 2196 1592 2225 59,

263 2234 343 2275 483)
499 2244 562 2273 252
586 2239 619 2265 te
640 2245 716 2265 cum
734 2239 888 2274 superscr.
915 2243 970 2263 me
990 2231 1055 2264 cod.
1077 2230 1179 2273 (unde
1203 2234 1238 2261 te
1260 2228 1327 2268 D²‚
1349 2239 1402 2260 me
1423 2229 1471 2271 Β)
1494 2230 1538 2270 (v.
1557 2229 1595 2270 3)

264 2287 326 2317 257
353 2278 438 2309 istuc
455 2277 515 2310 del.
534 2277 677 2317 Pylades
768 2281 900 2308 uortant
925 2276 1024 2309 delam·
