1742 2718
727 72 929 110 CASINA
1436 67 1476 105 11
1514 67 1589 105 viii

164 186 274 223 locus
294 191 352 223 est
371 191 551 234 paratus:
580 182 615 221 ei
637 195 709 232 ego
729 195 903 219 amorem
925 193 1084 218 omnem
1106 193 1238 218 meum

166 249 403 296 concredui3
432 248 464 286 is
485 247 580 286 mihi
601 261 642 285 se
664 248 795 284 locum
817 245 914 284 dixit
934 246 1040 283 dare.

78 319 149 360 480
168 317 241 354 OL.
273 314 368 364 quid
389 313 485 352 eiius
506 313 630 351 uxor?
660 311 729 350 ubi
749 310 849 349 erit?
906 311 977 348 LV.
997 309 1128 358 lepide
1148 307 1312 359 repperi.

168 393 256 418 mea
276 379 370 417 uxor
391 377 548 416 uocabit
568 378 646 414 huc
666 389 753 414 eam
773 376 824 413 ad
845 388 886 413 se
906 374 946 412 in
966 373 1134 424 nuptias,
1516 388 1558 420 45

168 452 210 483 ut
230 444 293 482 hie
314 443 361 482 sit
381 456 525 489 seeum,
549 456 590 480 se
609 441 782 487 adiuuet,
807 453 941 478 secum
961 439 1104 486 cubet3

168 523 240 560 ego
260 508 364 555 iussi,
386 515 424 546 et
443 506 539 546 dixit
559 520 601 544 se
621 507 810 543 facturam
832 517 927 542 uxor
947 517 1044 542 mea.

168 574 233 613 illa
252 574 315 611 hic
335 571 506 619 cubabit,
530 571 588 609 uir
607 568 782 622 ab[i]erit
802 571 890 607 faxo
911 570 1032 607 domo
1048 583 1057 615 ;

80 648 146 691 485
168 647 209 678 tu
231 653 293 677 rus
314 651 474 676 uxorem
495 638 641 675 duces:
670 634 711 673 id
732 649 796 673 rus
817 635 894 672 hoc
913 633 984 672 erit

168 704 355 754 tantisper
374 704 470 741 dum
490 716 563 752 ego
584 714 675 739 cum
697 699 843 739 Casina
862 698 1000 737 faciam
1022 698 1192 748 nuptias.
1518 709 1560 742 50

168 770 260 808 hine
280 777 321 808 tu
341 776 431 807 ante
451 769 579 806 lucem
600 781 664 805 rus
685 779 768 804 cras
789 766 910 803 duces
931 771 1078 815 postea.

169 835 269 874 satin
290 835 436 873 docte?
492 821 567 871 OL.·
598 839 737 869 astute.
799 831 875 869 CH.
908 843 979 879 age
1000 830 1132 875 mod0‚
1156 827 1412 875 fabricamini,

170 902 273 939 malo
293 901 423 938 hercle
443 905 578 937 nostro
599 905 679 935 tarn
701 895 851 934 uorsuti
871 895 1013 933 uiuitis.

82 981 151 1014 490
170 968 243 1004 LY.
272 965 355 1004 scin
383 963 480 1014 quid
511 976 616 1001 nunc
646 961 794 1000 facias?
850 962 923 1000 OL.
956 962 1126 1010 loquere.
1187 961 1256 997 Lv.
1288 966 1378 997 tene
1402 972 1499 996 mar-

1299 1023 1494 1074 suppinm,

168 1096 233 1136 abi
253 1103 370 1146 atque
391 1108 553 1145 opsona‚
576 1106 755 1144 propera,
775 1093 846 1130 sed
866 1090 996 1142 lepide
1017 1092 1120 1137 uolo,
1518 1099 1561 1132 55

171 1161 387 1201 molliculas
408 1173 527 1206 escas,
549 1165 593 1197 ut
612 1157 697 1208 ipsa
716 1156 916 1195 mollicula
935 1163 1002 1194 est.
1063 1156 1135 1194 OL.
1168 1153 1268 1193 licet.

172 1230 244 1267 LY.
273 1226 394 1266 emito
415 1225 593 1276 sepiolas,
617 1224 789 1273 lepadas,
811 1221 1094 1272 lolligunculas,

171 1292 500 1339 hordeias,—CH.
532 1290 655 1328 immo
676 1287 870 1335 triticeias‚
894 1287 925 1325 si
945 1286 1059 1337 sapis.

84 1373 150 1408 495
173 1360 242 1396 LY.
275 1358 411 1396 soleas.
471 1356 548 1395 CH.
580 1354 647 1404 qui
669 1366 817 1404 quaeso
837 1351 968 1403 potius
988 1365 1108 1402 quam
1128 1352 1371 1402 sculponeas,

171 1423 305 1474 quibu’
328 1423 527 1461 battuatur
546 1419 617 1459 tibi
638 1433 693 1467 05,
716 1433 836 1458 senex
856 1417 1139 1468 nequissume?
1524 1418 1567 1450 60

171 1490 244 1528 OL.
267 1487 335 1526 uin
350 1486 592 1537 lingulacas?
649 1487 719 1528 Lv,
743 1483 839 1534 quid
856 1489 984 1534 opust,
1002 1483 1163 1532 quando
1179 1495 1275 1521 uxor
1290 1480 1399 1524 domi
1415 1481 1502 1520 est?

171 1567 217 1592 ea
236 1552 430 1603 lingulaca
450 1558 508 1590 est
527 1549 653 1597 nobis,
677 1563 769 1588 nam
791 1561 1010 1598 numquam
1031 1554 1144 1586 tacet.

172 1620 246 1658 OL.
279 1617 318 1656 in
338 1631 378 1656 re
398 1615 592 1667 praesenti
613 1629 659 1654 ex
679 1614 793 1664 copia
813 1613 979 1664 piscaria

88 1699 154 1736 500
172 1684 377 1723 consulere
397 1682 493 1733 quid
514 1694 644 1720 emam
664 1687 812 1731 potero.
874 1681 945 1717 Lv.
976 1677 1148 1729 aequom
1168 1691 1269 1726 oras,
1288 1675 1364 1716 abi.

172 1756 332 1800 argento
352 1747 458 1799 parci
478 1749 581 1794 nolo,
605 1753 800 1797 opsonato
821 1744 1011 1796 ampliter.
1077 1786 1086 1792 ,
1524 1745 1565 1787 65

173 1828 265 1853 nam
285 1814 381 1853 mihi
401 1813 534 1852 uicino
553 1814 630 1852 hoc
651 1812 769 1851 etiam
790 1818 991 1851 conuento
1012 1817 1070 1850 est
1090 1823 1200 1861 opuS‚

173 1886 216 1918 ut
235 1880 344 1930 quod
364 1877 551 1918 mandaui
571 1885 692 1917 curet.
749 1878 822 1917 OL.
855 1876 986 1916 iamne
1006 1876 1136 1914 abeo?
1193 1876 1262 1913 LY.
1295 1875 1455 1912 uolo.—

175 1946 252 1985 CH.
284 1944 397 1983 tribu’
418 1958 498 1983 non
518 1942 689 1982 conduci
710 1956 872 1994 possum
892 1941 1138 1981 libertatibus

218 2049 281 2088 478
304 2058 438 2079 omnem
460 2058 609 2080 amorem
633 2047 718 2081 cod.:
758 2049 831 2079 trai.
860 2047 1011 2087 Pylades,
1041 2056 1122 2077 nam
1151 2047 1427 2075 amorem-meum
1452 2042 1507 2073 vix

164 2090 343 2133 ferendum
474 2093 537 2131 482
562 2093 699 2124 adiuuet
718 2091 777 2133 (Β)
802 2102 846 2122 an
863 2092 992 2123 adiutet
1007 2090 1091 2129 (PE,
1110 2089 1191 2128 sort.
1211 2090 1300 2121 recte:
1326 2087 1363 2126 ‘f
1381 2097 1411 2117 v.
1426 2086 1506 2126 580)

175 2137 281 2167 incert.
296 2135 361 2167 cod.
421 2137 484 2176 484
509 2137 561 2167 uir
573 2136 681 2167 aberit
696 2135 908 2166 Camerarius
922 2146 929 2166 ι
956 2135 1018 2176 [si]
1038 2134 1090 2164 uir
1107 2131 1227 2163 abierit
1240 2130 1307 2162 cod.
1371 2130 1434 2169 485
1452 2130 1507 2160 hic

177 2179 370 2211 Gulielmius
457 2181 520 2219 488
543 2181 631 2211 satin
647 2185 680 2211 at
697 2184 768 2211 tute
786 2180 799 2220 (
806 2184 867 2219 pro
886 2183 997 2210 astute
1008 2179 1033 2211 2)
1053 2181 1081 2207 et
1097 2177 1130 2207 in
1150 2187 1257 2216 marg.
1279 2178 1316 2205 ut
1329 2173 1393 2204 vid.
1407 2173 1506 2203 docte

175 2223 261 2254 cod.:
285 2233 311 2254 s,
329 2225 424 2254 astu?
449 2224 511 2255 OL.
527 2225 626 2255 docte
642 2223 746 2254 Bothe
863 2232 927 2261 493
950 2221 1079 2260 lepidas
1099 2219 1165 2251 cod.
1190 2219 1303 2261 (etiam
1324 2216 1412 2248 codd.
1431 2215 1506 2246 Pri-

174 2267 279 2298 sciam·
290 2277 316 2307 1,
332 2268 406 2304 108;
423 2268 655 2309 orthographia
668 2267 805 2306 antiqua
816 2265 841 2303 2)
905 2263 1140 2304 lolligunculas
1154 2267 1290 2294 testatur
1299 2261 1504 2292 Priscianus:

175 2310 391 2351 lolligiungas
407 2311 472 2343 cod.
563 2313 628 2350 496
644 2311 701 2350 qui
719 2310 787 2340 bat.
803 2308 937 2340 Guietus
981 2318 1019 2339 os
1031 2307 1090 2338 tibi
1102 2307 1246 2341 Mueller.
1267 2306 1416 2346 rhythmo
1432 2314 1505 2334 con-

175 2356 286 2386 sulens
372 2364 438 2394 500
460 2355 512 2386 abi
532 2354 764 2386 Camerarius:
789 2352 862 2384 abis
877 2351 945 2383 cod.
1036 2359 1098 2390 502
1112 2350 1194 2390 fort.
1216 2350 1316 2382 Nunc
1335 2349 1404 2391 (vii.
1425 2348 1460 2388 2)

221 2408 341 2431 PLAvT.
361 2409 372 2430 1
1380 2399 1419 2429 17
