1742 2718
750 63 955 102 CASINA

711 213 1004 251 CHALINVS

194 307 270 346 CH.
298 304 337 342 Si
358 317 464 342 nunc
485 316 548 340 me
569 301 819 351 suspendam,
845 313 972 338 meam
994 311 1154 348 operam
1174 295 1333 336 luserim

106 384 171 421 425
193 378 230 409 et
251 377 401 420 praeter
421 381 579 418 operam
601 366 733 404 restim
755 364 901 415 sumpti
921 364 1079 403 fecerim

193 442 232 474 et
252 434 347 473 meis
368 432 535 471 inimicis
557 433 800 481 uoluptatem
822 430 1046 468 creauerim.

193 499 288 550 quid
309 512 408 549 opus
429 505 499 544 est,
519 496 586 547 qui
607 496 662 534 sic
683 496 888 533 mortuos?
917 494 1102 544 equidem
1124 500 1255 532 tamen

193 564 285 603 sorti
306 577 392 601 sum
413 562 551 608 uictus,
575 560 720 600 Casina
740 560 863 597 nubet
884 558 1014 597 uilico.

191 637 310 679 atque
330 628 370 667 id
391 641 471 666 non
492 634 571 665 tam
592 633 742 676 aegrest
763 624 852 671 iam,
875 623 1016 662 uicisse
1036 623 1212 671 uilicum,

106 710 176 746 430
192 708 311 744 quam
332 693 372 732 id
393 691 626 742 expetiuisse
647 703 765 740 opere
786 696 866 728 tam
887 702 1031 738 magno
1052 701 1199 735 senem,

192 773 241 797 ne
262 772 307 797 ea
328 757 423 796 mihi
443 758 599 795 daretur
618 762 736 805 atque
756 762 799 793 ut
819 753 873 792 illi
894 753 1069 792 nuberet.

191 831 233 861 ut
254 822 317 861 ille'
337 816 571 873 trepidabat,
590 828 632 858 ut
653 819 861 858 festinabat
883 818 1022 857 miser!

191 896 234 927 ut
254 888 500 933 sussultabat‚
524 893 734 937 postquam
755 884 849 923 uicit
870 884 1009 922 uilicus
1027 887 1035 921 !

191 961 286 992 attat
306 957 311 991 l
345 953 564 992 concedam
590 953 678 998 huc,
701 950 821 989 audio
841 949 980 999 aperiri
1001 951 1117 997 fores,

103 1034 170 1071 435
192 1019 269 1057 mei
290 1019 573 1058 beneuolentes
593 1023 712 1066 atque
732 1015 848 1054 amici
869 1016 1076 1065 prodeunt.

190 1083 283 1123 hinc
304 1098 350 1122 ex
370 1082 521 1122 insidiis
541 1081 649 1120 hisce
670 1095 743 1131 ego
763 1080 924 1119 insidias
946 1080 1061 1119 dabo.

298 1188 560 1226 OLYMPIO
671 1187 998 1223 LYS1DAMvs
1110 1186 1405 1224 CHAL1st

191 1276 264 1314 OL.
298 1274 390 1313 Sine
411 1274 532 1312 modo
553 1286 616 1311 rus
637 1272 793 1311 ueniat:
824 1285 897 1321 ego
918 1270 1113 1310 remittam
1134 1273 1185 1310 ad
1206 1278 1244 1310 te
1264 1271 1391 1310 uirum

190 1354 282 1379 cum
302 1341 410 1378 furca
430 1339 469 1377 in
490 1339 628 1377 urbem
650 1345 851 1387 tamquam
874 1337 1159 1376 carbonarium.

192 1407 262 1444 LY.
295 1405 348 1444 ita
368 1404 450 1444 fieri
471 1411 635 1455 oportet.
696 1404 768 1442 OL.
802 1404 949 1441 facturn
970 1409 1009 1441 et
1029 1410 1206 1441 curatum
1227 1403 1343 1442 dabo.

105 1482 174 1526 440
192 1471 262 1508 Lv.
294 1469 403 1508 uolui
426 1468 649 1514 Chalinum,
673 1467 705 1506 si
725 1467 835 1506 dorni
855 1474 967 1513 esset,
991 1467 1144 1506 mittere

191 1541 321 1573 tecum
343 1541 591 1585 opsonatum,
615 1540 657 1571 ut
677 1532 794 1571 etiam
815 1531 855 1570 in
876 1545 1052 1582 maerore
1072 1532 1230 1583 insuper

137 1599 155 1610 ‘⁹
190 1599 351 1637 inimico
371 1605 506 1637 nostro
528 1596 723 1636 miseriam
745 1598 848 1635 hanc
868 1597 1136 1647 adiungerem.

191 1665 268 1704 CH.
300 1663 484 1703 recessim
505 1663 610 1702 dabo
630 1676 693 1701 me
713 1663 763 1701 ad
784 1661 983 1713 parietem,
1006 1661 1189 1701 imitabor
1209 1676 1352 1713 nepam
1366 1677 1377 1711 3

190 1730 426 1779 captandust
446 1730 587 1767 horum
608 1729 832 1766 clanculum
853 1740 982 1766 sermo
1004 1727 1110 1765 mihi.

103 1809 170 1846 445
191 1808 282 1832 nam
303 1794 458 1833 illorum
479 1807 543 1832 me
563 1795 659 1832 alter
678 1792 834 1839 cruciat,
858 1794 954 1830 alter
974 1799 1154 1831 macerat.

189 1867 229 1897 at
249 1859 482 1898 candidatus
503 1858 608 1898 cedit
628 1858 692 1897 hic
713 1857 901 1908 mastigia,

190 1924 437 1963 stimulorum
457 1923 585 1962 loculi.
646 1924 814 1973 protollo
835 1929 1001 1962 mortem
1023 1922 1118 1961 mihi
1134 1938 1145 1971 3

191 1996 340 2027 certum
361 1996 429 2036 est,
452 1990 558 2026 hunc
579 1988 872 2026 Accheruntem
894 1987 1141 2037 praemittam
1163 1988 1280 2038 prius.

1466 59 1519 96 II.
1543 57 1604 94 vii

1541 208 1604 246 vii

1546 892 1585 915 10

1542 1184 1620 1222 viii

1542 1872 1581 1894 10

236 2103 299 2131 424
317 2092 534 2132 ⁴suspendam
563 2101 617 2121 me
649 2090 736 2129 Reiz,
772 2090 824 2120 cui
851 2091 1012 2129 -pendzim
1044 2090 1186 2131 displicet
1315 2102 1379 2131 432
1403 2093 1453 2123 vel
1475 2093 1519 2123 ill'

192 2146 256 2175 434
280 2136 404 2176 aperiri
420 2135 493 2167 Ital.
512 2148 519 2166 :
544 2135 671 2174 operiri
684 2133 749 2164 cod.
812 2133 893 2164 foris
905 2133 1034 2164 Merula
1051 2145 1057 2163 :
1083 2134 1169 2165 soras
1180 2134 1245 2166 cod.
1268 2134 1518 2177 <ant.sorma?)

193 2189 256 2218 435
280 2180 347 2209 mei
364 2178 521 2209 Mueller:
554 2178 636 2208 mihi
651 2177 718 2208 cod.
813 2177 911 2208 amici
931 2177 1143 2209 Gulielmius:
1167 2188 1242 2208 ame
1263 2179 1329 2209 cod.
1353 2183 1427 2220 (pro
1444 2191 1518 2210 ame

192 2224 252 2254 ici?
274 2222 318 2253 iii.
340 2222 373 2262 4)
478 2224 543 2261 436
567 2222 660 2253 hisce
678 2221 905 2252 Cameram‘us:
933 2221 987 2251 hic
1008 2220 1074 2251 cod.
1185 2232 1247 2261 437
1273 2223 1386 2253 ueniat
1406 2223 1516 2254 Came-

192 2267 325 2297 rarius:
356 2265 491 2297 eueniat
518 2265 583 2296 cod.
763 2274 827 2303 443
851 2288 858 2294 .
879 2287 885 2294 .
906 2264 991 2295 dabo
1016 2274 1069 2294 me
1093 2264 1158 2296 cod.
1185 2266 1275 2296 Festi
1303 2268 1385 2305 165:
1415 2272 1517 2297 retro-

192 2320 328 2341 uorsum
352 2310 468 2340 cedam
494 2308 581 2340 codd.
602 2308 706 2339 Nonii
730 2317 811 2347 145:
849 2308 1009 2338 recessim
1038 2308 1152 2338 cedam
1177 2308 1242 2340 cod.
1272 2309 1464 2350 (conflatum
1480 2321 1520 2340 ex

190 2353 320 2384 duabus
336 2353 530 2392 lectionibus)
666 2362 728 2390 447
755 2355 894 2381 mortem
910 2350 1056 2390 protollo
1072 2351 1276 2392 Brugmann
1295 2353 1346 2392 (cf.
1364 2353 1410 2383 ad
1423 2357 1501 2392 424)
