1742 2718
672 56 1026 95 MENAECHMI
1484 61 1512 97 I.
1537 60 1579 98 iii

187 169 301 205 ΜΕΝ.
334 167 424 205 iube
445 166 560 216 igitur
580 165 694 204 tribu'
715 165 830 204 nobis
850 167 957 216 apud
977 174 1015 205 te
1036 167 1244 216 prandium
1267 169 1481 208 accurarier
1538 188 1575 219 ²5

182 239 300 282 atque
319 231 469 281 aliquid
489 230 811 269 scitamentorum
833 232 883 269 de
903 232 988 269 foro
1009 231 1246 281 opsonarier,

95 311 164 336 210
182 295 479 346 glandionidam
500 295 666 342 suillam,
689 295 854 334 laridum
878 295 1149 346 pernonidam,

182 368 249 398 aut
270 360 585 410 sincipitamenta
606 360 767 410 porcina
786 368 854 398 aut
873 360 1023 411 aliquid
1042 362 1094 400 ad
1115 375 1205 400 eum
1228 363 1404 410 modum,

184 425 343 464 madida
363 439 464 475 quae
485 424 538 463 mi
557 425 739 475 adposita
759 424 798 462 in
820 438 997 463 mensam
1019 425 1223 465 miluinam
1245 436 1451 478 suggerant
1467 443 1476 475 3

181 498 299 541 atque
333 497 521 528 actutum.
601 491 674 528 ER.
707 489 797 528 licet
831 497 993 529 ecastor.
1054 493 1169 529 MEN.
1202 505 1274 530 nos
1308 493 1512 543 prodimus
1533 510 1575 540 30

1299 559 1350 596 ad
1371 559 1509 596 forum.

181 621 257 659 iarn
280 620 343 659 hic
363 634 436 659 nos
456 619 624 658 erimus:
654 621 750 659 dum
772 627 975 670 coquetur,
998 619 1153 658 interim
1174 621 1412 671 potabimus.

93 697 158 733 215
182 687 256 723 ER.
288 686 449 735 quando
466 684 525 723 uis
545 684 648 731 ueni,
668 692 801 734 parata
816 698 876 723 res
897 684 978 723 erit.
1044 687 1158 724 ΜΕΝ.
1191 700 1357 737 propera
1377 689 1508 726 modo.

179 764 342 801 sequere
358 752 540 789 tii—PE.
564 764 637 801 ego
658 751 787 789 hercle
808 764 902 789 uero
923 758 961 789 te
981 758 1020 790 et
1040 752 1208 790 seruabo
1228 760 1266 790 et
1287 760 1324 791 te
1345 766 1497 803 sequar,

179 829 308 865 neque
327 815 448 853 hodie
469 822 511 853 ut
532 813 752 865 te'perdam
774 829 945 854 meream
967 817 1133 854 deorum
1155 816 1311 855 diuitias
1333 817 1496 855 mihi.—

180 882 253 918 ER.
285 886 449 918 euocate
470 878 574 917 intus
596 879 831 919 Culindrum
853 879 950 917 mihi
971 894 1143 930 coquom
1164 888 1341 920 actutum
1362 883 1474 921 foras.
1529 897 1566 927 35

493 992 753 1028 EROTrvm
866 991 1197 1030 CVLrNDRvs
1526 995 1572 1032 iv

179 1074 252 1111 ER.
286 1074 509 1123 sportulam
533 1085 629 1122 cape
659 1080 778 1122 atque
806 1080 1022 1122 argentum.
1078 1075 1193 1113 eccos
1224 1074 1290 1113 tris
1321 1089 1506 1114 nummos

1370 1140 1503 1179 habes.

89 1219 157 1244 220
176 1204 246 1242 CV.
279 1203 418 1241 habeo.
500 1204 573 1240 ER.
614 1201 679 1241 abi
707 1209 826 1253 atque
855 1202 1066 1253 opsonium
1095 1205 1206 1243 adfer
1223 1219 1233 1251 3
1270 1204 1384 1243 tribu'
1413 1205 1507 1245 uide

1189 1271 1298 1319 quod
1319 1270 1367 1308 sit
1387 1270 1504 1310 satis:

174 1347 303 1383 neque
324 1334 442 1372 defiat
464 1346 593 1383 neque
620 1332 796 1384 supersit.
857 1334 928 1373 CY.
960 1333 1215 1383 quoiusmodi
1237 1334 1299 1373 hic
1321 1335 1502 1375 homines

1361 1403 1503 1439 erunt?

175 1465 249 1502 ER.
281 1477 354 1514 ego
383 1471 421 1502 et
453 1465 741 1503 Menaechmus
772 1470 811 1503 et
841 1463 1031 1514 parasitus
1061 1463 1169 1502 eiius.
1230 1466 1301 1504 Cv.
1334 1464 1412 1503 iam
1438 1465 1499 1504 isti

1225 1525 1318 1568 sunt
1336 1531 1473 1570 decern
1490 1546 1500 1579 ;

170 1608 261 1633 nam
282 1594 472 1645 parasitus
492 1602 584 1634 octo
609 1594 614 1646 Ι
640 1594 848 1634 hominurn
869 1608 1012 1634 munus
1029 1595 1141 1634 facile
1162 1595 1344 1646 fungitur.
1520 1610 1537 1640 5

171 1661 246 1698 ER.
277 1662 432 1699 elocuta
451 1674 538 1698 sum
559 1659 762 1707 conuiuas,
782 1667 957 1699 ceterum
977 1674 1079 1699 cura.
1140 1662 1210 1700 Cv.
1242 1660 1344 1700 lieet.

82 1738 147 1775 225
169 1732 282 1764 cocta
311 1732 412 1772 sunt,
443 1724 536 1763 iube
565 1724 619 1763 ire
648 1724 886 1764 accubitum.
947 1727 1021 1763 ER.
1054 1725 1135 1764 redi
1166 1724 1255 1764 cito.
1316 1726 1388 1765 Cv.
1420 1725 1497 1764 iarn

1185 1804 1258 1840 ego
1278 1789 1343 1828 hic
1362 1805 1496 1830 ero.—

211 1904 276 1925 210
301 1893 390 1935 [aut]
409 1894 631 1933 pernonidam
647 1893 682 1923 A
796 1904 858 1924 212
881 1903 1060 1934 suggeram
1078 1893 1111 1924 A
1227 1903 1289 1932 214
1313 1895 1495 1934 quoquitur

167 1937 201 1967 P
213 1941 242 1968 et
245 1937 327 1977 fort.
346 1936 378 1966 A
499 1939 564 1967 216
587 1942 622 1968 tu
639 1935 737 1979 (me)
753 1935 942 1968 Lambinus
1039 1941 1073 1969 et
1084 1941 1202 1978 poster.
1226 1948 1292 1968 om.
1310 1937 1356 1977 A,
1376 1942 1413 1968 ut
1425 1938 1489 1969 vid.

167 1981 232 2010 218
255 1990 424 2020 quoquom
440 1980 474 2010 A
493 1992 500 2011 ε
524 1991 697 2020 quoquum
712 1979 747 2010 P
833 1991 898 2020 219
913 1981 998 2012 treis
1014 1981 1047 2011 A
1138 1992 1198 2012 221
1225 1981 1275 2012 vel
1287 1981 1321 2012 hi
1338 1982 1388 2012 vel
1402 1981 1492 2012 hisce

167 2034 231 2062 223
254 2034 375 2054 munus
402 2024 443 2061 P,
472 2024 560 2055 codd.
589 2023 696 2055 Nonii
723 2034 809 2063 497:
843 2035 933 2055 nunc
958 2024 1016 2055 A:
1050 2023 1182 2067 (unus)
1206 2035 1330 2056 munus
1356 2024 1491 2056 Mueller

169 2067 298 2103 (Rhein.
323 2066 411 2098 Mus.
432 2076 486 2107 54,
503 2068 598 2109 391):
622 2078 711 2099 nune
729 2077 852 2098 munus
868 2068 928 2098 alii
1021 2078 1085 2109 224
1109 2069 1220 2100 curari
1245 2068 1278 2098 A
1306 2069 1402 2109 (3pro
1413 2078 1492 2099 cura

166 2110 244 2152 ΟΥ.)
321 2111 402 2141 ticet
417 2110 452 2141 P
465 2111 560 2153 (corr.
577 2110 637 2152 ΒΞ)
659 2110 775 2153 (Tpro
793 2110 838 2148 L;
862 2111 906 2142 vi.
926 2110 958 2151 1)
