1814 2723
222 67 274 104 II.

240 189 279 211 10

242 580 278 613 15

246 746 275 782 ii

263 1091 279 1121 5

244 1482 282 1504 10

296 68 310 102 i
719 69 765 106 T.
800 68 979 107 MACCI
1011 70 1215 107 PLAVTI

406 176 562 226 quoiius
582 176 766 227 quotiens
784 179 1006 227 sepulcrum
1028 177 1151 225 uides,
1175 179 1383 217 sacruficas
1656 187 1719 223 175

405 242 496 281 ilico
517 244 623 282 Orco
639 242 787 290 hostiis,
811 257 942 294 neque
962 245 1064 282 adeo
1085 243 1233 291 iniuria,

356 307 447 357 quia
468 307 655 346 licitumst
677 322 763 346 eam
785 307 855 347 tibi
877 308 1054 347 uiuendo
1074 309 1243 347 uincere.
1309 311 1377 347 PE.
1410 310 1463 347 oh
1481 312 1487 347 1

406 374 600 411 Hercules
623 386 695 422 ego
716 372 782 420 fui,
806 374 902 411 dum
923 372 988 411 illa
1009 387 1165 412 mecum
1188 374 1283 421 fuit3

297 450 426 486 neque
456 444 563 475 sexta
589 450 776 476 aerumna
805 437 982 476 acerbior
1010 438 1175 477 Herculi
1202 452 1320 488 quam
1347 438 1412 477 illa
1439 438 1534 477 mihi
1564 438 1632 476 ob-

1481 503 1627 542 iectast.

298 568 369 604 ΑΡ.
402 568 563 617 pulchra
588 568 730 617 edepol
763 569 835 605 dos
864 567 1078 617 pecuniast.
1152 570 1219 605 PE.
1253 581 1354 617 quae
1381 568 1543 616 quidem
1563 569 1630 618 pol
1657 569 1721 604 180

1344 645 1425 670 non
1446 631 1628 670 maritast.

372 742 644 779 EP1D1cvs
756 744 1083 779 APOEcinES
1195 743 1565 779 PER1PHANES

460 819 528 856 ΕΡ.
562 819 604 856 St
621 821 628 855 Ξ

458 890 594 928 tacete,
618 882 762 922 habete
782 883 959 921 animum
981 883 1143 922 bonum.

405 948 556 998 liquido
577 962 674 988 exeo
694 950 796 987 foras
817 949 1005 998 auspicio,
1028 949 1092 987 aui
1113 948 1290 987 sinistera
1308 963 1317 997 ;
1659 954 1770 998 183-4

297 1020 457 1051 acutum
478 1015 646 1052 cultrum
667 1014 806 1061 habeo,
831 1015 935 1053 senis
956 1014 1022 1064 qui
1051 1022 1273 1053 excuterem
1294 1014 1575 1065 marsuppium.
1660 1019 1721 1063 185

406 1079 475 1116 sed
496 1091 635 1117 eccum
655 1078 785 1128 ipsum
805 1087 897 1118 ante
917 1079 1027 1118 aedis
1047 1079 1257 1129 conspicor
1276 1077 1404 1132 (cum)
1425 1079 1632 1130 Apoecide

512 1143 638 1194 qualis
654 1145 748 1182 uolo
768 1146 923 1183 uetulos
944 1146 1036 1184 duo.

298 1207 375 1246 iam
395 1221 468 1258 ego
489 1222 553 1247 me
573 1216 806 1247 conuortam
827 1209 867 1247 in
888 1209 1112 1248 hirudinem
1140 1216 1258 1259 atque
1278 1223 1414 1248 eorum
1436 1209 1634 1260 exsugebo

1387 1274 1630 1324 sanguinem,

516 1338 640 1378 senati
661 1338 729 1389 qui
750 1340 935 1378 columen
956 1341 1099 1379 cluent.

356 1406 428 1442 ΑΡ.
460 1404 650 1443 continuo
667 1412 709 1442 ut
730 1405 892 1443 maritus
909 1406 986 1443 fiat.
1047 1407 1115 1443 PE.
1149 1406 1269 1443 laudo
1283 1405 1491 1443 consilium
1507 1412 1629 1444 tuom.
1658 1417 1723 1452 190

355 1483 446 1507 nam
463 1482 536 1519 ego
552 1469 660 1507 illum
675 1469 811 1508 audiui
825 1469 865 1508 in
877 1483 1054 1509 amorem
1070 1471 1229 1508 haerere
1248 1471 1356 1520 apud
1376 1470 1632 1520 nescioquam

1419 1534 1631 1581 fidicinam,

355 1599 395 1638 id
423 1613 495 1650 ego
516 1600 726 1638 excr‘ucior.
789 1602 859 1639 ΕΡ.
892 1601 933 1640 di
953 1602 1085 1640 hercle
1105 1614 1244 1640 omnes
1265 1614 1329 1639 me
1349 1600 1548 1648 adiuuant,
1572 1613 1636 1638 au-

1349 1673 1452 1715 gent,
1475 1672 1609 1703 amant
1627 1679 1637 1703 t

356 1729 429 1780 ipsi
449 1729 654 1781 hiquidem
677 1730 773 1769 mihi
794 1732 890 1770 dant
911 1730 1028 1779 uiam,
1052 1744 1132 1781 quo
1152 1738 1269 1782 pacto
1298 1731 1349 1769 ab
1370 1743 1411 1769 se
1430 1737 1636 1780 argentum

1448 1796 1632 1833 auferam.

300 1873 371 1910 age
395 1860 580 1899 nunciam
603 1875 699 1900 orna
715 1870 764 1910 te,
785 1861 962 1913 Epidice,
986 1869 1024 1901 et
1044 1861 1248 1913 palliolum
1269 1860 1309 1899 in
1330 1861 1475 1899 collum
1496 1859 1635 1898 conice

347 1953 408 1983 180
431 1953 618 1985 maritatast
635 1954 668 1984 P
760 1956 863 1994 183-4
889 1955 1039 1995 auspicio
1060 1954 1150 1985 foras
1167 1953 1255 1993 Reiz,
1277 1952 1414 1993 undefit
1430 1953 1522 1993 (cum
1536 1953 1635 1983 sinis-

300 1997 368 2037 tra)
384 2007 494 2026 versus
517 1997 697 2028 Reizianus
820 2000 924 2038 185—2
931 2009 969 2038 13
992 1998 1075 2029 deest
1088 1997 1121 2027 A
1143 1997 1192 2039 (f.
1209 1998 1282 2035 264,
1303 1997 1321 2027 i.
1336 2008 1359 2026 e.
1378 1996 1507 2027 totidem
1524 2006 1636 2027 versus

300 2042 379 2078 quot
391 2041 513 2071 suntin
527 2040 566 2080 P,
585 2052 725 2081 quorum
741 2053 856 2073 novem
871 2043 955 2073 linea
968 2041 1143 2082 longiores)
1279 2041 1338 2079 185
1356 2044 1568 2070 extenterem
1583 2040 1617 2070 Β
1623 2039 1634 2057 ³

301 2094 368 2123 mg.
394 2083 432 2124 (i.
454 2085 490 2124 8)
646 2087 708 2116 186
731 2086 928 2126 Apoecidae
945 2085 1024 2123 cod.‚
1039 2086 1122 2125 sort.
1145 2087 1238 2115 recte:
1272 2094 1347 2114 cum
1372 2082 1448 2113 add.
1468 2082 1555 2114 Leo:
1578 2081 1636 2126 <et

301 2137 367 2156 una
379 2137 452 2157 cum
463 2127 528 2170 eo)
542 2129 752 2170 Apoecidem
769 2130 809 2169 (2)
825 2129 922 2161 Goetz
1002 2131 1060 2168 187
1075 2131 1149 2159 ante
1158 2127 1267 2167 qualis
1277 2127 1398 2157 lacuna
1409 2126 1549 2157 indicata
1561 2127 1595 2157 in
1606 2126 1640 2156 B

304 2171 364 2200 188
389 2172 562 2203 exorbebo
584 2176 720 2204 testatur
734 2173 864 2204 Nonius
889 2184 950 2204 102
975 2173 1028 2213 (cf.
1056 2172 1204 2211 Lindsay
1224 2173 1231 2187 ‘
1243 2171 1330 2201 Non.
1358 2171 1474 2201 Marc)
1501 2179 1532 2209 p.
1561 2170 1637 2209 106)

265 2248 273 2257 N
304 2215 364 2253 189
388 2214 476 2246 cluet
496 2216 552 2247 Bss.
597 2216 679 2246 Post
696 2218 784 2247 hunc
797 2227 828 2247 v.
841 2217 995 2248 lacunam
1011 2217 1095 2256 sign.
1117 2214 1160 2247 R.
1173 2213 1320 2245 Mueller.
1365 2213 1561 2253 Periphanis
1570 2213 1638 2254 pri-

302 2268 399 2288 mum
422 2270 607 2290 sermonem
628 2260 736 2298 fuisse
762 2270 893 2291 scaenae
918 2261 951 2291 in
975 2259 1007 2289 A
1035 2259 1149 2289 titulus
1174 2257 1306 2296 indicat,
1333 2257 1390 2287 ubi
1414 2266 1638 2287 PERtPHANEs

302 2311 493 2332 APOECIDES
604 2313 661 2342 191
690 2313 805 2334 amore
825 2303 1122 2343 Cameram'z'asson.
1144 2305 1219 2332 recte
1324 2311 1385 2340 192
1409 2309 1554 2330 excruor
1569 2299 1635 2330 cod.

303 2354 356 2374 me
381 2345 497 2375 hercle
522 2356 641 2376 omnes
664 2345 802 2387 Langen
903 2346 954 2377 vel
970 2346 1047 2377 med
1186 2355 1245 2384 194
1269 2344 1405 2384 pallium
1430 2343 1518 2374 codd.
1548 2343 1641 2374 Gellii

303 2401 333 2427 47
357 2398 403 2428 17,
424 2400 442 2427 4
