1742 2718
687 43 1005 82 MERCATOR
1440 44 1507 80 IV.
1529 43 1574 79 iii

49 173 161 209 732-5
185 155 261 192 Do.
295 167 374 193 non
395 161 437 192 tu
458 153 534 192 scis
554 166 655 204 quae
676 152 725 191 sit
746 152 837 192 illa?
895 155 963 191 ΙΝ.
997 153 1119 191 immo
1140 152 1217 191 iam
1239 153 1344 191 scio:

183 220 233 256 de
255 218 349 256 istac
370 233 456 257 sum
479 218 595 257 iudex
615 225 762 267 captus
825 220 901 256 Do.
934 217 1081 256 iudex?
1110 217 1187 255 iam
1209 217 1314 256 scio:

184 297 288 321 nunc
310 291 350 321 tu
372 283 410 321 in
433 282 640 321 consilium
663 282 775 320 istam
796 281 1043 320 aduocauisti
1065 281 1145 320 tibi.
1533 298 1571 329 35

185 349 253 385 ΙΝ.
287 347 409 385 immo
430 347 508 385 sic:
539 354 742 397 sequestro
763 346 858 384 mihi
879 348 1017 385 datast.
1081 349 1156 384 Do.
1189 345 1384 396 intellego.

186 415 254 450 Lx'.
288 412 384 450 nihil
404 413 534 450 hercle
554 411 664 449 istius
685 411 898 461 quicquam
920 418 987 449 est.
1050 413 1126 449 Do.
1160 424 1324 449 numero
1346 411 1508 462 purigas.

98 492 166 525 740
185 479 254 516 ΙΝ.
288 477 452 515 nimium
474 476 605 526 negoti
627 476 788 527 repperi.
847 476 953 514 enim
977 489 1070 513 uero
1091 477 1244 514 haereo.

247 588 427 625 Cocvs
512 588 878 624 Lvsmmcnvs
965 587 1222 623 DORIPPA
1306 587 1448 624 SYRA
1533 589 1578 624 iv

184 670 257 708 CO.
290 667 406 718 Agite
426 667 477 706 ite
498 674 685 714 actutum,
710 681 801 705 nam
824 666 876 705 mi
896 666 1061 706 amatori
1083 666 1166 705 seni

183 734 429 783 coquendast
449 746 556 771 cena.
616 732 745 781 aitque,
769 745 891 782 quom
913 731 1098 782 recogito,

183 797 298 836 nobis
318 798 582 847 coquendasn
598 810 679 835 non
699 795 810 847 <quoi
831 795 1036 848 con>ducti
1058 810 1203 834 sumus.

183 877 275 901 nam
297 863 364 912 qui
384 869 489 900 amat
510 862 619 911 quod
639 868 744 899 amat
765 862 797 899 si
818 861 949 907 habet,
972 860 1013 899 id
1033 861 1153 899 habet
1174 874 1244 911 pro
1264 860 1379 901 cibo:

99 940 163 976 745
184 928 329 974 uidere,
351 925 547 976 amplecti,
570 924 747 972 osculari,
771 925 931 975 adloqui
947 940 957 973 3
1536 941 1554 971 5

183 993 253 1030 sed
275 1005 346 1030 nos
366 993 527 1030 confido
547 999 710 1030 onustos
731 991 924 1030 redituros
945 993 1122 1031 domum.

183 1056 259 1095 eite
280 1058 363 1094 hac.
424 1057 495 1095 sed
515 1070 654 1095 eccum
676 1056 744 1106 qui
765 1070 838 1095 nos
858 1057 1050 1096 conduxit
1070 1071 1199 1096 senex.

184 1123 254 1160 Lv.
287 1135 380 1160 eece
399 1129 532 1160 autem
553 1121 661 1173 perii,
683 1135 834 1172 coquos
854 1123 991 1161 adest!
1050 1124 1122 1162 Co.
1154 1122 1403 1162 aduenimus.

186 1189 256 1226 Lv.
287 1187 386 1226 abei.
438 1188 510 1227 Co.
544 1187 652 1238 quid,
673 1187 815 1227 abeam
828 1189 846 1226 ?
903 1190 973 1226 Lv.
1006 1195 1040 1226 st
1058 1191 1064 1226 ἶ
1089 1187 1188 1227 abes.
1240 1189 1312 1228 Co.
1345 1189 1516 1227 abea'im?

1310 1255 1380 1291 Lv.
1412 1253 1511 1293 abei.

97 1331 168 1369 750
186 1319 258 1358 Co.
290 1331 372 1356 non
392 1317 485 1356 estis
504 1317 710 1357 cenaturi?
765 1319 835 1357 Lv.
869 1317 946 1357 iarn
967 1318 1086 1358 saturi
1107 1332 1253 1357 sumus.
1540 1337 1576 1357 lo

185 1383 257 1422 Co.
281 1384 478 1421 sed—LV.
503 1381 630 1421 interii
649 1385 656 1421 ἔ
698 1384 775 1422 DO.
798 1382 896 1433 quid
910 1383 967 1421 ais
984 1385 1050 1421 tu?
1071 1382 1242 1422 etiamne
1259 1384 1356 1422 haec
1372 1382 1426 1421 illi
1444 1383 1513 1422 tibi

182 1448 377 1486 iusserunt
396 1447 495 1496 ferri,
517 1461 618 1498 quos
638 1447 739 1486 inter
758 1448 876 1487 iudex
896 1449 1051 1487 datu’s?

183 1513 255 1552 Co.
287 1512 428 1551 haecin
449 1519 516 1550 tua
535 1520 594 1551 est
612 1512 740 1551 amica
759 1526 879 1562 quarn
900 1513 1053 1552 dudum
1075 1512 1171 1551 mihi

183 1586 221 1617 te
240 1591 372 1616 amare
392 1576 523 1625 dixtei,
547 1591 669 1627 quom
690 1578 914 1628 opsonabas
927 1579 945 1616 ?
1002 1580 1071 1616 Lv.
1104 1592 1185 1617 non
1206 1580 1342 1618 taces?

96 1654 162 1692 755
183 1644 256 1683 CO.
289 1642 373 1681 sati'
393 1642 535 1681 scitum
556 1644 666 1681 filum
687 1642 870 1682 mulieris.
930 1657 1068 1682 uerum
1090 1645 1221 1683 hercle
1240 1651 1343 1683 anet.
1537 1660 1571 1692 15

184 1710 253 1747 Lv.
285 1707 378 1746 abin
399 1709 622 1746 dierectus?
678 1709 752 1748 Co.
783 1709 862 1746 hau
883 1710 1033 1747 malast.
1093 1711 1163 1747 Lv.
1194 1717 1234 1748 at
1254 1717 1296 1748 tu
1317 1711 1464 1748 malu's.

182 1774 255 1813 Co.
278 1772 417 1811 scitam
433 1773 563 1811 hercle
583 1771 726 1824 opinor
740 1772 1006 1811 concubinam
1024 1773 1137 1811 hanc.
1188 1775 1258 1812 Lv.
1283 1773 1378 1823 quin
1398 1774 1513 1812 abis?

182 1851 263 1876 non
283 1850 357 1887 ego
377 1850 464 1875 sum
484 1836 552 1887 qui
572 1844 611 1875 te
631 1837 784 1875 dudum
804 1837 988 1876 conduxi.
1048 1839 1122 1877 Co.
1153 1837 1250 1888 quid
1270 1840 1358 1877 est?

182 1902 306 1940 immo
325 1903 455 1940 hercle
475 1908 517 1940 tu
538 1901 624 1940 istic
644 1901 763 1952 ipsus.
822 1903 893 1940 Lv.
925 1915 999 1940 uae
1019 1901 1162 1941 misero
1183 1902 1279 1940 mihi
1296 1905 1303 1940 1

96 1973 166 2015 760
183 1968 259 2007 Co.
288 1979 432 2016 nempe
452 1979 549 2005 uxor
568 1965 682 2005 rurist
702 1973 779 2014 tua,
802 1980 922 2016 quam
943 1967 1096 2006 dudum
1117 1966 1293 2006 deixeras
1531 1984 1570 2005 20

227 2079 289 2109 735
324 2070 374 2101 vel
394 2069 491 2101 illaec
634 2071 696 2109 738
728 2073 830 2101 immo
855 2074 1063 2111 suspectum:
1087 2070 1167 2110 sort.
1193 2070 1292 2102 Enim
1449 2082 1510 2111 742

182 2114 357 2153 coquenda
374 2118 489 2144 cenast
504 2113 606 2144 Bothe
702 2114 753 2144 vel
765 2114 856 2154 atqui
999 2124 1061 2153 743
1083 2114 1162 2154 quoi
1179 2115 1337 2146 conducti
1356 2114 1510 2146 Camera-

183 2158 272 2188 rius:
305 2157 396 2187 ducti
419 2156 484 2188 cod.
510 2157 568 2195 (iii.
599 2157 651 2196 11)
787 2168 850 2197 749
872 2157 989 2188 abeam
1013 2156 1085 2197 alt]
1110 2157 1275 2189 abeamne
1299 2158 1511 2190 Camerarius

183 2201 308 2240 752-61
330 2205 436 2241 pauca
451 2200 654 2240 legunturin
669 2199 703 2230 A
796 2210 858 2240 753
881 2201 931 2231 vel
943 2200 1086 2232 haecine
1146 2201 1267 2232 haecin
1284 2226 1292 2233 .
1314 2226 1321 2233 .
1340 2224 1349 2232 .
1366 2211 1427 2241 1³9!
1444 2225 1452 2232 .
1470 2226 1478 2234 .
1500 2227 1508 2234 .

181 2270 356 2278 .......
374 2248 460 2287 sse<t
474 2247 590 2286 q)uam
609 2247 733 2277 dudum
752 2248 834 2278 mihi
849 2247 883 2278 A
1034 2257 1096 2287 755
1119 2248 1206 2279 satin
1224 2249 1257 2279 A
1359 2242 1462 2280 filium
1478 2249 1512 2279 P

184 2299 244 2329 757
270 2290 319 2320 vel
331 2290 433 2330 opino
449 2301 456 2320 :
479 2292 601 2330 opinor
621 2290 735 2332 [sane]
752 2290 786 2320 P
799 2291 908 2332 (‘var.
926 2290 989 2323 lect.
1009 2290 1173 2332 adscrtjptff
1192 2291 1340 2332 Seyfferti
1410 2291 1508 2332 quin]

183 2344 250 2364 non
267 2333 301 2364 P
316 2334 341 2374 (Ζ
352 2338 415 2374 pro
437 2334 494 2374 qui
510 2344 578 2365 non
594 2334 645 2364 vel
657 2344 715 2365 cur
731 2345 796 2365 non
808 2334 934 2375 gloss.)
1061 2345 1125 2375 759
1147 2335 1233 2367 istuc
1249 2335 1290 2375 P,
1308 2336 1405 2366 etiam
1423 2336 1454 2366 A
1474 2340 1510 2366 ut

182 2377 245 2408 vid.
383 2378 446 2415 760
469 2382 579 2408 rurest
595 2378 628 2408 P
