1814 2723
222 47 331 86 111.i
733 47 780 83 T.
814 44 996 84 MACCI
1027 43 1233 81 PLAVTI

325 170 411 196 eam
434 158 488 194 sei
510 155 675 202 curabis,
699 155 924 205 perbonast‚
948 153 1135 191 tondetur
1154 150 1321 189 nimium
1343 151 1449 189 scite.

327 224 395 259 PA.
420 220 580 259 honoris
594 233 732 258 caussa
745 217 941 268 quidquid
954 224 1012 255 est
1028 218 1138 267 quod
1151 215 1308 255 dabitur
1320 223 1471 266 gratum
1486 216 1654 255 habebo.

268 302 309 332 30
328 289 397 325 LY.
430 300 546 333 nunc,
567 285 716 331 mulier,
734 297 785 321 ne
806 291 847 321 tu
869 284 1008 321 frustra
1028 282 1090 328 sis,
1110 295 1199 320 mea
1218 295 1299 320 non
1320 295 1372 328 es,
1391 295 1441 319 ne
1461 280 1655 319 arbitrere.

329 354 396 389 PA.
429 350 517 389 deic
538 350 652 400 igitur
672 361 835 399 quaeso,
850 347 970 397 quoia
990 348 1107 385 sum?
1156 348 1225 384 Lv.
1258 353 1327 384 tuo
1343 359 1410 384 ero
1425 346 1659 396 redempta's

1501 414 1635 448 rusum
1650 425 1660 457 3

327 496 401 533 ego
422 490 459 520 te
480 481 642 525 redemi,
663 481 726 517 ille
748 492 905 517 mecum
925 476 1061 516 orauit.
1123 478 1191 515 PA.
1223 475 1378 514 animus
1399 474 1523 522 rediit,
1681 488 1697 526 5
1705 490 1748 525 30

328 547 383 586 sei
405 560 561 585 mecum
584 552 760 583 seruatur
780 545 889 582 fides.
951 545 1020 580 Lv.
1054 542 1163 581 bono
1183 541 1317 580 animo
1338 554 1390 588 es,
1413 539 1593 579 liberabit

330 613 394 652 ille
415 621 452 651 te
472 614 594 650 homo
611 626 618 649 :
648 611 701 648 ita
722 611 865 659 edepol
885 608 1047 659 deperit,
1070 615 1190 657 atque
1210 606 1330 645 hodie
1350 606 1520 657 primum
1536 605 1646 644 uidit.

272 693 311 726 35
332 681 400 716 PA.
434 684 586 716 ecastor
607 676 684 714 iam
706 674 951 713 bienniumst
972 687 1094 723 quom
1116 686 1273 710 mecum
1295 686 1377 710 rem
1398 671 1539 720 coepit.

331 758 449 790 nunc,
471 743 633 792 quando
653 740 826 778 amicum
848 747 885 777 te
907 738 988 776 scio
1009 752 1094 777 esse
1115 737 1228 784 illius,
1251 737 1448 775 indicabo.

332 811 401 847 LY.
434 808 530 858 quid
551 806 607 845 ais
628 808 700 843 tu?
729 805 806 843 iam
834 803 1081 842 bienniumst
1097 815 1220 852 quom
1248 809 1379 841 tecum
1407 801 1488 840 rem
1515 802 1664 840 habet?
1685 811 1749 848 535

1433 869 1500 904 PA.
1532 874 1664 913 certo3

331 947 371 978 et
391 938 490 977 inte'r
510 951 582 976 nos
603 934 909 981 coniurauimus,
931 947 1005 984 ego
1025 946 1116 971 cum
1138 932 1206 970 illo
1225 939 1265 970 et
1284 931 1348 969 ille
1369 945 1525 969 mecum
1543 947 1549 969 :

332 1018 406 1054 ego
440 1017 531 1042 cum
566 1002 651 1040 uiro
682 1008 720 1040 et
755 1000 805 1038 ill'
839 1013 931 1038 cum
963 997 1135 1045 muliere,
1169 996 1243 1035 nisi
1274 1010 1366 1035 cum
1398 996 1465 1034 illo
1498 1004 1564 1034 aut
1598 995 1662 1034 ille
1683 1001 1769 1045 536a

1495 1075 1664 1108 mecum,

274 1153 318 1183 40
335 1143 473 1175 neuter
494 1133 616 1184 stupri
637 1146 777 1171 caussa
797 1138 917 1181 caput
936 1129 1099 1168 limaret.
1162 1130 1231 1166 Lv.
1264 1127 1305 1167 di
1325 1127 1552 1165 inmortales
1569 1129 1576 1164 l

336 1201 453 1240 etiam
474 1213 566 1238 cum
587 1211 706 1236 uxore
727 1211 808 1235 non
829 1196 977 1234 cubet?
1034 1196 1103 1232 PA.
1135 1193 1290 1239 amabo,
1313 1193 1364 1230 an
1385 1191 1592 1230 maritust?

336 1280 465 1316 neque
499 1272 558 1303 est
587 1276 718 1313 neque
747 1261 828 1300 erit.
889 1262 962 1298 Lv.
991 1258 1116 1298 nolim
1150 1257 1324 1308 quidem.
1383 1258 1506 1295 homo
1539 1257 1669 1294 hercle

1451 1320 1665 1372 peiierauit.

337 1400 406 1436 PA.
443 1397 596 1435 nullum
630 1395 927 1433 adulescentem
961 1392 1049 1442 plus
1087 1403 1190 1428 amo.
1269 1390 1339 1426 LY.
1375 1400 1471 1438 puer
1509 1393 1568 1424 est
1605 1385 1669 1424 ille
1690 1400 1757 1436 540

1344 1452 1517 1504 quidem,
1539 1452 1667 1489 stulta.

339 1543 431 1569 nam
451 1528 504 1567 illi
526 1527 687 1578 quidem
708 1527 786 1564 hau
807 1538 901 1564 sane
922 1523 1028 1563 diust
1048 1534 1171 1572 quom
1192 1522 1333 1559 dentes
1353 1517 1591 1557 exciderunt.
1619 1530 1622 1533 ’
1649 1523 1652 1529 ’

279 1611 320 1645 45
340 1597 409 1633 PA.
441 1593 548 1644 quid,
577 1593 747 1631 dentes?
804 1592 874 1629 Lv.
906 1588 1003 1627 nihil
1030 1595 1099 1626 est.
1159 1599 1323 1636 sequere
1353 1584 1415 1623 sis.
1474 1585 1580 1621 hunc
1607 1596 1671 1621 me

1274 1649 1380 1689 diem
1401 1663 1525 1688 unum
1545 1647 1671 1687 orauit

339 1734 381 1765 ut
401 1726 508 1776 apud
529 1738 592 1763 me
612 1722 884 1774 praehiberem
904 1722 1049 1766 locum,
1072 1718 1164 1757 ideo
1184 1715 1278 1768 quia
1296 1729 1393 1754 uxor
1413 1714 1593 1753 rurist.—

291 1840 321 1877 ii
872 1832 1143 1868 DEMIPHO

422 1919 499 1955 DE.
531 1917 713 1954 Tandem
735 1912 942 1964 impetraui
961 1917 1118 1961 egomet
1139 1923 1202 1948 me
1222 1916 1265 1947 ut
1285 1920 1574 1958 corrumperem
1592 1922 1599 1945 ε

421 1988 591 2032 emptast
610 1979 738 2018 amica
757 1980 859 2017 clam
880 1990 1042 2015 uxorem
1062 1982 1101 2014 et
1121 1976 1223 2013 clam
1243 1973 1378 2012 filium.
1693 1984 1757 2021 545

386 2086 451 2125 526
474 2083 628 2116 curabeis
644 2083 676 2114 A
768 2091 830 2121 527
848 2080 1027 2120 ha(be}tur
1039 2079 1071 2110 A
1094 2078 1120 2119 (‘
1133 2078 1198 2110 scil.
1216 2076 1381 2116 habetor‚’
1394 2075 1532 2115 Schoell)
1608 2083 1674 2114 530

342 2128 444 2173 (illi)⁷
465 2128 519 2158 ille
536 2127 665 2158 Ritschl
726 2125 874 2165 mecum]
892 2135 946 2154 me
959 2123 993 2154 P
1008 2125 1101 2164 &pro
1113 2125 1199 2160 mec,
1216 2121 1236 2153 i.
1249 2131 1271 2152 e.
1293 2120 1440 2160 mecum)
1506 2119 1626 2150 redieit
1638 2118 1671 2149 A

344 2184 408 2214 532
432 2173 482 2203 vel
502 2171 548 2202 ill'
574 2174 607 2201 te
696 2170 788 2209 atqui
805 2169 863 2199 alii
992 2177 1056 2206 534
1080 2166 1199 2196 incabo
1221 2164 1254 2195 A
1390 2173 1453 2203 535
1477 2163 1580 2193 habet
1601 2173 1671 2193 rem

346 2223 457 2249 tecum
473 2216 505 2246 A
621 2215 788 2253 536—536a
812 2218 846 2243 et
864 2211 920 2242 ille
937 2236 944 2242 .
966 2235 973 2242 .
994 2235 1001 2242 .
1021 2210 1079 2240 illo
1096 2220 1161 2240 om.
1181 2209 1214 2239 A
1236 2208 1296 2250 (iii.
1314 2207 1367 2247 11)
1479 2207 1544 2246 536
1567 2206 1592 2235 it
1606 2206 1676 2246 (vix

343 2267 403 2302 pro
420 2260 470 2300 id)
488 2260 545 2289 int.
565 2257 598 2288 A
705 2258 769 2296 538
785 2267 829 2286 an
843 2254 952 2298 (iam)
969 2252 1110 2284 Mueller
1195 2262 1237 2282 an
1255 2249 1427 2290 maritust]
1445 2254 1632 2281 amaturust
1643 2248 1678 2278 P

346 2314 410 2344 539
433 2301 618 2343 periurabit
634 2300 668 2331 A
787 2309 852 2339 542
875 2299 941 2329 huc
958 2297 993 2328 P
1007 2300 1029 2311 '
1106 2305 1170 2336 543
1195 2296 1271 2326 ideo
1290 2293 1386 2335 [feci]
1401 2295 1435 2324 A
1550 2302 1613 2332 544
1637 2296 1674 2322 ut

347 2351 483 2388 egomet
500 2356 552 2376 me
566 2345 600 2375 P
683 2343 733 2374 vel
746 2344 823 2374 med
897 2342 950 2373 vel
962 2341 1010 2372 uti
1143 2348 1206 2379 545
1230 2348 1336 2369 uxore
1353 2338 1386 2368 A
1477 2337 1543 2367 iam
1560 2336 1629 2367 filio
1645 2335 1678 2366 P
