1742 2718
629 56 946 95 MERCATOR
1442 61 1471 97 Ι.
1492 61 1503 97 i

251 163 420 203 conficio
439 166 596 214 grande.
657 167 727 204 sed
748 167 842 204 dum
865 166 904 204 in
924 174 1039 217 portu
1061 166 1112 205 illi
1134 168 1308 215 ambulo,

251 230 395 279 hospes
416 243 479 268 me
500 229 660 279 quidam
681 231 882 280 adgnouit,
904 233 954 270 ad
976 246 1115 271 cenam
1136 241 1263 271 uocat.

251 294 380 341 uenio,
403 295 602 333 decumbo
622 303 807 346 acceptus
828 296 949 335 hilare
968 305 1087 347 atque
1107 298 1297 348 ampliter.

60 371 124 397 100
250 359 490 398 discubitum
511 367 632 398 noctu
653 368 695 398 ut
716 360 828 408 imus,
852 375 944 400 ecce
965 364 1015 401 ad
1037 376 1099 401 me
1120 363 1283 402 aduenit

250 424 397 471 mulier,
421 439 499 476 qua
519 425 657 464 mulier
676 425 752 464 alia
772 428 914 465 nullast
935 427 1158 476 pulchri0r3
1495 444 1556 467 100

248 503 294 527 ea
315 497 431 528 nocte
453 504 609 529 mecum
631 490 696 529 illa
717 491 881 542 hospitis
903 491 1009 530 iussu
1030 492 1111 531 suit.

249 562 404 593 uosmet
425 555 557 594 uidete
577 569 696 606 quam
718 555 814 594 mihi
836 556 966 595 ualide
987 558 1176 607 placuerit
1195 574 1203 597 :

247 619 435 670 postridie
456 620 652 670 hospitem
672 622 785 668 adeo,
808 634 878 659 oro
899 628 941 659 ut
961 624 1109 661 uendat
1130 623 1241 672 mihi,

57 696 118 732 105
247 685 338 724 dico
359 685 441 724 eius
462 700 533 736 pro
554 686 700 725 meritis
720 694 873 737 gratum
894 700 957 725 me
978 695 1017 726 et
1038 702 1199 727 munem
1221 691 1313 729 fore.

246 750 341 800 quid
363 750 492 789 uerbis
513 765 612 801 opus
634 753 725 790 est?
757 751 834 790 emi
861 750 866 802 Ι
891 759 1010 805 atque
1030 753 1172 792 aduexi
1193 755 1286 794 heri.
1492 775 1550 808 105

245 828 332 853 eam
355 829 417 853 me
437 804 644 855 aduexisse
664 818 758 855 nolo
778 816 962 855 resciscat
982 825 1101 868 pater.

245 881 367 919 modo
388 894 474 919 eam
496 881 633 931 reliqui
653 883 703 920 ad
724 889 881 932 portum
902 882 942 920 in
963 883 1055 921 naui
1076 891 1114 922 et
1134 887 1343 925 seruolum.

245 947 315 984 sed
335 945 431 996 quid
452 955 672 986 currentem
694 961 849 986 seruom
870 962 893 986 a
912 956 1028 998 portu
1048 950 1266 1000 conspicor,

53 1025 119 1052 110
244 1025 363 1062 quem
384 1012 475 1050 naui
495 1012 603 1051 abire
622 1012 766 1051 uotui?
812 1012 933 1052 timeo
953 1013 1050 1065 quid
1071 1014 1153 1054 siet.

446 1126 747 1163 ACANTHIO
858 1125 1156 1164 CHARles
1484 1130 1513 1167 ii

136 1205 208 1242 Ac.
242 1206 300 1243 Ex
321 1206 484 1245 summis
505 1206 647 1257 opibus
668 1206 897 1257 uiribusque
917 1220 1042 1257 usque
1063 1208 1251 1258 experire,
1270 1209 1393 1250 nitere

135 1283 222 1308 erus
243 1278 285 1308 ut
306 1270 434 1309 minor
454 1285 572 1321 opera
593 1279 659 1310 tua
679 1279 877 1311 seruetur:
907 1273 1088 1322 agedum,
1112 1275 1323 1323 Acanthio,

134 1334 248 1385 abige
267 1349 336 1386 aps
358 1343 395 1374 te
416 1335 698 1383 lassitudinem,
721 1350 818 1375 caue
839 1336 1014 1387 pigritiae
1035 1339 1304 1388 praeuorteris.

134 1399 250 1439 simul
271 1400 400 1439 enicat
421 1401 625 1452 suspiritus
647 1401 730 1452 (uix
749 1403 892 1440 suffero
913 1403 1043 1441 hercle
1063 1404 1316 1457 anhelitum),

50 1478 112 1515 115
134 1465 250 1504 simul
270 1474 403 1505 autem
424 1466 550 1517 plenis
571 1466 719 1505 semitis
740 1467 806 1517 qui
827 1469 1040 1506 aduorsum
1062 1476 1180 1508 eunt:
1214 1470 1406 1525 aspellito‚
1483 1488 1500 1519 5

134 1532 310 1578 detrude,
335 1532 502 1571 deturba
521 1532 561 1570 in
582 1531 699 1570 uiam.
758 1533 856 1570 haec
877 1531 1086 1583 disciplina
1105 1533 1169 1572 hic
1190 1543 1411 1584 pessumast
1428 1552 1434 1574 :
1522 1531 1528 1537 ’

187 1597 368 1645 currenti,
384 1597 610 1648 properanti
622 1599 700 1636 hau
715 1597 923 1648 quisquam
942 1598 1106 1648 dignum
1122 1599 1243 1639 habet
1256 1602 1459 1640 decedere.

133 1661 187 1700 ita
207 1669 282 1701 tres
303 1662 435 1701 simitu
456 1676 516 1701 res
536 1665 712 1714 agendae
733 1670 833 1710 sunt,
858 1665 1020 1713 quando
1040 1678 1160 1703 unam
1181 1666 1381 1717 occeperis
1400 1683 1407 1706 :

133 1734 172 1765 et
187 1729 425 1767 currendum
442 1735 480 1767 et
495 1730 754 1779 pugnandum
772 1736 809 1767 et
825 1736 959 1767 autem
975 1729 1224 1780 iurigandum
1245 1738 1304 1770 est
1323 1731 1364 1770 in
1385 1732 1458 1771 uia.

48 1802 115 1828 120
134 1793 211 1832 CH.
244 1792 341 1843 quid
361 1792 454 1832 illue
474 1801 532 1832 est
552 1795 662 1844 quod
682 1793 747 1832 ille
767 1801 848 1832 tam
869 1794 1051 1844 expedite
1075 1795 1241 1846 exquirit
1261 1810 1460 1836 cursuram
1485 1815 1524 1838 10

1357 1862 1462 1902 sibi?

132 1929 285 1962 curaest
304 1923 437 1974 negoti
457 1923 553 1975 quid
574 1924 623 1963 sit
642 1931 709 1963 aut
729 1924 826 1975 quid
847 1924 1011 1963 nuntiet.
1070 1927 1143 1964 Ac.
1176 1939 1299 1977 nugas
1318 1940 1403 1978 ago,

132 2001 251 2038 quam
272 1988 417 2037 restito‚
440 1996 520 2028 tam
542 2003 725 2028 maxume
745 2003 805 2028 res
826 1988 866 2027 in
887 1989 1034 2039 periclo
1055 1990 1232 2030 uortitur.

178 2084 235 2105 101
262 2075 401 2106 muliere
426 2075 574 2117 Scalnger
717 2086 778 2106 102
802 2074 850 2106 illi
876 2075 910 2105 B
1054 2086 1114 2116 105
1140 2077 1257 2108 dicens
1289 2088 1349 2118 pro
1370 2079 1457 2111 codd.

130 2117 235 2148 Nonii
259 2128 316 2158 137
336 2118 518 2160 (neglegens
543 2120 648 2150 citatio
658 2120 685 2159 2)
878 2120 939 2150 106
962 2119 1027 2150 emi
1055 2120 1163 2151 Pius:
1196 2122 1241 2151 mi
1267 2122 1357 2153 cod.:
1396 2124 1461 2154 emi

130 2160 250 2204 (eam)
265 2161 415 2202 Bentley:
440 2163 503 2204 (ab
524 2162 587 2206 eo>
604 2164 669 2194 emi
687 2162 825 2193 Mueller
841 2162 974 2202 (Rhein.
999 2163 1089 2195 Mus.
1115 2175 1167 2204 54,
1189 2166 1269 2205 393)
1287 2178 1294 2197 :
1326 2166 1392 2197 erni
1416 2167 1460 2197 mi

131 2205 235 2235 Bothe
347 2215 404 2237 111
421 2207 502 2246 sort.
523 2208 654 2238 enitere
770 2216 829 2236 112
853 2207 1024 2245 agendum
1041 2207 1106 2239 cod.
1128 2209 1178 2250 (cs.
1201 2209 1276 2249 149)
1399 2220 1460 2249 115

132 2248 329 2288 plenissime
346 2250 389 2280 tis
403 2250 471 2281 cod.
626 2261 685 2290 117
709 2251 886 2290 quisquam
903 2249 1087 2292 (usquam)
1101 2251 1280 2291 Buecheler,
1301 2256 1338 2284 ut
1351 2264 1462 2284 versus

131 2291 292 2323 iambicus
298 2293 366 2333 fiat
469 2304 528 2324 121
554 2299 666 2326 curast
679 2294 744 2325 cod.
804 2293 885 2332 quid
901 2293 976 2333 siet,
992 2294 1071 2333 quid
1083 2295 1125 2336 (ἓ)
1139 2294 1216 2335 Leo,
1233 2297 1288 2327 cui
1298 2296 1461 2337 spondeus

131 2335 166 2366 in
181 2340 297 2376 quarto
309 2335 387 2376 pede
401 2336 541 2378 dasplt'cet
660 2349 720 2369 122
744 2337 863 2370 restito
879 2337 1011 2378 Bentley
1027 2349 1034 2368 :
1058 2339 1178 2370 resisto
1195 2340 1260 2371 cod.

177 2389 297 2411 ΡιΑντ.
317 2390 330 2411 1
1330 2385 1372 2415 29
