1814 2723
175 48 287 86 III.i
693 51 738 87 T.
773 49 953 88 MACCI
984 48 1187 86 PLAVTI

272 170 402 207 neque
423 156 714 196 ieiuniosiorem
736 170 865 207 neque
886 155 1008 206 magis
1029 157 1217 194 ecfertum
1237 155 1340 192 fame

271 222 354 260 uidi
375 235 449 261 nec
470 222 563 273 quoi
585 222 704 260 minu'
726 223 914 272 procedat
935 220 1129 271 quidquid
1150 222 1276 258 facere
1297 216 1504 268 occeperit,

273 286 444 343 ita[que]
466 296 603 327 uenter
621 294 832 338 gutturque
853 288 1025 326 resident
1045 286 1238 327 essurialis
1258 286 1383 325 ferias.

271 351 376 390 ilicet
396 351 624 402 parasiticae
644 351 714 389 arti
737 363 961 388 maxumam
983 351 1125 387 malam
1146 362 1315 395 crucem,

213 433 253 454 10
273 415 324 454 ita
341 415 525 454 iuuentus
546 415 623 453 iam
645 414 831 453 ridiculos
852 414 1071 464 inopesque
1091 415 1141 452 ab
1163 427 1204 451 se
1226 418 1411 462 segregat.
1621 421 1694 457 470

272 480 326 519 nil
348 487 547 519 morantur
568 479 645 517 iam
667 480 847 516 Lacones
868 476 1099 515 unisubselli
1119 476 1235 523 uiros,

272 545 542 597 plagipatidas‚
566 544 700 594 quibu'
721 550 812 581 sunt
832 543 953 581 uerba
974 542 1057 580 sine
1077 556 1181 592 penu
1203 549 1240 580 et
1262 541 1453 591 pecunia:

273 626 340 651 eos
362 611 563 661 requirunt
584 609 651 659 qui
672 609 863 655 lubenter,
887 621 1009 658 quom
1030 607 1193 653 ederint,
1217 608 1384 645 reddant
1405 605 1539 655 domi;

273 676 346 727 ipsi
367 683 574 726 opsonant‚
598 687 698 725 quae
719 673 977 724 parasitorum
998 680 1089 710 ante
1109 680 1189 711 erat
1210 671 1424 722 prouincia,

216 755 252 787 15
273 741 345 791 ipsi
367 743 417 779 de
437 742 521 779 foro
542 748 622 778 tam
642 746 778 789 aperto
799 738 926 788 capite
946 738 997 775 ad
1017 739 1180 776 lenones
1201 744 1295 775 eunt
1623 740 1689 777 475

272 820 391 857 quam
413 806 452 844 in
474 805 576 844 tribu
597 812 730 844 sontes
750 811 885 854 aperto
906 803 1033 853 capite
1055 804 1323 841 condemnant
1343 816 1429 841 reos
1444 817 1454 849 3

271 885 401 922 neque
421 871 607 910 ridiculos
628 870 705 908 iam
726 869 895 908 terrunci
916 868 1073 915 faciunt,
1097 882 1181 906 sese
1202 881 1340 906 omnes
1360 875 1506 906 amant.

272 936 363 974 nam
385 935 441 973 uti
462 936 614 974 dudum
635 935 729 973 hinc
748 934 839 981 abii,
861 933 1008 972 accessi
1028 934 1079 971 ad
1099 934 1372 971 adulescentes
1393 932 1433 970 in
1453 933 1549 971 foro.

276 1002 455 1040 ‘saluete'
472 1001 645 1050 inquam.
696 1002 794 1049 ‘quo
815 998 917 1037 imus
933 999 1049 1037 una?’
1071 999 1232 1048 inquam
1253 1012 1259 1034 :
1291 996 1359 1049 [ad
1375 994 1604 1049 prandium]

1251 1063 1369 1113 atque
1388 1062 1443 1100 illi
1463 1070 1606 1101 tacent.

216 1147 255 1169 20
274 1131 384 1182 ‘quis
411 1131 463 1169 ait
484 1131 631 1169 “hoc''
650 1137 717 1169 aut
743 1129 831 1180 quis
857 1130 1109 1180 profitetur?'
1138 1128 1310 1178 inquam.
1370 1127 1481 1178 quasi
1508 1126 1606 1165 muti
1623 1129 1694 1170 480

1479 1191 1604 1239 silent,

273 1276 403 1313 neque
443 1275 505 1300 me
543 1261 682 1300 rident.
745 1259 834 1299 ‘ubi
873 1272 1060 1298 cenamus
1076 1261 1093 1297 ?
1108 1260 1116 1276 ²
1154 1258 1327 1309 inquam.
1395 1258 1513 1308 atque
1551 1256 1605 1295 illi

1413 1323 1603 1362 abnuont

273 1393 363 1432 dico
384 1406 507 1431 unum
528 1391 737 1430 ridiculum
758 1389 909 1428 dictum
930 1391 980 1428 de
1000 1388 1115 1428 dictis
1136 1388 1375 1436 melioribus,

273 1458 408 1509 quibu'
429 1457 605 1496 solebam
626 1454 873 1494 menstrualis
894 1456 1029 1505 epulas
1049 1461 1140 1492 ante
1160 1453 1390 1504 adipiscier:

273 1538 392 1563 nemo
413 1523 513 1562 ridet
528 1538 538 1571 3
566 1521 663 1561 sciui
684 1522 882 1571 extemplo
903 1533 985 1559 rem
1006 1521 1056 1559 de
1077 1526 1286 1570 compecto
1305 1518 1384 1569 geri
1400 1534 1409 1566 ;

216 1604 253 1635 25
274 1604 324 1628 ne
344 1602 481 1628 canem
504 1588 665 1638 quidem
686 1586 873 1625 irritatam
893 1585 1018 1624 uoluit
1038 1584 1247 1635 quisquam
1267 1583 1460 1630 imitarier,
1623 1586 1690 1630 485

274 1657 424 1701 saltem,
447 1654 478 1692 si
498 1667 579 1692 non
599 1652 834 1698 adriderent,
857 1652 996 1689 dentes
1017 1658 1059 1689 ut
1079 1650 1362 1699 restringerent.

273 1720 375 1759 abeo
395 1719 446 1758 ab
466 1718 551 1766 illis,
574 1725 784 1768 postquam
805 1716 924 1755 uideo
945 1730 1008 1754 me
1029 1715 1083 1754 sic
1104 1714 1361 1762 ludificarier3

274 1797 394 1835 pergo
414 1785 465 1822 ad
485 1783 592 1830 alios,
615 1782 734 1821 uenio
753 1783 805 1820 ad
825 1781 932 1828 alios,
955 1780 1101 1819 deinde
1120 1782 1171 1819 ad
1191 1780 1287 1818 alios
1304 1795 1311 1817 τ
1341 1793 1419 1817 una
1439 1793 1498 1818 res
1516 1781 1522 1816 1

276 1862 414 1887 omnes
433 1847 519 1900 <de>
538 1855 747 1898 compecto
767 1847 848 1885 rem
868 1853 999 1897 agunt,
1023 1845 1134 1896 quasi
1154 1845 1193 1883 in
1214 1845 1385 1883 Velabro
1406 1843 1549 1883 olearii.

218 1931 258 1962 30
276 1928 382 1952 nunc
402 1915 521 1953 redeo
541 1913 646 1961 inde,
668 1912 857 1964 quoniam
879 1911 941 1950 me
961 1911 1015 1950 ibi
1036 1911 1154 1950 uideo
1174 1909 1418 1949 ludificarier.
1625 1915 1696 1950 490

276 1979 369 2018 item
390 1979 454 2017 alii
475 1978 632 2029 parasiti
652 1980 792 2017 frustra
811 1977 1123 2017 obambulabant
1142 1975 1182 2014 in
1204 1978 1299 2014 foro.

277 2058 382 2083 nunc
404 2044 605 2083 barbarica
624 2046 710 2094 lege
730 2050 918 2082 certumst
938 2042 997 2081 ius
1018 2055 1150 2080 meum
1172 2054 1290 2080 omne
1311 2040 1491 2091 persequi
1508 2055 1515 2078 :

319 2150 382 2188 467
408 2149 463 2188 qui
480 2147 546 2179 cod.
656 2148 719 2186 468
744 2147 789 2177 ita
805 2146 943 2185 Pylades
1046 2155 1108 2184 470
1132 2155 1169 2175 se
1188 2144 1417 2175 Camermv‘us:
1443 2154 1520 2175 sese
1536 2143 1603 2175 cod.

277 2193 353 2234 (seq.
374 2194 441 2230 se-)
575 2193 639 2230 476
663 2192 696 2221 in
718 2192 805 2222 tribu
826 2200 923 2229 quam
947 2200 999 2229 ap.
1019 2189 1197 2229 Niemeyer.
1214 2198 1279 2227 quo
1299 2189 1408 2229 magis
1426 2192 1547 2219 resonet
1556 2188 1605 2218 hic

254 2245 262 2255 ⁸
276 2247 388 2268 versus
399 2236 506 2276 priori
585 2239 704 2273 aperto
718 2234 828 2274 capite
844 2238 961 2264 sontes
973 2232 1055 2264 cod.:
1078 2233 1143 2263 trai
1169 2231 1253 2262 Brix
1269 2231 1304 2270 (i,
1323 2242 1345 2270 p
1371 2233 1426 2271 37)
1541 2232 1605 2269 478

277 2291 353 2311 nam
370 2278 477 2321 (ego)
495 2283 529 2308 ut
544 2279 603 2308 (ita
624 2277 706 2318 cod.)
724 2278 828 2308 Bothe
958 2287 1022 2316 439
1045 2277 1087 2307 ad
1107 2275 1285 2315 prandium
1305 2275 1404 2306 delevi
1420 2275 1475 2315 (iv,
1496 2285 1526 2314 p.
1548 2275 1604 2315 79)

276 2325 341 2364 489
365 2325 406 2354 de
422 2321 496 2353 add.
516 2322 688 2352 Fleckeisen
