1742 2718
750 60 1072 101 BACCHIDES
1525 58 1578 94 ΙΙ.
1599 56 1644 94 iii

537 209 860 246 N1COBVLvs
963 205 1296 243 CHRYSALVS
1602 205 1649 241 iii

166 316 230 353 235
252 308 318 346 Νι.
352 307 427 346 Ibo
447 305 486 344 in
509 304 700 348 Piraeum,
724 303 849 342 uisam
870 315 1047 352 ecquaen
1067 300 1271 340 aduenerit

252 372 290 410 in
312 378 468 422 portum
491 383 536 408 ex
558 370 718 419 Epheso
739 367 852 406 nauis
874 366 1113 405 mercatoria.

252 449 343 474 narn
365 436 466 474 meu'
487 433 670 472 formidat
689 432 856 479 animus,
878 439 1055 470 nostrum
1077 438 1156 469 tam
1177 430 1245 470 diu

253 500 308 539 ibi
328 499 506 539 desidere
527 512 656 548 neque
676 497 801 536 redire
822 497 956 535 filium.

256 567 333 607 CH.
365 573 541 604 extexam
562 577 634 613 ego
655 563 764 601 illum
785 563 947 613 pulchre
967 561 1055 609 iam,
1079 561 1109 600 si
1130 561 1170 600 di
1190 562 1339 599 uolunt.
1609 575 1626 605 5

168 643 237 677 240
255 633 332 670 hau
353 630 708 670 dormitandumst:
739 642 840 679 opus
861 634 919 666 est
939 628 1078 676 chryso
1100 627 1300 675 Chrysalo.

255 697 376 737 adibo
395 698 512 743 hunc,
536 709 654 745 quem
676 694 838 745 quidem
860 707 933 744 ego
954 693 1073 731 ho'die
1094 692 1234 730 faciam
1255 691 1320 730 hic
1340 690 1501 730 arietem

258 761 400 808 Phrixi,
423 761 555 811 itaque
576 761 753 799 tondebo
773 772 868 798 auro
888 772 1014 808 usque
1034 759 1085 796 ad
1105 757 1238 795 uiuam
1259 764 1402 795 cutem.

258 840 392 866 seruos
414 816 819 865 salutatNicobulum
841 825 1063 873 Chrysalus.

259 894 325 931 N1.
357 904 428 942 pro
448 890 489 929 di
509 890 746 936 inmortales,
771 890 973 938 Chrysale,
992 887 1060 927 ubi
1082 887 1172 926 mist
1193 887 1293 925 filius
1309 889 1326 924 ?
1615 901 1654 921 10

171 966 235 1003 245
259 958 337 997 CH.
369 956 465 1006 quin
486 963 527 994 tu
548 957 714 994 salutem
735 954 904 1004 primum
926 953 1058 992 reddis
1079 966 1199 1003 quarn
1220 951 1344 991 dedi?

257 1024 324 1061 N1.
356 1023 473 1060 salue.
532 1022 602 1059 sed
622 1020 823 1059 ubinamst
844 1018 1149 1058 Mnesilochus?
1206 1018 1283 1057 CH.
1315 1016 1424 1063 uiuit,
1447 1017 1562 1054 ualet.

258 1089 324 1126 N1.
356 1086 547 1125 uenitne?
605 1086 681 1125 CH.
713 1084 834 1123 uenit.
892 1085 958 1123 N1.
991 1097 1100 1130 euax,
1123 1081 1319 1133 aspersisti
1340 1094 1494 1131 aquam.

258 1152 413 1190 benene
434 1164 559 1201 usque
580 1150 732 1189 ualuit?
789 1151 866 1189 CH.
903 1148 1127 1200 pancratice
1147 1155 1266 1197 atque
1286 1146 1481 1185 athletice.

260 1218 326 1255 N1.
357 1216 454 1266 quid
470 1217 579 1254 hoc?
608 1229 687 1266 qua
706 1228 844 1254 caussa
863 1228 954 1253 eum
970 1212 1099 1265 (hinc)
1113 1213 1152 1251 in
1175 1213 1379 1262 Ephesum
1397 1211 1590 1258 miseram,
1616 1226 1653 1258 15

172 1297 241 1334 250
258 1282 463 1333 accepitne
483 1295 622 1320 aurum
642 1281 693 1319 ab
713 1279 869 1330 hospite
889 1278 1205 1318 Archidemide?

260 1350 337 1388 CH.
370 1349 459 1394 heu,
482 1361 549 1386 cor
569 1360 703 1385 meum
724 1353 762 1384 et
783 1346 999 1392 cerebrum,
1023 1343 1232 1389 Nicobule‚
1257 1342 1428 1389 finditur,

258 1413 368 1452 istius
388 1412 560 1451 hominis
581 1411 650 1450 ubi
669 1413 712 1449 fit
733 1424 890 1461 quaque
910 1409 1070 1449 mentio.

260 1486 330 1517 tun
350 1478 546 1528 hospitem
567 1477 677 1516 illurn
698 1476 879 1515 nominas
900 1477 1055 1514 hostem
1076 1476 1217 1514 tuom?

261 1545 326 1582 N1.
359 1543 456 1594 quid
477 1543 540 1590 ita,
563 1556 728 1593 opsecro
749 1543 912 1580 hercle?
969 1542 1046 1580 CH.
1079 1540 1172 1590 quia
1191 1522 1335 1590 edepol
1356 1545 1463 1578 certo
1484 1537 1580 1585 scio,
1617 1554 1658 1576 20

174 1621 239 1659 255
259 1610 472 1654 Volcanus,
497 1609 620 1654 Luna„
645 1609 723 1654 Sol,
748 1606 855 1653 Dies,
879 1605 919 1644 di
940 1612 1135 1656 quattuor,

259 1672 523 1712 scelestiorem
544 1673 696 1710 nullum
716 1671 891 1710 inluxere
911 1672 1086 1709 alterum.

260 1739 326 1776 N1.
358 1750 530 1788 quamne
564 1736 890 1776 Archidemidem
907 1737 923 1773 Ρ
980 1736 1060 1775 CH.
1090 1748 1220 1784 quam,
1255 1733 1428 1784 inquam,
1458 1731 1594 1771 Archi-

1377 1797 1589 1838 demidem.

261 1871 327 1909 Νι.
360 1869 456 1920 quid
472 1868 593 1908 fecit?
649 1869 727 1908 CH.
759 1866 856 1917 quid
877 1879 957 1905 non
978 1865 1099 1904 fecit?
1128 1864 1224 1916 quin
1245 1872 1286 1904 tu
1307 1863 1348 1904 id
1369 1877 1433 1903 me
1453 1866 1594 1915 rogas?

261 1934 528 1985 primumdum
547 1932 691 1972 infitias
710 1932 765 1971 ire
784 1931 916 1982 coepit
936 1930 1027 1977 filio,
1617 1942 1655 1973 25

177 2004 244 2039 260
261 2013 402 2050 negare
422 2013 463 2039 se
483 1999 629 2038 debere
649 1997 720 2037 tibi
741 1997 966 2036 triobulum.

261 2065 451 2104 continuo
471 2063 678 2114 antiquom
704 2066 710 2110 1
736 2061 934 2113 hospitem
955 2067 1132 2100 nostrum
1154 2059 1229 2099 sibi

307 2170 370 2200 235
394 2170 520 2200 ecquae
537 2159 602 2190 cod.
706 2169 770 2207 242.
787 2157 886 2198 phrix
905 2156 971 2188 cod.
988 2157 1064 2196 (seq.
1082 2157 1108 2195 i)
1227 2165 1289 2195 243
1314 2154 1437 2186 salutet
1448 2165 1525 2185 corr.
1547 2158 1595 2184 -at

262 2204 327 2235 cod.
462 2213 524 2243 245
557 2203 701 2234 salutem
719 2202 863 2242 primum
874 2200 997 2231 Bothe.
1021 2201 1165 2240 primum
1178 2199 1319 2229 salutem
1337 2198 1404 2230 cod.
1530 2208 1595 2236 249

263 2247 342 2279 hinc
359 2247 435 2278 add.
457 2246 669 2278 Cameramus
810 2253 874 2284 252
898 2254 1068 2284 quomque
1092 2242 1280 2273 Lambinus
1429 2250 1491 2281 255
1516 2241 1595 2271 luna

263 2292 315 2322 sol
334 2291 488 2322 Guietus:
517 2290 567 2321 sol
592 2290 671 2320 luna
691 2289 757 2320 cod.
850 2287 901 2329 di]
923 2287 991 2318 diei
1011 2286 1076 2318 cod.
1098 2284 1396 2326 (antiquasorma)
1530 2285 1591 2315 261

263 2335 436 2374 antiquom
453 2332 569 2378 (turn)
586 2333 726 2364 Mueller
741 2332 873 2375 (Rhem.
895 2331 984 2362 Mus.
1003 2340 1053 2371 54,
1073 2330 1152 2371 384)
