1814 2723
210 62 277 99 IV.
300 61 329 98 ii
721 63 765 99 T.
801 62 981 101 MACCI
1014 63 1217 100 PLAVTI

203 1501 213 1528 l

302 177 407 209 satur
427 172 595 217 homost,
619 170 738 208 habet
758 170 935 219 profecto
956 169 995 207 in
1020 176 1156 208 uentre
1177 170 1470 210 confidentiam.

303 237 376 273 ER.
409 243 492 274 tum
514 235 736 286 piscatores,
760 233 826 283 qui
849 234 1038 284 praebent
1058 236 1206 285 populo
1227 234 1343 285 piscis
1366 235 1546 284 foetidos,

301 300 367 351 qui
388 302 638 339 aduehuntur
659 299 986 349 quadrupedanti,
1010 299 1197 338 crucianti
1218 300 1430 347 cantherio,

243 381 281 413 35
301 380 467 416 quorum
489 367 588 404 odos
609 364 921 403 subbasilicanos
943 364 1071 403 omnis
1091 365 1211 415 abigit
1232 365 1271 403 in
1292 367 1430 412 forum,
1652 374 1718 420 815

299 431 354 470 eis
374 446 447 481 ego
468 445 534 469 ora
555 430 771 469 uerberabo
792 429 997 480 surpiculis
1018 429 1202 479 piscariis,

299 504 340 534 ut
361 496 485 534 sciant
505 495 634 534 alieno
655 509 752 533 naso
773 495 892 544 quam
914 493 1125 532 exhibeant
1146 494 1378 533 molestiam.

300 569 382 599 tum
404 561 495 599 lanii
516 568 659 607 autem,
682 559 749 610 qui
771 559 1012 598 concinnant
1032 559 1162 598 liberis
1184 560 1297 598 orbas
1318 560 1415 607 ouis,

301 626 367 676 qui
388 627 519 664 locant
539 626 768 664 caedundos
788 638 910 675 agnos
931 632 969 663 et
990 626 1112 674 dupla
1130 624 1313 675 agninam
1335 626 1498 672 danunt,

240 708 282 739 40
302 691 367 741 qui
390 690 547 729 Petroni
575 704 722 729 nomen
744 689 886 728 indunt
908 689 1064 728 uerueci
1086 689 1260 736 sectario,
1652 699 1721 733 820

300 770 391 795 eum
412 769 484 805 ego
505 755 535 794 si
556 755 597 793 in
614 755 678 793 uia
699 757 909 794 Petronem
931 754 1090 805 publica
1110 768 1361 805 conspexero,

300 829 337 860 et
359 824 568 860 Petronem
590 828 628 859 et
649 820 856 859 dominum
874 821 1038 858 reddam
1060 820 1233 859 mortalis
1254 820 1516 860 miserrumos

301 889 380 925 HE.
413 886 586 937 eugepae‘
606 889 612 924 Ξ
646 886 863 925 edictiones
883 885 1082 924 aedilicias
1103 885 1330 935 hicquidem
1352 887 1481 933 habet,

299 953 521 1003 mirumque
541 953 678 991 adeost
699 951 739 989 ni
761 953 866 990 hunc
888 953 1014 990 fecere
1035 951 1109 990 sibi
1130 951 1261 990 Aetoli
1281 965 1575 1001 agoranomum.

238 1033 279 1065 45
300 1021 374 1056 ER.
406 1032 485 1056 non
508 1031 580 1067 ego
601 1031 706 1055 nunc
726 1016 916 1067 parasitus
938 1030 1024 1055 sum
1046 1017 1116 1055 sed
1136 1030 1271 1067 regum
1291 1031 1356 1056 rex
1376 1017 1549 1068 regalior,
1651 1023 1717 1068 825

298 1091 428 1122 tantus
449 1082 576 1121 uentri
597 1090 842 1121 commeatus
864 1096 953 1120 meo
973 1083 1085 1120 adest
1106 1081 1145 1119 in
1166 1089 1281 1131 portu
1302 1082 1423 1120 cibus.

297 1150 365 1188 sed
386 1162 459 1199 ego
480 1162 592 1187 cesso
613 1149 719 1186 hunc
742 1147 968 1197 Hegionem
989 1161 1151 1185 onerare
1171 1147 1318 1185 laetitia
1338 1161 1484 1195 senem,

297 1216 364 1265 qui
384 1213 545 1252 homine
564 1211 722 1265 (homo)
740 1212 919 1262 adaeque
940 1226 1059 1251 nemo
1080 1211 1178 1251 uiuit
1198 1212 1439 1251 fortunatior.

299 1283 380 1319 HE.
412 1280 512 1330 quae
533 1279 645 1318 illaec
665 1286 723 1318 est
743 1278 889 1317 laetitia
909 1293 1028 1329 quam
1049 1278 1127 1317 illic
1147 1280 1271 1317 laetus
1291 1278 1449 1329 largitur
1469 1279 1597 1318 mihi?

238 1361 279 1392 50
299 1348 373 1384 ER.
405 1347 503 1384 heus
537 1345 605 1384 ubi
639 1345 763 1384 estis?
800 1343 952 1397 <ecquis
986 1344 1050 1383 hic
1085 1352 1143 1383 est
1157 1343 1191 1396 ?>
1229 1344 1363 1395 ecquis
1399 1346 1474 1384 hoc
1508 1345 1631 1396 aperit
1648 1351 1719 1393 830

1457 1410 1601 1448 ostium
1617 1412 1634 1449 ?

298 1479 377 1515 HE.
410 1477 473 1515 hic
508 1478 630 1515 homo
660 1477 711 1514 ad
746 1489 884 1515 cenam
920 1474 1057 1525 recipit
1089 1489 1130 1514 se
1162 1477 1212 1514 ad
1245 1489 1318 1514 me.
1380 1477 1453 1514 ER.
1486 1475 1633 1526 aperite

1235 1542 1353 1579 hasce
1373 1540 1509 1579 ambas
1530 1542 1632 1579 fores

231 1632 263 1648 *s
297 1607 392 1658 priu'
413 1621 531 1657 quam
552 1601 745 1657 pultando
765 1605 966 1644 assulatim
988 1605 1136 1645 foribus
1158 1606 1317 1644 exitium
1339 1607 1485 1644 adfero.

352 1674 434 1711 HE.
464 1671 644 1722 perlubet
677 1673 783 1710 hunc
815 1671 1019 1710 hominem
1050 1672 1247 1721 conloqui.
1308 1670 1492 1720 Ergasile.
1552 1673 1628 1710 ER.

1155 1736 1373 1787 Ergasilum
1395 1736 1462 1786 qui
1483 1739 1631 1775 uocat?

352 1804 433 1840 HE.
464 1802 623 1853 respice.
686 1804 759 1841 ER.
794 1805 968 1841 Fortuna
988 1803 1097 1852 quod
1118 1801 1188 1841 tibi
1210 1815 1283 1839 nec
1304 1801 1395 1840 facit
1411 1815 1485 1840 nec
1501 1801 1626 1849 faciet,

1421 1880 1484 1905 me
1504 1866 1626 1906 iubes.

407 1935 476 1973 sed
493 1934 580 1984 quis
596 1936 683 1973 est?
726 1936 805 1972 HE.
839 1933 988 1984 respice
1004 1934 1055 1972 ad
1071 1946 1145 1979 me,
1164 1931 1295 1982 Hegio
1312 1945 1409 1970 sum.
1471 1934 1545 1970 ER.
1576 1933 1628 1971 oh
1648 1934 1713 1978 835

1520 1996 1629 2045 mihi,

339 2100 401 2138 815
425 2098 537 2138 abegit
554 2098 618 2129 cod.
640 2099 767 2138 (forma
785 2097 955 2138 antiqua):
983 2097 1097 2136 adegit
1113 2095 1200 2127 codd.
1216 2095 1381 2126 Prisciani
1393 2105 1419 2131 Ι,
1433 2106 1472 2134 31
1563 2096 1629 2135 819

297 2143 398 2182 dupla
415 2141 519 2173 Rost:
546 2143 681 2182 duplam
700 2141 765 2172 cod.
881 2142 945 2180 824
971 2141 1125 2171 fecerunt
1140 2139 1194 2169 PE
1264 2138 1377 2169 Aetoli
1396 2139 1460 2169 sibi
1481 2138 1624 2178 Gm‘etm,

295 2187 348 2217 cui
360 2186 470 2216 hiatus
487 2185 547 2216 sibi
570 2185 574 2226 ἱ
594 2186 671 2216 Aet.
692 2185 833 2226 displicet
931 2185 996 2215 828
1020 2195 1086 2223 quo
1102 2183 1176 2214 Ital.
1248 2183 1349 2212 homo
1367 2182 1482 2212 addidi
1547 2183 1626 2222 quin

245 2240 254 2250 χ
295 2230 359 2260 hoc
377 2230 515 2260 homine
532 2228 657 2259 Sclzoell
778 2230 842 2267 830
858 2229 1017 2268 supplevit
1028 2227 1132 2258 Bothe
1150 2226 1285 2266 <iii.11)
1409 2227 1469 2265 831
1489 2225 1539 2256 vel
1551 2226 1627 2256 med

294 2273 360 2313 832
384 2273 557 2304 assulatim
576 2276 712 2303 testatur
725 2272 856 2302 Nonms
874 2282 932 2310 72:
960 2271 1012 2313 uel
1030 2271 1220 2301 absultatim
1237 2269 1290 2300 uel
1307 2269 1493 2300 assultatim
1508 2273 1544 2299 ut
1559 2269 1621 2299 vid.

296 2317 360 2348 cod.
378 2317 458 2357 (pro
471 2316 525 2346 uel
539 2316 728 2346 adsultatim
746 2315 800 2346 uel
817 2315 989 2346 assulatim
1002 2316 1026 2354 ¹3)
1047 2315 1131 2355 (var.
1145 2314 1225 2353 lect.)
1294 2313 1427 2349 adfero]
1442 2313 1528 2344 dabo
1538 2312 1625 2343 codd.

296 2361 400 2444 ,83ιί11ἶὲ
412 2402 481 2443 PE)
530 2359 591 2398 834
619 2369 673 2390 me
685 2359 790 2390 Brix:
815 2358 912 2400 [hoc]
926 2369 979 2389 me
993 2358 1058 2389 cod.
1185 2358 1248 2397 835
1272 2357 1347 2396 quis
1364 2356 1460 2388 Itala
1484 2356 1541 2396 qui
1558 2355 1623 2387 cod.
