1814 2723
207 101 259 138 ΙΙ.
283 110 313 135 ν
696 93 744 131 Τ.
777 89 957 129 MACCI
990 87 1194 125 PLAVTI

236 223 265 247 V
410 214 724 250 STRosslLvs
834 207 1113 243 ANTHRAX
1225 202 1486 241 CONGRIO

283 291 376 328 STR.
408 289 515 326 Tace
536 285 722 325 nunciam
743 291 796 330 tu,
818 289 937 331 atque
957 293 1101 330 agnum
1123 278 1215 317 hinc
1236 285 1321 316 uter
1341 283 1400 315 est
1419 273 1600 326 pinguior

278 352 394 406 <cape
414 360 533 402 atque
553 350 617 389 abi
637 349 740 387 intro
755 349 805 386 ad
827 343 931 396 nos.)
972 346 1050 382 AN.
1073 343 1327 382 licet.—STR.
1351 348 1404 387 tu,
1423 338 1607 389 Congrio,

281 420 387 457 hunc
408 431 519 456 sume
539 423 657 465 atque
677 412 742 451 abi
762 412 864 449 intro
885 410 963 456 illo,
986 416 1024 447 et
1044 421 1116 446 uos
1137 407 1246 445 illurn
1268 403 1489 456 sequimini.

282 497 353 523 uos
374 482 491 522 ceteri
512 481 564 519 ite
585 482 663 518 huc
683 479 733 516 ad
754 490 837 515 nos.
897 476 969 514 Co.
1002 474 1133 512 hercle
1153 471 1293 510 iniuria
1630 475 1695 510 330

244 560 259 591 5
281 546 535 598 dispertiuisti
552 561 558 583 2
588 542 834 594 pinguiorem
854 553 1000 590 agnum
1020 537 1082 576 isti
1103 538 1261 575 habent.

282 616 374 653 STR.
406 619 445 650 at
466 623 572 649 nunc
592 608 663 647 tibi
684 606 841 646 dabitur
859 603 1041 655 pinguior
1060 601 1230 641 tibicinae

282 678 293 716 i
315 691 408 716 sane
428 689 519 715 curn
540 674 618 721 illo,
642 671 822 722 Phrugia.
880 677 922 708 tu
942 676 1087 715 autem,
1111 666 1327 713 Eleusium‚

282 745 359 781 hue
380 742 482 780 intro
502 739 566 779 abi
587 740 638 778 ad
659 751 742 776 nos.
803 737 876 776 Co.
909 749 932 773 O
954 732 1123 772 Strobile
1144 732 1322 777 subdole,

282 808 451 847 huccine
472 804 637 845 detrusti
658 817 721 841 me
742 803 793 840 ad
814 814 949 839 senem
972 798 1289 849 parcissumum?
1632 797 1697 833 335

224 890 262 911 10
282 874 350 912 ubi
371 872 401 910 si
423 871 519 922 quid
539 882 714 920 poscam,
736 880 862 917 usque
882 866 933 904 ad
953 863 1077 902 rauim
1098 875 1261 914 poscam
1282 860 1387 911 prius

282 950 401 988 quam
423 935 635 986 quicquam
657 934 781 972 detur.
851 932 943 970 STR.
977 929 1140 975 stultu's‚
1163 934 1201 965 et
1221 925 1305 965 sine
1324 923 1446 975 gratia
1465 930 1523 962 est

283 1002 337 1041 ibi
357 1008 461 1040 recte
481 1002 619 1046 facere,
642 997 804 1048 quando
825 995 934 1045 quod
955 993 1073 1032 facias
1094 991 1203 1042 perit.
1557 985 1564 1000 '⁸

284 1069 356 1108 Co.
389 1065 457 1116 qui
477 1066 602 1104 uero?
658 1064 750 1101 STR.
783 1059 955 1111 rogitas?
984 1058 1061 1096 iam
1083 1055 1278 1107 principio
1298 1054 1337 1092 in
1357 1052 1522 1093 aedibus

237 1126 241 1129 ⁸
284 1132 404 1171 turba
418 1129 505 1185 istie
526 1129 633 1167 nulla
653 1127 723 1166 tibi
744 1125 838 1165 erit:
869 1123 999 1174 siquid
1019 1122 1075 1161 uti
1096 1123 1217 1168 uoles,
1634 1127 1703 1161 340

227 1214 263 1247 15
285 1198 496 1246 domo‘aps
517 1201 555 1232 te
574 1194 736 1238 adferto,
760 1204 810 1228 ne
830 1202 989 1240 operam
1010 1188 1151 1238 perdas
1171 1198 1343 1236 poscere.

284 1261 349 1300 hic
368 1268 501 1299 autem
521 1259 628 1309 apud
649 1270 721 1295 nos
742 1268 884 1305 magna
903 1253 1019 1292 turba
1037 1266 1084 1290 ac
1104 1250 1251 1290 familia
1271 1256 1339 1296 est,

285 1327 471 1377 supellex,
492 1337 643 1370 aurum,
665 1321 797 1368 uestis,
819 1333 914 1358 uasa
933 1324 1141 1368 argentea:

284 1391 339 1430 ibi
359 1390 391 1429 si
411 1388 567 1441 perierit
587 1386 790 1438 quippiam
812 1385 939 1436 (quod
958 1390 998 1421 te
1018 1381 1101 1421 scio

285 1455 398 1495 facile
418 1453 614 1506 apstinere
633 1465 759 1502 posse,
783 1449 815 1488 si
835 1448 933 1487 nihil
953 1446 1115 1487 obuiam
1136 1445 1224 1495 est),
1635 1450 1702 1486 345

227 1540 266 1561 20
285 1522 443 1561 dicant:
473 1517 591 1568 coqui
611 1517 866 1567 apstulerunt‚
889 1510 1226 1562 comprehendite,

284 1585 442 1633 uincite,
466 1584 680 1628 uerberate‚
703 1580 743 1619 in
763 1587 927 1631 puteum
949 1576 1119 1616 condite.

284 1653 426 1691 horum
447 1648 518 1688 tibi
538 1647 625 1687 istic
645 1646 744 1685 nihil
765 1643 921 1684 eueniet
943 1642 1108 1695 (quippe
1128 1639 1196 1691 qui

285 1716 353 1755 ubi
369 1715 466 1766 quid
486 1713 682 1763 surrupias
703 1709 799 1749 nihil
821 1707 910 1759 est).
960 1719 1123 1757 sequere
1142 1707 1217 1743 hae
1238 1718 1311 1743 me.
1358 1704 1430 1743 Co.
1463 1715 1614 1753 sequor.

224 1816 269 1852 vi
408 1814 723 1850 STROBILVS
833 1809 1129 1847 STAPHVLA
1240 1804 1501 1843 CONGRIO

289 1885 382 1923 STR.
416 1884 541 1928 Heus,
565 1881 761 1931 Staphyla,
792 1877 906 1929 prodi
933 1884 1052 1927 atque
1078 1874 1222 1914 ostium
1253 1872 1369 1924 aperi.
1429 1873 1519 1910 STA.
1551 1869 1618 1920 qui
1639 1875 1706 1913 350

1474 1937 1620 1974 uocat?

290 2015 383 2053 STR.
407 2011 609 2051 Strobilus.
660 2012 750 2049 STA.
784 2008 879 2059 quid
894 2007 982 2046 uis?
1030 2008 1124 2045 STR.
1145 2006 1219 2043 hos
1232 2010 1275 2042 ut
1287 2001 1456 2052 accipias
1470 2013 1620 2050 coquos

332 2117 398 2156 328
416 2116 570 2146 lacunam
582 2113 727 2154 szgnavz't
735 2113 774 2149 P,
788 2116 825 2142 ut
839 2111 902 2143 vid.
923 2109 1025 2151 (unde
1036 2119 1138 2140 novae
1145 2116 1276 2138 scaenae
1286 2104 1448 2145 inscn'ph'o
1459 2103 1492 2134 in
1505 2102 1598 2144 PBD)
1616 2114 1622 2133 z

290 2161 392 2202 suppl.
410 2159 475 2189 Leo
564 2168 629 2196 329
653 2157 741 2187 hunc
754 2155 927 2186 Lebreton:
945 2164 1020 2185 eum
1038 2151 1103 2184 cod.
1153 2151 1231 2182 illuc
1247 2149 1313 2180 cod.
1359 2158 1436 2179 eum
1444 2147 1474 2186 J
1558 2148 1623 2186 336

290 2203 452 2236 adarauin
470 2201 534 2233 cod.
549 2213 556 2233 τ
583 2204 724 2231 testatur
737 2199 844 2230 rauirn
861 2198 993 2229 Nonius
1012 2198 1073 2236 164
1146 2203 1281 2234 poscam
1294 2191 1383 2223 codd.
1399 2191 1504 2222 Nonii
1519 2191 1579 2227 164
1596 2193 1625 2220 et

269 2248 278 2258 ⁸
292 2258 354 2288 374
368 2259 374 2277 ε
400 2255 579 2286 poscamus
597 2244 662 2275 cod.
678 2244 754 2284 (qui
762 2243 861 2273 etiam
875 2250 1054 2281 poscamus
1067 2249 1152 2278 quae
1167 2243 1227 2278 pro
1244 2245 1380 2276 poscam
1398 2245 1504 2274 usque
1515 2233 1621 2273 habet)

292 2302 365 2332 337,
393 2291 457 2329 338
483 2298 521 2319 es
544 2287 619 2318 Tibi
643 2287 708 2318 cod.
860 2286 924 2325 338
948 2284 1022 2315 del(
1039 2282 1145 2321 Wez'se,
1165 2280 1303 2320 Langen
1327 2278 1438 2319 (Bez'tr.
1468 2287 1529 2316 132
1552 2277 1621 2316 sq.)

292 2346 357 2375 339
374 2334 438 2364 iam
457 2333 490 2363 in
508 2342 558 2372 pr.
576 2331 607 2363 in
625 2330 658 2360 B
802 2338 866 2367 340
897 2327 971 2359 istic
995 2326 1191 2358 Taubmann
1208 2335 1215 2354 :
1239 2324 1324 2354 istuc
1342 2320 1408 2353 cod.
1509 2321 1538 2352 si
1565 2320 1621 2359 qui

295 2376 512 2415 Cameran'us,
535 2375 594 2414 qui
615 2373 726 2413 siquid
750 2383 815 2403 non
837 2371 981 2411 agnoscit
1112 2369 1177 2407 346
1207 2366 1334 2407 quoqui
1357 2364 1423 2396 cod.
1558 2374 1623 2404 349

294 2421 457 2461 subripiat
474 2418 558 2450 cod.:
582 2428 660 2448 corr.
683 2415 872 2446 Lambinus
