1814 2723
230 81 260 118 I.

219 407 261 439 90

215 926 256 961 95

198 1256 259 1278 100

200 1841 259 1872 105

282 81 294 117 i
693 83 738 119 T.
773 82 954 120 MACCI
986 82 1190 119 PLAVTI

281 193 362 243 quo
384 192 413 231 is
434 194 556 233 homo
577 193 790 232 insinuauit
811 200 927 244 pacto
948 207 989 231 se
1009 194 1060 231 ad
1082 194 1148 231 te?
1205 194 1294 231 SEL.
1318 205 1387 242 per
1408 189 1599 241 Dionysia

282 265 404 297 mater
424 272 612 309 pompam
634 272 697 297 me
718 265 937 308 spectatum
959 259 1078 296 duxit.
1138 259 1235 297 dum
1256 258 1376 296 redeo
1396 258 1573 303 domum,
1631 270 1677 305 90

281 323 512 374 conspicillo
533 330 787 362 consecutust
807 325 1031 362 clanculum
1053 337 1116 361 me
1137 336 1262 373 usque
1282 323 1334 361 ad
1354 323 1466 360 fores.

281 388 373 427 inde
394 388 433 426 in
454 388 667 426 amicitiam
689 387 902 426 insinuauit
922 402 1013 427 cum
1035 396 1158 426 matre
1179 395 1216 426 et
1238 401 1394 425 mecum
1416 386 1531 424 simul

281 453 491 500 blanditiis,
510 452 750 500 muneribus,
773 453 898 492 donis.
960 455 1032 491 Gv.
1060 453 1156 491 mihi
1177 452 1306 491 istunc
1326 453 1470 490 uellem
1490 450 1613 490 homi-

1404 530 1496 555 nem
1517 516 1611 563 dari,

281 592 323 623 ut
361 598 435 634 ego
465 584 574 622 illum
609 587 831 622 uorsarem!
899 585 989 622 SEL.
1031 582 1128 633 quid
1167 590 1284 633 opust
1322 581 1482 621 uerbis?
1523 595 1613 619 con-

1405 646 1613 686 suetudine

281 714 393 766 coepi
427 729 558 753 amare
593 722 729 753 contra
767 729 840 765 ego
874 715 994 762 illurn,
1031 716 1069 753 et
1102 714 1166 753 ille
1201 727 1274 752 me.
1352 715 1423 751 LE.
1467 726 1491 750 o
1525 711 1613 750 mea
1631 719 1673 755 95

1398 777 1610 825 Selenium,

279 846 516 885 adsimulare
536 860 667 885 amare
687 854 852 897 oportet.
913 861 1004 885 nam
1026 846 1057 885 si
1077 860 1197 893 ames,
1221 846 1447 896 extempulo

280 912 419 950 melius
440 911 494 950 illi
515 914 640 950 multo
661 914 780 962 quem
801 926 909 950 ames
931 914 1113 950 consulas
1135 925 1253 962 quam
1274 910 1329 949 rei
1349 917 1449 948 tuae.

279 979 368 1015 SEL.
401 985 439 1015 at
460 977 524 1016 ille
544 978 747 1027 conceptis
767 978 909 1016 iurauit
930 978 1060 1016 uerbis
1081 979 1188 1028 apud
1210 984 1374 1015 matrem
1395 989 1525 1014 meam

279 1044 342 1081 me
363 1056 523 1081 uxorem
545 1044 755 1081 ducturum
772 1056 857 1081 esse
874 1058 881 1080 z
912 1042 947 1082 ei
968 1057 1074 1081 nunc
1095 1043 1170 1081 alia
1190 1042 1412 1081 ducendast
1431 1042 1611 1089 domum,

278 1121 347 1146 sua
368 1116 535 1158 cognata
556 1108 815 1155 Lemniensis,
839 1122 941 1158 quae
962 1108 1112 1146 habitat
1133 1108 1197 1146 hic
1217 1107 1258 1146 in
1278 1121 1482 1157 proxumo.
1634 1114 1700 1139 100

278 1187 369 1210 nam
390 1187 481 1211 eum
502 1180 612 1223 pater
631 1173 714 1212 eius
736 1173 899 1223 subegit.
951 1187 1057 1211 nunc
1078 1187 1167 1212 mea
1188 1180 1311 1211 mater
1330 1172 1463 1211 iratast
1483 1171 1590 1218 mihi,

278 1238 371 1288 quia
390 1252 471 1277 non
491 1238 671 1278 redierim
700 1240 866 1278 domum
886 1240 938 1278 ad
958 1252 1009 1286 se,
1034 1246 1246 1290 postquam
1267 1240 1370 1276 hanc
1397 1252 1478 1277 rem
1498 1237 1611 1276 resci-

1473 1317 1608 1351 uenm,

279 1383 369 1408 eum
402 1384 563 1409 uxorem
597 1371 808 1409 ducturum
840 1384 926 1409 esse
963 1369 1091 1409 aliam.
1156 1371 1226 1408 LE.
1264 1369 1361 1408 nihil
1394 1368 1518 1408 amori
1556 1369 1611 1407 in-

1418 1434 1607 1474 iuriumst.

278 1502 368 1539 SEL.
401 1515 507 1540 nunc
527 1509 565 1540 te
585 1502 729 1541 amabo
745 1509 787 1540 ut
808 1503 911 1540 hanc
930 1499 1012 1554 (hic
1033 1500 1176 1553 unum)
1190 1501 1362 1540 triduom
1383 1501 1460 1540 hoc
1480 1502 1611 1539 solum

1505 1580 1609 1605 Sinas

276 1645 361 1670 esse
381 1638 419 1670 et
440 1631 503 1670 hic
524 1645 677 1671 seruare
698 1634 804 1682 apud
827 1646 899 1671 me.
944 1646 1036 1671 nam
1057 1634 1108 1671 ad
1125 1639 1288 1672 matrem
1304 1631 1492 1671 accersita
1507 1645 1605 1670 sum.
1633 1643 1694 1680 105

278 1698 348 1735 LE.
381 1711 622 1747 quamquam
649 1695 750 1736 istuc
774 1697 871 1735 mihi
899 1697 969 1736 erit
994 1699 1205 1736 molestum
1230 1697 1416 1744 triduom,
1440 1704 1478 1735 et
1502 1697 1610 1735 dam-

1365 1776 1461 1801 num
1481 1761 1608 1809 dabis,

277 1826 429 1864 faciam.
462 1829 551 1865 SEL.
571 1827 656 1866 faci’
673 1827 844 1878 benigne
858 1836 896 1867 et
909 1828 1045 1867 amice.
1079 1829 1150 1867 sed
1163 1835 1215 1875 tu,
1233 1827 1492 1878 Gymnasium
1507 1841 1606 1874 mea,
1644 1823 1652 1832 ⁵

319 1941 406 1969 9o—9
422 1930 514 1961 inilia
531 1935 559 1961 el
569 1933 687 1963 ultima
703 1933 858 1974 leguntur
868 1933 901 1963 A
1011 1943 1050 1972 91
1078 1932 1294 1972 conspicio—
1307 1933 1340 1962 A
1456 1943 1499 1972 93
1524 1932 1606 1973 GY.]

278 1974 334 2004 LE.
364 1974 468 2004 Bothe
556 1977 656 2007 istum
671 1978 842 2008 hominem
862 1977 984 2008 uellem
998 1977 1032 2007 P
1159 1985 1201 2015 95
1218 1977 1267 2006 vel
1281 1976 1326 2006 ill’
1418 1987 1516 2007 nie—-
1532 1978 1607 2016 (ser-

277 2028 372 2048 mone
390 2018 584 2059 interrupto)
605 2020 735 2051 Schoell
831 2021 998 2051 selenium
1021 2020 1115 2062 [quid
1135 2025 1187 2050 est
1207 2020 1361 2060 (quide)]
1377 2020 1411 2050 P
1431 2022 1457 2060 <2
1471 2026 1532 2061 pro
1550 2019 1607 2059 qui

276 2066 346 2099 aes,
360 2062 377 2092 i.
391 2072 415 2092 e.
430 2062 486 2101 qui
499 2073 605 2103 ame5‚
618 2075 688 2095 var.
705 2064 766 2095 lect.
785 2064 963 2105 marginal.
977 2064 1024 2094 ad
1032 2074 1130 2103 quem
1142 2074 1247 2101 ames,
1259 2074 1287 2094 v.
1305 2063 1364 2103 97)
1484 2073 1526 2104 97
1551 2063 1608 2102 qui

276 2115 369 2135 ames
385 2105 418 2135 A
556 2117 614 2138 101
641 2113 740 2148 pater
760 2108 851 2148 eius]
873 2108 1075 2147 (patJeruQs)
1095 2108 1129 2138 A
1218 2107 1267 2137 vel
1285 2107 1412 2146 subigit
1547 2116 1608 2137 102

277 2148 379 2190 hanc]
407 2160 481 2181 eam
505 2150 539 2181 P
683 2161 743 2190 103
773 2162 888 2182 amore
913 2151 946 2181 P
1054 2150 1140 2181 nihil
1163 2160 1276 2180 amore
1305 2151 1463 2181 iniuriust
1489 2150 1608 2180 Dousa

280 2202 339 2230 104
363 2197 399 2223 tu
419 2194 505 2234 (tel)
522 2194 556 2224 P
641 2195 694 2225 hic
715 2206 818 2226 unum
843 2195 989 2226 triduom
1010 2195 1074 2225 hoc
1093 2194 1326 2234 Kampmann‚
1346 2194 1498 2233 Seyffert:
1527 2193 1560 2223 hi
1579 2197 1610 2223 et

258 2235 460 2275 *quadrante
484 2238 631 2277 spatio—
649 2249 665 2269 c
687 2239 748 2269 A·:
783 2239 932 2269 triduum
959 2239 1057 2278 (-ium
1081 2237 1149 2277 PE)
1171 2237 1233 2267 hoc
1256 2236 1290 2266 P
1306 2239 1383 2275 (om.
1406 2238 1462 2267 hic
1486 2236 1604 2272 unum)

281 2281 406 2319 106—45
425 2281 639 2322 paum'ssima,
654 2282 689 2311 in
706 2282 805 2312 initiis
809 2281 888 2321 sere,
906 2282 1062 2323 leguntur
1070 2280 1116 2321 A,
1129 2280 1234 2322 paulo
1238 2280 1339 2321 plura
1351 2285 1485 2311 tantum
1502 2289 1605 2310 120—2

276 2327 305 2353 et
323 2333 425 2363 142-5
551 2326 612 2355 106
636 2326 718 2356 mihi
735 2326 824 2356 istud
841 2324 892 2355 PE
