1742 2718
679 102 953 140 ASINARIA
1417 101 1471 137 II.
1493 100 1521 136 ii

147 214 216 251 LE.
249 212 303 251 ait
323 226 364 251 se
385 212 437 250 ob
457 211 588 250 asinos
609 212 707 250 ferre
727 218 931 261 argentum
953 209 1110 248 atriensi
1132 211 1311 257 Saureae,
1495 218 1536 248 80

145 277 282 327 uiginti
304 277 440 323 minas,
460 278 530 315 sed
550 290 641 315 eum
663 290 748 315 sese
769 290 850 315 non
870 289 988 315 nosse
1008 274 1213 314 hominem
1234 274 1301 325 qui
1322 274 1404 321 siet,

145 341 273 391 ipsum
295 355 388 380 uero
409 355 449 379 se
470 341 629 380 nouisse
649 341 789 380 callide
812 343 1114 379 Demaenetum.

60 420 127 458 350
146 406 334 456 quoniam
350 406 414 445 ille
430 408 609 445 elocutus
625 407 722 445 haec
740 406 912 445 sic—LI.
936 404 1033 455 quid
1049 407 1164 443 tum?
1207 406 1277 443 LE.
1301 405 1478 443 ausculta

1239 482 1342 519 ergo,
1366 482 1474 507 senes

147 537 344 585 extemplo
365 536 465 575 facio
486 538 657 575 facetum
678 549 741 575 me
762 544 880 586 atque
902 536 1169 586 magnuficum
1191 535 1330 581 uirum,

147 600 237 639 dico
258 602 350 639 med
370 614 455 639 esse
474 601 694 640 atriensem.
755 601 810 639 sic
830 603 907 639 hoc
928 600 1131 651 respondit
1151 599 1271 638 mihi:
1498 605 1538 644 85

150 668 244 715 ‘ego
265 668 331 716 pol
352 668 537 705 Sauream
559 680 640 705 non
661 667 755 705 noui
776 680 906 716 neque
926 680 1004 716 qua
1025 665 1123 704 facie
1145 665 1193 704 sit
1213 665 1305 703 scio.

149 737 186 768 te
207 744 287 769 non
307 739 515 782 aequomst
536 745 774 771 suscensere.
833 733 865 770 si
886 745 995 770 erum
1016 731 1075 769 uis
1098 733 1402 778 Demaenetum,

62 808 126 844 355
148 797 266 845 quem
288 810 360 846 ego
381 797 486 843 noui,
504 798 684 836 adduce:
713 805 918 847 argentum
939 811 1020 836 non
1041 796 1226 834 morabor
1241 796 1336 846 quin
1358 797 1482 834 feras.'

146 873 218 909 ego
240 873 304 898 me
325 859 501 900 dixeram
522 863 788 901 adducturum
810 868 849 900 et
870 874 934 900 me
955 862 1065 901 domi
1086 870 1242 913 praesto
1262 864 1368 910 fore;

148 924 211 962 ille
232 924 271 962 in
292 924 466 963 balineas
487 924 639 972 iturust,
661 925 755 964 inde
775 927 854 964 huc
874 924 1006 964 ueniet
1027 932 1174 977 postea.
1500 940 1542 972 90

149 989 245 1039 quid
262 1003 367 1028 nunc
383 989 522 1028 consili
538 991 780 1040 captandum
796 991 957 1029 censes?
977 989 1075 1029 dice.
1113 991 1174 1028 L1.
1198 1003 1261 1028 em
1277 989 1377 1028 istuc
1392 1002 1467 1040 ago

151 1067 230 1104 quo
251 1055 372 1093 modo
393 1062 554 1104 argento
575 1054 830 1093 interuortam
851 1062 889 1093 et
909 1056 1168 1094 aduentorem
1191 1062 1230 1093 et
1250 1055 1447 1093 Sauream.

65 1122 134 1166 360
151 1119 228 1157 iam
250 1121 326 1158 hoc
347 1133 446 1170 opus
467 1127 526 1158 est
546 1127 752 1159 exasceato
766 1135 776 1168 3
806 1133 898 1158 nam
919 1119 951 1158 si
976 1119 1040 1158 ille
1060 1127 1264 1170 argentum
1285 1120 1392 1170 prius

152 1186 295 1234 hospes
316 1185 394 1223 huc
414 1186 551 1232 adfert,
573 1185 765 1223 continuo
785 1199 857 1224 nos
877 1185 997 1224 ambo
1018 1184 1165 1224 exclusi
1185 1198 1331 1223 sumus.

152 1263 244 1288 nam
265 1263 328 1288 me
348 1249 470 1289 hodie
490 1263 609 1289 senex
629 1250 783 1289 seduxit
803 1252 931 1289 solum
952 1263 1106 1289 sorsum
1125 1250 1177 1289 ab
1196 1250 1372 1297 aedibus,
1505 1268 1543 1300 95

154 1314 250 1353 mihi
270 1314 421 1365 tibique
441 1315 732 1353 interminatust
753 1328 823 1354 nos
844 1316 995 1354 futuros
1016 1317 1180 1362 ulmeos,

153 1381 194 1418 ni
214 1379 333 1418 hodie
353 1379 574 1430 Argyrippo
594 1379 742 1430 argenti
764 1379 895 1418 essent
914 1379 1053 1430 uiginti
1073 1380 1203 1418 minae
1219 1395 1228 1427 3

65 1447 109 1491 36
115 1456 130 1491 5
154 1444 263 1483 iussit
284 1445 347 1483 uel
367 1457 440 1483 nos
460 1444 670 1483 atriensem
691 1446 755 1483 uel
775 1457 848 1482 nos
868 1458 1030 1483 uxorem
1051 1458 1162 1483 suam

154 1511 371 1557 defrudare,
394 1510 491 1549 dixit
511 1524 596 1550 sese
617 1511 778 1561 o'peram
798 1510 1032 1561 promissam
1056 1512 1159 1549 dare.

153 1588 260 1614 nunc
279 1583 321 1614 tu
347 1575 412 1614 abi
435 1577 486 1614 ad
513 1577 642 1615 forum
665 1577 717 1615 ad
741 1589 851 1615 erum
877 1583 916 1614 et
940 1589 1052 1615 narra
1076 1577 1174 1615 haec
1197 1583 1240 1615 ut
1264 1590 1337 1616 nos
1363 1575 1487 1615 acturi
1510 1590 1574 1612 100

1327 1656 1462 1680 sumus
1479 1658 1486 1680 :

153 1714 192 1746 te
212 1720 259 1745 ex
279 1707 458 1746 Leonida
477 1709 650 1746 futurum
671 1721 756 1747 esse
776 1707 985 1746 atriensem
1007 1709 1205 1754 Sauream,

155 1773 251 1810 dum
274 1780 478 1822 argentum
503 1775 653 1812 adferat
680 1782 872 1812 mercator
892 1774 962 1824 pro
982 1773 1112 1811 asinis.
1174 1774 1244 1811 LE.
1276 1773 1417 1812 faciam
1444 1781 1486 1812 ut

1361 1839 1483 1878 iubes

69 1915 138 1950 370
157 1903 216 1940 L1.
248 1916 321 1953 ego
341 1903 451 1942 illum
471 1903 620 1944 interea
638 1905 702 1944 hic
723 1905 944 1953 oblectabo‚
971 1905 1068 1956 priu'
1089 1905 1120 1943 si
1140 1906 1239 1943 forte
1258 1904 1472 1943 aduenerit.

157 1969 228 2005 LE.
260 1968 356 2018 quid
385 1969 471 2007 ais?
532 1972 592 2008 L1.
625 1970 721 2021 quid
752 1971 840 2010 uis?
906 1973 977 2010 LE.
1010 1985 1144 2022 pugno
1175 1972 1319 2009 malam
1353 1970 1385 2008 si
1416 1969 1487 2008 tibi

1245 2048 1484 2087 percussero,

160 2112 250 2137 mox
270 2111 391 2149 quom
412 2100 598 2139 Sauream
620 2101 813 2148 imitabor,
836 2109 977 2141 caueto
997 2116 1047 2141 ne
1069 2116 1309 2141 suscenseas
1510 2115 1568 2146 105

203 2203 268 2241 348
291 2212 328 2233 se
344 2202 377 2232 A
383 2203 526 2244 a‘dalius,
540 2203 679 2244 Bentley,
697 2205 817 2244 quibus
832 2206 940 2236 minas
955 2205 1096 2246 displicet
1112 2205 1164 2246 (cs.
1181 2217 1235 2238 me
1253 2206 1339 2247 [me]
1357 2217 1386 2238 v.
1406 2207 1485 2246 3433

160 2255 224 2284 349
237 2249 310 2286 post
324 2255 389 2285 350
404 2246 469 2278 cod.
489 2258 496 2277 :
521 2258 600 2280 corr.
620 2248 795 2279 Aa‘dalius
882 2250 946 2288 356
971 2250 1039 2280 dixi
1062 2260 1157 2280 erum
1174 2250 1367 2283 Aa'dalius:
1395 2251 1485 2281 dixe-

162 2298 231 2319 ram
242 2289 310 2321 cod.
699 2293 764 2330 358
788 2292 841 2322 dic
857 2292 933 2323 cod.'
1007 2295 1072 2332 360
1088 2296 1301 2325 exlasceatum
1321 2294 1385 2325 cod.
1399 2295 1436 2335 (i.
1450 2295 1484 2332 95

160 2333 224 2370 364
249 2342 318 2371 arg.
331 2338 449 2365 essent
461 2335 527 2374 uig.
541 2335 718 2366 Heckeisen
735 2347 742 2366 :
766 2340 882 2366 essent
896 2336 961 2375 uig.
975 2347 1047 2375 arg.
1061 2336 1127 2368 cod.
1198 2339 1262 2375 366
1285 2338 1484 2376 promiscam

161 2374 370 2407 Palmerius:
400 2379 599 2416 promissam
624 2378 713 2409 cod.:
747 2378 948 2418 promissum
971 2378 1148 2411 Haeberlin
1174 2380 1307 2419 (th'lol.
1334 2382 1388 2420 56,
1409 2381 1484 2419 162)

162 2420 226 2457 369
249 2419 298 2449 vel
312 2421 358 2450 uti
447 2431 510 2460 372
534 2421 691 2453 imitabor
707 2422 870 2453 Sauream
889 2422 1071 2462 Fleckeisen,
1091 2424 1145 2454 cui
1158 2424 1314 2455 imitabor
1330 2423 1465 2464 displicet
