1814 2723
207 58 276 97 IV.
302 59 325 97 ii
719 59 764 95 T.
800 56 980 95 MACCI
1013 54 1217 93 PLAVTI

303 182 376 208 nec
397 168 510 208 uobis
531 174 666 207 auctor
686 167 787 204 ullus
808 172 866 204 est
887 178 960 203 nec
982 171 1137 202 uosmet
1158 162 1249 202 estis
1270 160 1348 200 ulli.

301 233 395 272 item
416 246 538 283 genus
560 240 618 270 est
638 230 841 269 lenonium
863 229 963 268 inter
984 229 1166 267 homines
1187 241 1278 266 meo
1298 226 1459 277 quidem
1480 222 1614 263 animo

302 306 344 337 ut
365 312 536 345 muscae,
557 296 712 343 culices,
736 295 894 334 cimices
916 296 1118 345 pedesque
1138 293 1390 343 pulicesque:
1651 295 1719 331 500

245 376 279 408 15
301 363 394 403 odio
415 370 453 401 et
474 364 577 401 malo
599 369 636 400 et
657 360 870 406 molestiae,
894 360 1003 398 bono
1024 358 1111 397 usui
1132 358 1223 397 estis
1244 356 1351 403 nulli,

301 442 373 467 nec
395 427 602 466 uobiscum
623 425 831 476 quisquam
854 424 893 462 in
914 426 999 463 foro
1019 423 1117 473 frugi
1138 422 1351 462 consistere
1370 420 1513 466 audet3

301 493 367 543 qui
389 491 574 538 constitit,
597 492 758 541 culpant
779 504 883 537 eum,
906 489 1158 539 conspicitur,
1178 488 1431 538 uituperatur,
1567 473 1570 476 Δ

302 572 392 597 eum
414 558 494 596 rem
516 558 715 606 fidemque
735 555 910 606 perdere,
934 562 1013 593 tam
1035 554 1106 593 etsi
1127 553 1181 591 nil
1202 553 1306 600 fecit,
1326 552 1445 590 aiunt.

304 626 373 662 Lv.
405 624 547 673 edepol
568 624 730 661 lenones
752 635 841 659 meo
861 620 995 659 animo
1016 619 1172 666 nouisti‚
1195 620 1313 665 lusce,
1336 616 1477 667 lepide.
1652 623 1715 660 505

245 700 284 722 20
304 690 376 728 CV.
408 689 549 726 eodem
571 686 701 725 hercle
721 700 793 725 uos
814 699 921 736 pono
942 692 981 724 et
1001 698 1096 735 paro
1113 701 1119 723 z
1150 682 1357 734 parissumi
1378 681 1469 721 estis
1489 681 1605 720 hibus
1622 695 1629 718 :

303 753 342 791 hi
363 754 500 791 saltem
522 752 561 789 in
583 750 747 790 occultis
767 750 863 789 locis
884 757 1073 801 prostant,
1097 763 1168 787 uos
1189 748 1229 786 in
1250 750 1334 786 foro
1354 747 1465 797 ipso3

303 832 373 856 uos
394 818 553 864 faenori,
578 816 617 854 hi
637 818 740 855 male
760 817 966 854 suadendo
988 822 1026 854 et
1046 814 1175 853 lustris
1196 815 1367 851 lacerant
1387 810 1579 850 homines.

302 883 553 934 rogitationes
574 884 774 933 plurumas
795 889 954 932 propter
974 894 1046 919 uos
1067 881 1237 930 populus
1258 877 1383 925 sciuit,

302 963 398 999 quas
419 962 490 987 uos
511 955 662 998 rogatas
682 946 861 997 rumpitis
879 962 885 984 ι
915 945 1087 995 aliquam
1109 943 1284 995 reperitis
1304 943 1441 981 rimam
1456 956 1467 990 3
1652 952 1720 989 510

243 1026 280 1057 25
302 1014 413 1064 quasi
433 1027 576 1063 aquam
598 1014 816 1051 feruentem
836 1011 1016 1062 frigidam
1038 1024 1133 1057 esse,
1157 1009 1211 1048 ita
1230 1022 1302 1047 uos
1322 1007 1467 1058 putatis
1487 1008 1602 1056 leges.

304 1081 372 1117 Lv.
409 1078 578 1117 tacuisse
622 1079 843 1116 mauellem.
918 1078 991 1116 CA.
1033 1077 1110 1114 hau
1151 1076 1253 1113 male
1291 1073 1479 1112 meditate
1518 1072 1633 1109 male-

1444 1137 1557 1176 dicax
1576 1149 1627 1175 es,

302 1212 374 1249 CV.
406 1209 576 1260 indignis
597 1208 628 1247 si
650 1209 751 1246 male
772 1207 924 1255 dicitur,
947 1208 1050 1245 male
1070 1205 1221 1245 dictum
1242 1204 1283 1244 id
1303 1217 1388 1243 esse
1408 1202 1510 1249 dico,

301 1289 438 1314 uerum
459 1274 490 1312 si
511 1273 639 1324 dignis
660 1273 813 1320 dicitur,
835 1273 938 1312 bene
959 1272 1147 1311 dictumst
1168 1285 1258 1310 meo
1278 1269 1440 1321 quidem
1461 1267 1606 1307 animO.

302 1354 375 1390 ego
395 1353 632 1390 mancupem
652 1346 691 1377 te
711 1338 765 1377 nil
786 1352 917 1377 moror
937 1352 1011 1376 nec
1030 1339 1216 1376 lenonem
1237 1336 1356 1375 alium
1377 1346 1629 1385 quemquam.
1651 1344 1717 1382 515

242 1420 284 1452 30
304 1408 421 1455 Lyco,
445 1403 640 1455 numquid
661 1403 749 1442 uis?
806 1405 875 1441 Lv.
907 1403 1008 1441 bene
1029 1403 1127 1440 uale.
1188 1403 1260 1442 CV.
1283 1402 1380 1439 uale.
1440 1400 1512 1439 CA.
1535 1400 1633 1437 heus

1244 1474 1285 1504 tu
1303 1468 1309 1503 ἕ
1344 1465 1415 1504 tibi
1436 1478 1508 1515 ego
1529 1463 1629 1503 dico.

304 1537 376 1576 Cv.
408 1537 603 1585 eloquere,
630 1533 725 1584 quid
753 1533 842 1572 uis?
901 1534 972 1573 CA.
1007 1546 1155 1583 quaeso
1187 1538 1229 1570 ut
1261 1532 1363 1569 hanc
1393 1542 1503 1568 cures
1530 1529 1633 1567 bene

607 1605 614 1610 ”
1464 1594 1537 1633 siet
1557 1593 1631 1632 isti.

304 1668 405 1706 bene
432 1680 505 1717 ego
531 1665 644 1704 istam
673 1663 789 1704 eduxi
810 1678 922 1704 meae
948 1663 1058 1703 domi
1085 1670 1123 1702 et
1149 1661 1303 1714 pudice.
1363 1662 1433 1700 Cv.
1467 1659 1497 1697 si
1517 1658 1633 1697 huius

1463 1724 1635 1771 miseret,

305 1797 447 1848 ecquid
468 1798 538 1836 das
558 1795 625 1846 qui
646 1797 748 1835 bene
769 1794 845 1833 sit?
894 1796 965 1835 CA.
990 1795 1147 1833 malum.
1199 1794 1270 1832 Cv.
1294 1790 1365 1830 tibi
1386 1797 1502 1841 opust
1524 1787 1633 1842 [hoc]

1291 1870 1358 1907 qu1
1379 1863 1416 1894 te
1436 1867 1630 1906 procures.

306 1930 377 1969 CA.
400 1928 496 1978 quid
517 1929 635 1966 stulta
655 1929 813 1978 ploras?
843 1941 892 1966 ne
908 1926 1013 1974 time,
1030 1926 1132 1964 bene
1147 1925 1279 1963 hercle
1299 1920 1463 1961 uendidi
1482 1933 1555 1970 ego
1571 1926 1609 1958 te
1624 1933 1633 1967 3
1654 1929 1721 1966 520

245 2004 286 2037 35
305 1995 365 2033 fac
385 1993 436 2032 sis
456 1993 585 2032 bonae
606 1992 704 2042 frugi
725 1992 811 2039 sies,
835 2005 998 2042 sequere
1018 1991 1136 2029 istum
1156 1990 1260 2028 bella
1280 1988 1392 2026 belle.

349 2108 415 2138 500
442 2098 580 2129 cimices
600 2097 665 2129 cod.
692 2098 779 2128 Festi
800 2108 886 2128 210:
910 2107 974 2127 om.
995 2095 1061 2127 cod.
1085 2095 1144 2136 (iii.
1168 2093 1220 2133 11)
1422 2100 1484 2130 507
1510 2090 1576 2120 His
1602 2089 1636 2120 B

307 2142 357 2183 (in
382 2142 548 2181 archetypo
572 2145 642 2171 erat
665 2141 717 2171 his
742 2141 862 2176 altem;
898 2143 943 2170 ita
970 2139 1015 2176 V)
1150 2148 1232 2168 uoro
1253 2136 1317 2167 cod.
1339 2136 1382 2177 (v.
1407 2136 1461 2174 10)
1489 2134 1576 2174 (foro
1589 2133 1633 2172 J)

306 2187 370 2225 508
393 2186 448 2216 vix
463 2185 639 2216 suadendo
729 2184 884 2215 homines
901 2187 975 2214 ante
990 2183 1023 2213 hi
1040 2183 1143 2213 colloc.
1162 2181 1284 2220 Ussing
1461 2187 1524 2216 513
1549 2177 1634 2206 duco

264 2248 273 2258 x
306 2229 496 2260 Lambinus
643 2237 706 2267 517
732 2228 775 2258 sit
791 2227 855 2258 cod.
875 2239 882 2257 ι
906 2225 980 2268 (ei)
996 2227 1039 2256 sit
1062 2225 1200 2256 Mueller
1219 2223 1352 2265 (Rhein.
1373 2221 1462 2252 Mus.
1484 2230 1534 2259 54,
1553 2218 1632 2258 389)

306 2274 392 2304 bene
417 2271 670 2311 nonserendum
712 2312 717 2317 ι
759 2271 838 2313 (ut)
863 2271 950 2301 bene
966 2269 1106 2314 Pylades
1252 2277 1316 2306 519
1340 2267 1404 2297 hoc
1420 2265 1478 2296 del.
1498 2262 1636 2302 Pylades
