1742 2718
701 66 960 106 EPIDICVS
1441 60 1493 97 II.
1515 56 1545 94 1⁸1

171 186 273 224 duae
294 183 348 222 sic
368 190 457 233 post
477 195 541 220 me
560 179 723 219 fabulari
744 179 843 216 inter
863 188 1077 225 sese—ego
1097 171 1269 224 apscessi
1289 171 1415 210 sciens

172 250 347 299 paullum
367 248 417 286 ab
434 246 518 294 illis,
537 244 832 284 dissimulabam
855 255 987 281 earum
1009 252 1169 290 operam
1190 236 1359 276 sermoni
1377 237 1468 274 dare
1488 248 1498 282 3

171 327 244 352 nec
265 313 356 351 satis
377 310 622 356 exaudibam,
645 322 719 347 nec
745 306 936 346 sermonis
957 305 1117 344 fallebar
1137 310 1280 348 tamen,

86 390 154 421 240
173 392 273 428 quae
302 379 564 427 loquerentur.
624 375 692 411 PE.
725 372 765 411 id
790 371 964 410 lubidost
992 370 1098 408 scire.
1159 369 1229 406 ΕΡ.
1261 366 1315 404 ibi
1345 366 1496 403 illarum

1380 432 1499 468 altera

175 508 270 546 dixit
302 507 356 545 illi
385 506 545 556 quicum
575 504 660 555 ipsa
688 503 896 542 ibat—PE.
928 501 1056 551 quid?
1114 500 1184 537 ΕΡ.
1215 505 1302 536 tace
1332 509 1433 546 ergo,
1456 503 1498 532 ut
1520 498 1562 529 60

1312 560 1501 599 audias—

175 645 385 688 postquam
405 637 511 674 illam
539 642 629 673 sunt
652 633 913 683 conspicatae,
932 644 1050 681 quam
1069 631 1147 668 tuo'
1168 635 1308 678 gnatus
1327 624 1478 675 deperit
1496 639 1503 661 :

179 707 187 723 ‘
201 716 319 753 quam
340 702 453 740 facile
473 709 511 740 et
532 714 650 750 quam
671 701 865 738 fortunate
886 696 1019 735 euenit
1040 695 1104 741 illi,
1128 706 1303 744 opsecro,

178 766 329 805 mulieri
349 778 467 816 quarn
487 764 651 802 liberare
671 762 754 800 uolt
773 767 924 799 amator
941 760 969 796 1’
1029 761 1038 778 ‘
1051 757 1232 808 quisnam
1253 756 1285 795 is
1305 764 1363 794 est
1376 757 1392 794 ?
1405 757 1413 773 '

91 843 156 878 245
179 831 305 882 inquit
323 831 444 868 altera
463 828 527 867 illi.
572 825 640 866 'ibi
661 827 725 865 illa
744 825 922 864 nominat
943 823 1244 873 Stratippoclem

180 894 412 946 Periphanei
434 894 567 932 filium.
627 893 695 929 PE.
727 890 823 941 perii
843 891 973 928 hercle
991 892 997 926 l
1045 888 1141 937 quid
1157 900 1229 936 ego
1245 899 1291 924 ex
1307 893 1344 924 te
1360 884 1508 923 audio?
1527 890 1568 931 65

181 963 251 1000 ΕΡ.
270 962 347 999 hoc
360 960 469 1009 quod
483 965 663 996 actumst.
690 963 846 1006 egomet
859 962 1070 1005 postquam
1084 953 1124 991 id
1140 952 1223 990 illas
1239 950 1374 990 audiui
1387 949 1506 1000 loqui,

181 1026 293 1076 coepi
313 1038 447 1063 rusum
467 1037 627 1062 uorsum
647 1023 698 1061 ad
718 1022 802 1060 illas
822 1019 1063 1071 pauxillatim
1084 1019 1282 1064 accedere,

182 1090 294 1140 quasi
313 1091 527 1129 retruderet
546 1087 754 1126 hominurn
775 1099 839 1125 me
859 1086 918 1124 uis
939 1084 1118 1123 inuitum.
1178 1085 1246 1121 PE.
1279 1082 1473 1130 intellego,

97 1172 165 1208 250
185 1158 254 1194 ΕΡ.
286 1155 342 1194 ibi
361 1155 426 1193 illa
444 1152 697 1203 interrogauit
713 1152 819 1190 illam
837 1167 843 1189 :
877 1154 884 1170 ‘
899 1150 966 1200 qui
983 1149 1058 1188 scis
1073 1150 1089 1187 Ρ
1119 1148 1206 1198 quis
1222 1147 1262 1186 id
1279 1147 1374 1185 dixit
1388 1145 1459 1184 tibi
1474 1146 1511 1183 ?'

187 1224 195 1240 ‘
208 1221 304 1271 quin
324 1220 444 1259 hodie
463 1221 617 1258 adlatae
637 1219 804 1257 tabellae
825 1224 916 1255 sunt
935 1216 987 1254 ad
1008 1228 1095 1254 eam
1115 1228 1139 1252 a
1159 1213 1429 1263 Stratippocle,
1535 1225 1573 1258 70

184 1301 275 1327 eum
295 1293 500 1337 argentum
520 1284 733 1334 sumpsisse
752 1284 860 1333 apud
880 1282 1041 1320 Thebas
1061 1281 1112 1319 ab
1133 1279 1287 1318 danista
1306 1279 1474 1323 faenore,

185 1354 226 1392 id
239 1360 417 1404 paratum
433 1358 472 1389 et
485 1363 569 1389 sese
585 1350 637 1388 ob
651 1363 738 1387 eam
752 1362 834 1387 rem
850 1348 891 1386 id
904 1348 1026 1386 ferre.⁷
1066 1348 1134 1384 PE.
1154 1352 1260 1384 certo
1274 1357 1345 1394 ego
1361 1341 1489 1381 occidi
1506 1344 1513 1379 l

188 1420 257 1457 ΕΡ.
289 1418 386 1456 haec
408 1415 464 1454 sic
483 1414 612 1454 aibat:
643 1414 698 1453 sic
718 1413 917 1452 audiuisse
938 1426 985 1451 ex
1005 1424 1123 1462 eapse
1143 1410 1261 1460 atque
1282 1408 1457 1458 epistula.

99 1495 165 1532 255
187 1485 256 1522 PE.
279 1481 376 1533 quid
396 1494 469 1531 ego
492 1479 663 1518 faciam?
693 1491 798 1517 nunc
818 1476 1028 1516 consilium
1048 1490 1071 1514 a
1090 1483 1129 1515 te
1149 1482 1363 1527 expetesso,
1386 1475 1515 1522 Apoe-

1394 1537 1512 1576 cides.

188 1616 260 1652 ΑΡ.
291 1611 529 1663 reperiamus
548 1609 698 1660 aliquid
718 1608 848 1656 calidi,
867 1606 1129 1646 conducibilis
1150 1605 1301 1644 consili.
1538 1615 1574 1648 75

188 1692 280 1718 nam
307 1678 372 1717 ille
395 1676 557 1728 quidem
583 1683 651 1714 aut
677 1675 755 1713 iam
781 1673 846 1712 hic
872 1671 1007 1720 aderit,
1038 1671 1156 1709 credo
1183 1670 1324 1715 hercle,
1346 1675 1413 1706 aut
1439 1667 1517 1705 iam

922 1738 1044 1776 adest.
1105 1737 1174 1773 ΕΡ.
1207 1734 1239 1772 si
1258 1746 1427 1783 aequom
1449 1732 1521 1770 siet

190 1823 254 1849 me
273 1811 360 1860 plus
381 1820 516 1858 sapere
537 1819 656 1857 quam
677 1818 759 1852 uOS,
783 1803 960 1843 dederim
981 1801 1096 1840 uobis
1116 1798 1324 1839 consilium
1345 1806 1476 1836 catum

191 1875 300 1925 quod
324 1872 503 1920 laudetis,
526 1880 569 1910 ut
593 1885 666 1922 ego
694 1869 827 1921 opino,
850 1868 1155 1918 uterque—PR,
1175 1877 1266 1915 ergo
1290 1863 1358 1902 ubi
1383 1862 1425 1901 id
1451 1869 1519 1908 est,

1328 1927 1494 1979 Epidice
1507 1929 1524 1966 ?

236 2056 298 2084 237
323 2044 419 2083 Quae
436 2043 469 2073 A
554 2046 630 2082 post
647 2052 700 2072 me
717 2041 765 2071 sic
782 2039 815 2070 P
887 2038 1003 2069 solens
1019 2037 1053 2067 P
1160 2036 1224 2074 238
1248 2045 1301 2065 me
1319 2034 1436 2064 harum
1453 2041 1523 2062 ser-

195 2089 287 2119 moni
303 2097 442 2127 operam
458 2085 492 2116 P
577 2095 640 2124 243
665 2085 731 2114 illic
748 2082 886 2113 Mueller
972 2091 1034 2120 244
1060 2079 1204 2110 liberare
1225 2087 1324 2118 quam
1340 2076 1374 2107 P
1459 2085 1522 2114 245

195 2133 250 2163 illa
266 2130 413 2162 Ritschl:
436 2129 483 2160 illi
499 2130 532 2160 A
550 2141 557 2160 :
581 2139 647 2160 om.
667 2128 701 2158 P
715 2127 775 2168 (iii.
798 2136 826 2165 1,
846 2137 878 2165 p.
896 2125 954 2164 48)
1075 2133 1137 2162 247
1162 2126 1214 2153 est
1230 2133 1298 2153 om.
1314 2120 1348 2151 P
1433 2124 1523 2159 post-

195 2186 295 2216 quam
322 2174 372 2214 id]
398 2178 475 2213 post
500 2173 544 2203 ibi
561 2172 595 2202 P
747 2180 813 2209 250
836 2168 926 2209 quis]
947 2168 1001 2207 qui
1019 2166 1052 2196 A
1211 2176 1273 2204 251
1299 2164 1421 2195 allatae
1445 2167 1524 2193 sunt

195 2218 339 2250 tabellae
356 2217 404 2247 P:
439 2217 571 2248 adlatae
596 2214 739 2246 tabellae
765 2217 845 2245 (om.
864 2213 956 2247 sunt)
985 2210 1018 2240 A
1180 2219 1332 2248 252-449
1356 2207 1472 2238 desunt
1490 2205 1523 2234 A

197 2271 260 2301 253
284 2265 378 2291 certo
395 2260 615 2300 Kampmann
634 2271 641 2289 :
665 2258 748 2289 cedo
763 2255 831 2287 cod.
943 2263 1007 2293 254
1034 2253 1078 2284 H.
1092 2254 1140 2283 sic
1157 2253 1269 2282 aiebat
1285 2263 1322 2283 se
1338 2251 1413 2281 aud.
1430 2248 1526 2279 Goetz

199 2316 242 2336 ex
255 2315 357 2344 eapse
373 2303 596 2344 Kampmann
613 2314 620 2334 z
643 2312 680 2332 se
703 2301 784 2331 abse
809 2298 875 2330 cod.
1009 2306 1072 2336 255
1096 2296 1132 2336 es]
1160 2295 1300 2326 Redslob
1318 2294 1422 2333 gBerl.
1439 2292 1524 2323 Pln'l.

203 2347 312 2379 Woch.
329 2357 381 2386 22,
399 2347 478 2386 553)
572 2356 635 2385 259
660 2345 781 2384 opinor
797 2342 862 2373 cod.
