1742 2718
0 890 66 984 J

633 309 1056 360 PROLOGVS

178 470 336 508 Saluere
357 466 474 505 iubeo
496 471 734 514 spectatores
756 470 952 511 optumos,

180 533 316 571 Fidem
339 531 403 581 qui
426 529 551 568 facitis
573 528 853 574 maxumi,—et
874 539 946 564 uos
968 524 1096 563 Fides.

178 598 208 635 si
231 610 365 635 uerum
389 594 478 640 dixi,
503 593 657 644 signum
679 594 826 630 clarum
848 592 939 629 date
961 589 1068 636 mihi,

180 671 220 701 ut
242 675 313 700 uos
336 660 387 698 mi
409 673 493 698 esse
515 671 663 708 aequos
685 657 761 695 iam
784 656 876 694 inde
895 669 918 692 a
938 653 1132 704 principio
1154 652 1285 691 sciam.

141 741 157 776 5
180 727 245 777 qui
268 733 429 764 utuntur
449 724 543 762 uino
564 731 695 761 uetere
717 720 902 772 sapientis
924 727 1021 770 puto

179 800 216 832 et
238 792 303 843 qui
326 791 506 830 lubenter
526 797 677 828 ueteres
699 794 877 838 spectant
898 785 1074 831 fabulas;

179 857 336 896 anticua
357 869 475 906 opera
496 862 534 893 et
556 854 677 892 uerba
698 866 819 902 quom
841 850 956 889 uobis
978 851 1145 900 placent,

179 922 348 973 aequom
370 916 427 960 est
449 911 602 971 placere
623 926 714 957 ante
734 917 864 969 (alias)
883 923 1035 954 ueteres
1056 914 1231 952 fabulas:

181 1004 272 1029 nam
293 1003 399 1028 nunc
421 1002 549 1027 nouae
570 1000 671 1037 quae
693 986 890 1036 prodeunt
909 980 1142 1021 comoediae

122 1071 163 1097 10
181 1058 306 1095 multo
327 1063 416 1094 sunt
437 1053 646 1104 nequiores
667 1064 785 1101 quam
807 1047 959 1087 nummi
980 1045 1084 1084 noui.

182 1136 253 1161 nos
274 1129 483 1172 postquam
506 1117 641 1170 populi
663 1128 818 1154 rumore
838 1111 1100 1152 intelleximus

179 1187 356 1226 studiose
377 1193 558 1236 expetere
579 1197 651 1222 uos
673 1180 873 1220 Plautinas
894 1178 1056 1223 fabulas,

181 1253 379 1292 anticuam
401 1252 498 1291 eiius
520 1250 674 1290 edimus
695 1244 957 1290 comoediam,

183 1332 301 1369 quam
322 1331 394 1356 uos
415 1316 608 1367 probastis
630 1314 696 1365 qui
719 1311 810 1351 estis
831 1310 871 1364 in
893 1307 1138 1355 senioribu53

124 1395 162 1432 15
183 1397 274 1422 nam
295 1383 492 1422 iuniorum
513 1381 579 1432 qui
601 1388 692 1419 sunt
712 1392 793 1417 non
814 1381 968 1420 norunt,
992 1373 1099 1420 scio3

183 1449 319 1488 uerum
341 1455 383 1487 ut
403 1453 645 1497 cognoscant
665 1443 848 1483 dabimus
869 1452 1029 1490 operam
1051 1438 1200 1476 sedulo.

182 1516 280 1553 haec
301 1527 422 1563 quom
443 1512 613 1563 primum
634 1518 721 1548 acta
742 1515 810 1554 est,
834 1505 928 1544 uicit
948 1502 1076 1543 omnis
1097 1501 1260 1540 fabulas.
1300 1520 1308 1524 >

183 1593 229 1617 ea
249 1579 483 1629 tempestate
503 1578 575 1615 flos
596 1583 800 1627 poetarum
822 1571 905 1617 fuit,

185 1643 251 1694 qui
272 1657 378 1681 nunc
398 1642 578 1680 abierunt
599 1641 691 1678 hinc
712 1640 751 1677 in
773 1648 1029 1677 communem
1049 1634 1193 1671 locum.

124 1721 168 1745 20
185 1710 255 1748 sed
276 1716 407 1747 tamen
428 1714 611 1758 apsentes
632 1712 795 1756 prosunt
815 1700 926 1757 (pro)
939 1697 1222 1752 praesentibus.
1241 1723 1247 1727 ‚

185 1787 257 1813 uos
278 1773 407 1813 omnis
428 1786 545 1823 opere
566 1784 710 1821 magno
731 1783 816 1808 esse
838 1758 968 1807 oratos
989 1765 1082 1803 uolo

186 1838 356 1889 benigne
375 1845 418 1877 ut
439 1851 598 1887 operam
619 1835 720 1875 detis
740 1836 792 1873 ad
812 1840 990 1872 nostrum
1010 1841 1179 1881 gregem.

186 1903 300 1942 eicite
320 1917 367 1942 ex
386 1902 520 1941 animo
540 1915 673 1940 curam
694 1907 813 1949 atque
834 1898 1006 1936 alienum
1028 1908 1094 1933 aes
1117 1908 1151 1941 *‚

232 2006 350 2047 mma]
371 2015 468 2036 mnes
484 2003 621 2036 Skutsch
642 2003 773 2040 (Rlzez'n.
803 2001 893 2031 Mus.
919 2010 971 2039 55,
999 1997 1076 2037 272)
1211 2006 1230 2026 2
1255 2000 1289 2026 et
1312 1992 1435 2036 (item)
1456 2002 1517 2024 uos

189 2050 335 2082 Ritschl:
370 2053 404 2080 et
429 2047 538 2090 (ego)
562 2058 623 2078 uos
651 2046 800 2084 Skutsch,
832 2045 962 2074 hiatum
994 2042 1129 2072 vitantes
1162 2039 1234 2077 (sed
1260 2039 1296 2078 cf.
1326 2037 1374 2068 ad
1400 2047 1428 2067 v.
1459 2035 1517 2074 23)

191 2105 208 2134 7
248 2093 451 2132 antiquaque
482 2092 618 2132 Seyffert
759 2091 779 2119 8
817 2089 901 2119 alias
931 2085 1009 2117 add.
1043 2083 1169 2115 Ritsclzl
1314 2092 1347 2111 11
1383 2090 1517 2111 rumore

190 2136 374 2177 Angelius:
408 2145 576 2166 rumorem
602 2133 666 2165 cod.
816 2142 854 2170 13
879 2131 1049 2169 antiquam
1079 2125 1198 2170 (eam)
1223 2125 1361 2156 Mueller
1384 2122 1515 2164 (Rhein.

192 2179 282 2211 Mus.
309 2189 361 2219 54,
390 2180 468 2220 386)
611 2187 654 2208 20
678 2179 821 2217 prosunt
846 2172 952 2216 (pro)
975 2172 1131 2212 Seyffert:
1164 2171 1270 2210 prode
1301 2173 1379 2200 sunt
1406 2166 1517 2197 Loewe

193 2234 235 2263 23
259 2224 370 2254 diicite
387 2222 440 2252 PE
458 2223 536 2262 (pro
553 2221 690 2252 deiicite
703 2221 729 2260 ἓ)
819 2219 875 2249 vix
897 2222 966 2255 aes,
981 2225 1190 2255 quamquam
1200 2214 1250 2244 hic
1258 2213 1417 2253 prologus
1434 2210 1515 2240 anti-

192 2268 348 2307 quitatem
359 2267 504 2306 aff'ectare
513 2265 640 2297 vtdetur
650 2264 704 2304 (cs.
718 2274 767 2293 vv.
781 2272 808 2301 7,
821 2271 859 2300 13
869 2264 898 2291 et
907 2270 1018 2291 versus
1027 2257 1185 2297 hiantes):
1204 2268 1262 2288 aes
1274 2254 1386 2297 (cito)
1397 2252 1520 2284 Prodel

192 2311 230 2341 de
238 2315 350 2352 praep.
368 2320 399 2349 p.
417 2319 481 2349 534
569 2319 611 2339 ex
635 2308 748 2339 animo
766 2316 863 2337 curas
881 2309 982 2343 atque
1000 2303 1147 2333 alienum
1163 2312 1222 2332 aes
1234 2300 1332 2332 eicite
1348 2297 1475 2330 Schoell

1534 1051 1572 1073 10

1536 1704 1575 1727 20
