1742 2718
737 43 941 82 CASINA
1452 45 1505 82 II.
1529 44 1575 81 iii

94 165 158 203 255
179 164 293 190 seruo
315 153 411 203 frugi
432 161 549 203 atque
570 153 637 192 ubi
658 153 711 191 illi
733 154 833 192 bene
854 153 902 192 sit
922 153 1039 203 ligno,
1062 167 1164 203 aqua
1183 154 1320 201 calida,
1343 155 1444 202 cibo,

179 217 435 266 uestimentis,
458 218 605 268 ubique
626 220 768 257 educat
789 232 930 269 pueros
951 232 1049 269 quos
1071 218 1193 269 pariat
1212 218 1330 271 (sibi),
1526 237 1567 269 40

179 295 297 331 quam
319 283 371 321 illi
394 297 507 322 seruo
528 297 699 333 nequam
721 285 801 329 des,
824 283 1015 333 armigero
1036 283 1103 321 nili
1124 292 1243 334 atque
1264 284 1441 334 inprobo,

179 347 272 396 quoi
294 348 445 385 homini
466 348 585 386 hodie
606 347 734 398 peculi
756 362 941 386 nummus
963 362 1043 386 non
1065 356 1122 387 est
1143 349 1363 398 plumbeus.

179 412 248 451 CL.
282 413 422 451 mirum
444 421 594 451 ecastor
615 421 652 451 te
673 421 830 451 senecta
850 413 977 451 ae'tate
997 413 1169 452 officium
1191 422 1300 452 tuom

91 481 158 516 260
178 490 258 515 non
280 477 514 516 meminisse.
576 479 645 516 Lv.
678 478 773 528 quid
800 478 907 516 iam?
964 479 1033 517 CL.
1067 478 1169 528 quia,
1192 479 1223 517 si
1252 479 1370 518 facias
1399 487 1503 519 recte

1189 552 1256 582 aut
1277 546 1499 592 commode,

175 620 238 645 me
258 608 362 646 sinas
383 621 516 646 curare
535 608 707 656 ancillas,
730 621 830 658 quae
851 622 940 647 mea
960 616 1018 647 est
1038 609 1197 648 curatio.
1520 625 1560 656 45

175 673 244 710 LY.
277 673 355 723 qui,
379 675 536 721 malum,
560 673 712 711 homini
737 673 972 723 scutigerulo
1000 674 1092 712 dare
1113 674 1251 712 lubet?
1307 675 1377 713 CL.
1410 674 1501 724 quia

1294 739 1399 777 enim
1421 739 1502 778 filio

173 817 246 841 nos
266 811 421 853 oportet
442 804 622 854 opitulari
643 803 771 842 unico
832 805 902 842 Lv.
934 812 973 842 at
994 817 1234 854 quamquam
1256 804 1422 852 unicust,

172 868 297 906 nihilo
318 869 439 919 magis
461 870 524 907 ille
545 869 701 907 unicust
722 869 818 907 mihi
840 869 940 907 filius
961 883 1079 919 quam
1102 882 1174 919 ego
1195 869 1248 907 illi
1269 877 1401 920 pater:

85 939 151 984 265
172 933 281 971 illum
303 934 356 972 mi
376 934 556 984 aequiust
577 948 695 984 quam
717 933 780 972 me
801 933 854 972 illi
875 947 976 984 quae
996 936 1089 972 uolo
1109 936 1338 974 concedere.

173 999 242 1038 CL.
275 1007 317 1038 tu
334 1007 485 1038 ecastor
500 999 581 1047 tibi,
598 1001 730 1046 homo,
751 1000 894 1037 malam
915 1013 996 1038 rem
1013 1000 1177 1050 quaeris.
1229 1002 1300 1039 Lv.
1332 1001 1498 1047 subolet,
1521 1017 1561 1048 50

1361 1066 1497 1105 sentio.

170 1131 324 1179 egone?
372 1130 442 1169 CL.
475 1138 527 1168 tu.
570 1143 661 1168 nam
682 1130 779 1180 quid
800 1129 995 1179 friguttis?
1024 1130 1120 1180 quid
1141 1130 1241 1169 istuc
1262 1138 1342 1169 tam
1356 1131 1500 1182 cupide

1358 1197 1468 1247 cupis
1482 1199 1499 1235 ?

169 1262 239 1299 LY.
272 1269 313 1299 ut
334 1261 439 1300 enim
461 1261 559 1312 frugi
580 1274 694 1300 seruo
715 1262 830 1300 detur
849 1261 980 1312 potius
1001 1275 1120 1312 quarn
1142 1275 1256 1300 seruo
1277 1261 1456 1313 inprobo.

169 1327 239 1365 CL.
272 1327 368 1376 quid
389 1327 420 1365 si
441 1340 513 1377 ego
534 1327 702 1377 impetro
721 1334 840 1377 atque
862 1340 978 1366 exoro
999 1340 1022 1364 a
1042 1326 1160 1365 uilico
1181 1340 1319 1366 caussa
1339 1341 1427 1366 mea

81 1401 151 1436 270
168 1398 210 1429 ut
231 1405 317 1430 eam
339 1392 393 1430 illi
420 1392 648 1442 permittat?
705 1393 774 1430 Lv.
808 1392 904 1442 quid
931 1392 962 1430 si
983 1405 1055 1442 ego
1075 1400 1208 1430 autem
1235 1392 1286 1431 ab
1306 1393 1498 1443 armigero

1330 1458 1497 1508 impetro

165 1536 251 1561 eam
272 1523 327 1561 illi
346 1523 575 1573 permittat?
603 1530 722 1573 atque
741 1524 820 1562 hoc
840 1524 959 1562 credo
980 1523 1261 1574 impetrassere.
1295 1521 1303 1525 ’
1516 1536 1556 1569 55

165 1588 234 1626 CL.
268 1588 465 1626 conuenit.
516 1588 575 1627 uis
595 1588 671 1627 tuis
694 1588 907 1628 Chalinum
929 1590 1006 1626 huc
1027 1602 1192 1627 euocem
1214 1588 1343 1627 uerbis
1364 1590 1496 1628 foras?

163 1654 205 1690 tu
226 1666 316 1691 eum
337 1661 458 1701 orato,
481 1667 555 1704 ego
575 1661 707 1692 autern
729 1654 851 1692 orabo
872 1653 1044 1692 uilicum.
1105 1655 1174 1692 Lv.
1207 1667 1301 1693 sane
1321 1655 1424 1693 uolo.

163 1717 232 1756 CL.
274 1717 351 1756 iam
399 1718 463 1756 hic
511 1718 592 1756 erit.
643 1732 749 1756 nunc
797 1718 1042 1768 experiemur
1088 1726 1266 1757 nostrum
1313 1727 1398 1758 uter
1445 1720 1493 1759 sit

1245 1784 1492 1823 blandior.—

77 1856 119 1891 27
125 1857 142 1893 5
165 1849 233 1885 Lv.
267 1850 460 1887 Hercules
481 1849 602 1899 dique
621 1849 735 1888 istam
756 1851 933 1900 perdant,
956 1851 1065 1905 quod
1085 1863 1192 1888 nunc
1211 1849 1326 1888 liceat
1346 1849 1486 1890 dicere.

160 1926 233 1963 ego
253 1913 466 1953 discrucior
486 1915 603 1954 miser
622 1928 768 1963 amore,
788 1915 854 1953 illa
872 1901 1015 1953 auteffm*
1025 1914 1137 1964 quasi
1157 1915 1209 1953 ob
1230 1914 1461 1954 industriam
1507 1921 1551 1954 60

204 2020 267 2056 256
290 2018 353 2048 sibi
370 2018 445 2049 add.
462 2018 589 2050 Schoell
675 2029 736 2059 257
763 2019 908 2060 [potius]
926 2030 1025 2059 quam
1041 2019 1106 2051 cod.
1128 2020 1180 2060 (cf.
1198 2031 1227 2050 v.
1243 2020 1320 2061 253)
1391 2020 1488 2051 nihili

161 2059 289 2091 Merula
307 2073 314 2092 :
338 2063 400 2092 nisi
416 2061 480 2093 cod.
609 2064 673 2102 258
696 2064 752 2093 vix
766 2063 868 2094 hodie
994 2063 1059 2094 260
1083 2068 1175 2094 reete
1190 2064 1264 2095 Ital.
1279 2075 1286 2094 ι
1309 2069 1402 2094 certe
1418 2064 1485 2096 cod.

163 2105 213 2144 (cf.
227 2104 318 2144 Epid.
333 2106 367 2145 5)
459 2110 493 2136 et
508 2105 586 2136 PBD
727 2108 790 2136 262
814 2106 905 2137 iubet
921 2105 972 2136 PE
1070 2106 1138 2137 filio
1153 2118 1226 2138 cum
1240 2108 1340 2138 unico
1351 2113 1486 2148 permu-

160 2148 241 2177 tavit
259 2147 369 2187 Bothe,
390 2149 708 2189 proceleusmaticum
730 2151 810 2180 dare
838 2149 929 2180 lubet
953 2150 1061 2181 vitans
1192 2153 1256 2191 264
1281 2151 1336 2181 ille
1353 2152 1486 2182 unicust

162 2191 314 2232 Geppert:
339 2193 457 2223 unicus
473 2197 525 2223 est
542 2193 600 2223 ille
616 2193 681 2224 cod.
698 2193 733 2233 (ι’.
746 2203 769 2224 e,
789 2198 911 2224 uncust
929 2193 1023 2234 illez)
1113 2195 1178 2224 266
1200 2196 1273 2225 sub.
1289 2199 1374 2226 sent.
1393 2195 1486 2226 Cleu-

159 2238 279 2265 stratae
294 2236 461 2266 continuat
475 2235 541 2268 cod.
643 2238 706 2275 267
731 2236 810 2275 quid
829 2237 848 2267 i.
869 2237 952 2270 tam]
972 2247 1047 2267 nam
1064 2238 1145 2276 quid
1161 2237 1182 2269 i.
1200 2237 1286 2268 codd.
1303 2238 1409 2269 Nonii
1419 2240 1485 2278 308

161 2279 281 2316 (cz'tatio
309 2279 489 2320 neglegens)
645 2290 706 2319 271
733 2278 814 2322 (ut)
834 2290 909 2311 eam
935 2279 1070 2310 Guietus
1156 2281 1207 2312 vel
1227 2282 1293 2312 illic
1382 2283 1484 2312 credo

157 2320 256 2364 (me)
280 2321 497 2363 Camerarius,
516 2322 598 2354 Reiz
736 2333 798 2362 272
823 2323 898 2353 uuis
914 2322 981 2354 cod.
1003 2323 1038 2365 (i.
1056 2334 1080 2356 e.
1098 2324 1166 2365 uis)
1185 2336 1192 2355 :
1215 2325 1271 2355 uin
1290 2324 1412 2356 Morris
1427 2326 1479 2366 (cf-

158 2365 206 2396 ad
218 2365 331 2397 Bacclz.
349 2365 426 2404 873)
561 2367 624 2405 276
648 2366 813 2397 industria
829 2366 893 2397 cod.
