1814 2723
260 45 288 83 I.
311 46 356 82 iii
728 45 775 81 T.
809 42 987 81 MACCI
1021 40 1223 78 PLAVTI

311 159 425 196 MEN.
458 170 531 206 ego
551 155 637 195 istic
658 154 755 193 mihi
776 153 895 193 hodie
914 151 1092 203 apparari
1110 149 1205 189 iussi
1224 149 1331 200 apud
1351 155 1390 186 te
1409 146 1613 197 proelium.
1662 144 1770 188 184-5

310 223 384 259 ER.
417 220 536 260 hodie
556 220 597 259 id
618 221 694 259 fiet.
746 220 861 257 MEN.
893 217 934 256 in
954 231 1002 256 eo
1017 223 1181 266 uterque
1201 212 1351 266 proelio
1367 210 1591 263 potabimus
1607 225 1617 257 3

268 299 284 331 5
309 294 393 325 uter
413 286 467 325 ibi
488 286 626 324 melior
646 285 811 323 bellator
831 283 902 322 erit
923 282 1108 321 inuentus
1129 280 1330 325 cantharo,

308 360 375 391 tua
395 360 452 390 est
472 351 574 401 legio
591 367 597 389 :
627 350 855 389 adiudicato
875 350 966 387 cum
986 346 1234 385 utro--hanc
1255 351 1414 382 noctem
1443 342 1529 381 sies.

308 425 351 455 ut
371 431 444 467 ego
465 429 637 463 uxorem,
661 429 750 454 mea
770 416 964 463 uoluptas,
987 412 1056 451 ubi
1077 420 1115 450 te
1134 410 1294 461 aspicio,
1318 409 1385 447 odi
1405 409 1507 446 male
1524 410 1531 445 Σ

311 484 385 521 ER.
418 481 573 520 interim
595 480 735 530 nequis
757 479 853 529 quin
874 478 971 516 eiius
991 476 1141 527 aliquid
1162 476 1323 514 indutus
1345 474 1430 512 sies.
1661 482 1728 518 190

310 547 406 597 quid
433 548 510 584 hoc
537 547 624 584 est?
694 546 809 582 ΜΕΝ.
842 541 1029 580 induuiae
1055 549 1145 579 tuae
1169 548 1288 590 atque
1315 538 1444 576 uxoris
1464 536 1638 582 exuuiae,

1543 614 1640 639 rosa.

254 689 294 711 10
314 679 388 715 ER.
422 688 582 726 superas
604 675 716 713 facile
737 682 780 712 ut
800 673 975 724 superior
1003 672 1054 710 sis
1082 671 1177 709 mihi
1199 683 1318 720 quarn
1345 668 1555 719 quisquam
1576 666 1643 717 qui

1420 733 1640 783 impetrant.

312 808 380 845 PE.
425 806 606 845 meretrix
639 804 828 855 tantisper
862 802 1072 850 blanditur,
1110 803 1206 841 dum
1246 800 1344 839 illud
1378 799 1487 849 quod
1521 797 1643 848 rapiat

1511 862 1620 901 uidet
1636 877 1644 908 ;

310 950 402 975 narn
424 937 454 975 si
475 936 646 983 amabas,
670 936 747 974 iarn
768 935 975 985 oportebat
996 946 1154 972 nassum
1176 932 1384 982 abreptum
1405 928 1615 968 mordicus.
1668 937 1778 974 194-5

312 1004 427 1040 MEN.
460 1001 608 1039 sustine
629 1002 716 1047 hoc,
736 1000 944 1038 Penicule:
975 997 1135 1037 exuuias
1152 998 1278 1035 facere
1295 1008 1391 1045 quas
1411 993 1506 1033 uoui
1522 994 1624 1031 uolo.

313 1068 381 1104 PE.
415 1068 515 1105 cedo
531 1081 540 1114 3
571 1067 641 1103 sed
662 1077 826 1114 opsecro
848 1065 990 1111 hercle,
1013 1064 1111 1101 salta
1131 1062 1186 1100 sic
1207 1074 1298 1100 cum
1318 1061 1423 1111 palla
1442 1066 1589 1109 postea.

256 1144 290 1175 15
313 1133 426 1169 ΜΕΝ.
459 1144 532 1181 ego
559 1130 740 1168 saltabo?
774 1143 891 1168 sanus
913 1129 1043 1167 hercle
1063 1141 1144 1166 non
1165 1141 1215 1166 es.
1276 1128 1344 1164 ΡΕ.
1377 1138 1502 1175 egone
1528 1137 1579 1162 an
1603 1131 1644 1161 tu

1493 1188 1615 1238 magis
1628 1190 1645 1227 ?

311 1261 343 1299 si
364 1275 444 1300 non
466 1263 593 1308 saltas,
617 1274 714 1299 exue
735 1260 858 1310 igitur.
920 1261 1036 1297 MEN.
1067 1257 1191 1296 nimio
1211 1270 1284 1307 ego
1304 1257 1407 1294 hanc
1428 1254 1603 1305 periculo

311 1326 491 1377 surrupui
526 1326 657 1365 hodie.
717 1339 807 1364 meo
846 1324 1009 1375 quidem
1043 1323 1177 1362 animo
1210 1323 1261 1361 ab
1297 1322 1519 1373 Hippolyta
1556 1320 1645 1358 sub·
1664 1329 1734 1354 200

1315 1387 1517 1438 cingulum
1538 1386 1644 1424 haud

315 1458 510 1495 Hercules
530 1469 656 1506 aeque
677 1469 821 1505 magno
842 1467 1030 1505 umquam
1052 1453 1212 1504 apstulit
1231 1452 1416 1504 periculo.

314 1535 410 1571 cape
431 1522 501 1560 tibi
523 1523 635 1569 hanc,
659 1522 821 1571 quando
841 1533 920 1558 una
939 1519 1041 1558 uiuis
1062 1519 1160 1558 meis
1181 1518 1372 1569 morigera
1391 1517 1577 1556 moribus.
1621 1530 1624 1534 ’

255 1599 295 1622 20
316 1588 389 1625 ER.
421 1588 498 1625 hoc
518 1587 652 1625 animo
673 1588 787 1625 decet
807 1585 1002 1624 animatos
1024 1598 1108 1624 esse
1128 1592 1322 1623 amatores
1341 1584 1499 1634 probos.

315 1654 383 1690 PE.
416 1652 483 1702 qui
503 1652 665 1702 quidem
685 1653 736 1690 ad
758 1651 1056 1690 mendicitatem
1078 1664 1118 1689 se
1139 1657 1349 1701 properent
1367 1649 1587 1688 detrudere.

315 1719 429 1755 ΜΕΝ.
462 1725 647 1767 quattuor
667 1717 783 1755 minis
804 1730 877 1767 ego
898 1717 976 1755 emi
996 1716 1121 1754 istanc
1141 1729 1247 1754 anno
1267 1714 1376 1753 uxori
1397 1727 1519 1752 meae.
1663 1714 1729 1752 205

314 1785 382 1821 PE.
415 1791 599 1833 quattuor
619 1783 749 1821 minae
769 1782 968 1833 perierunt
988 1784 1114 1832 plane,
1138 1788 1181 1819 ut
1200 1780 1298 1819 ratio
1318 1779 1504 1818 redditur.

315 1849 430 1887 MEN.
462 1848 544 1887 scin
574 1848 671 1898 quid
701 1849 794 1887 uolo
827 1860 901 1898 ego
930 1855 968 1885 te
994 1848 1209 1885 accurare?
1277 1847 1350 1883 ER.
1384 1844 1477 1891 scio,
1500 1843 1646 1882 curabo

1401 1922 1503 1959 quae
1523 1909 1643 1947 uoles.

360 2019 420 2050 188
443 2018 549 2050 Tuest
574 2019 594 2050 l.
624 2018 664 2058 P,
694 2018 727 2047 A
757 2029 788 2049 n.
817 2017 863 2056 l.;
885 2017 965 2056 sort.
993 2021 1050 2047 tua
1072 2016 1091 2048 l.
1113 2021 1164 2046 est
1253 2015 1333 2054 fort.
1361 2014 1550 2045 adiudicato
1567 2011 1648 2055 (tu)

313 2063 400 2094 scies
417 2061 450 2092 P
469 2063 521 2102 (cs.
543 2062 618 2102 178)
775 2071 922 2101 194—202
942 2061 1065 2101 priores
1079 2064 1190 2100 partes
1204 2059 1358 2100 leguntur
1370 2058 1403 2088 A
1572 2067 1644 2097 194,

317 2116 377 2146 195
402 2107 594 2137 iamdudum
612 2105 760 2145 oportuit
779 2104 867 2135 codd.
888 2103 992 2134 Nonii
1006 2104 1067 2143 138
1086 2103 1267 2144 (neglegens
1285 2103 1405 2143 citatio)
1485 2100 1645 2140 adeptum

314 2149 402 2182 codd.
416 2150 519 2181 Nonii
660 2151 721 2188 196
744 2158 827 2188 quas
844 2148 924 2178 uoui
941 2147 1020 2177 uolo
1045 2147 1268 2178 Camerarius:
1295 2156 1381 2185 quas
1397 2155 1458 2176 suo
1471 2145 1585 2175 uiuolo
1601 2143 1641 2182 P,

313 2194 347 2223 A
368 2206 398 2226 n.
418 2195 438 2226 l.
460 2195 493 2231 (i.
514 2193 549 2232 5)
692 2202 752 2231 199
768 2203 796 2223 e.
810 2192 871 2223 i.s.
892 2202 923 2222 n.
942 2192 1019 2222 salt.
1032 2191 1065 2220 A
1195 2199 1300 2220 2oo—1
1320 2200 1394 2220 meo
1413 2214 1420 2220 .
1441 2214 1448 2221 .
1466 2213 1473 2220 .
1492 2187 1643 2228 periculo

276 2252 285 2262 κ
314 2237 467 2268 Peniculo
483 2237 541 2268 dat
555 2236 682 2267 Schoell
814 2246 879 2266 200
903 2236 992 2266 haud
1008 2234 1099 2265 initio
1112 2244 1176 2274 seq.
1190 2243 1301 2264 versus
1310 2231 1387 2273 AP,
1403 2243 1467 2264 om.
1482 2230 1547 2262 cod.
1559 2230 1649 2261 Festi

314 2291 379 2320 302
511 2290 571 2310 201
600 2279 769 2310 Hercules
793 2279 882 2309 haud
906 2289 957 2310 ae.
983 2277 1053 2311 edd.
1187 2287 1250 2307 202
1279 2276 1377 2307 mieis
1401 2275 1468 2307 cod.
1493 2275 1645 2316 (antiqua

304 2325 438 2364 forma)
577 2334 638 2363 204
664 2334 701 2354 se
717 2323 901 2363 proderent
918 2321 952 2351 P
961 2333 967 2352 :
993 2325 1179 2362 properent
1196 2330 1232 2351 se
1249 2320 1282 2349 A
1303 2324 1341 2350 ut
1354 2319 1418 2351 vid.
1581 2327 1644 2356 205

315 2370 427 2408 egomi
443 2373 541 2399 stane
557 2366 590 2397 P
605 2367 697 2408 (corr.
714 2366 777 2405 ΒΞ)
913 2376 975 2404 207
1001 2375 1066 2405 ego
1088 2375 1151 2395 om.
1172 2364 1204 2393 A
