1742 2718
674 73 1002 112 AVLVLARIA
1432 76 1494 115 IV,
1520 84 1548 110 x

178 190 308 242 postid
329 189 359 228 si
381 186 561 240 prehensi
583 186 718 232 simus.
738 199 970 224 excusemus
991 185 1120 223 ebrios

91 269 161 306 750
177 270 250 296 nos
270 255 408 295 fecisse
427 252 571 292 amoris
591 264 739 290 caussa.
800 250 906 288 nimi'
928 250 1042 288 uilest
1063 250 1201 288 uinum
1222 257 1340 300 atque
1360 263 1479 296 amor,
1527 264 1566 283 20

178 322 208 360 si
229 321 338 360 ebrio
358 326 477 369 atque
497 316 645 356 amanti
666 315 813 365 inpune
834 317 961 354 facere
982 316 1091 365 quod
1112 315 1245 353 lubeat
1266 315 1365 353 licet.

179 389 249 425 Lv.
281 385 377 436 quin
393 383 463 422 tibi
484 384 585 421 ultro
606 380 870 431 supplicatum
891 380 1010 419 uenio
1031 381 1084 418 ob
1104 380 1306 418 stultitiam
1330 394 1469 419 meam.

180 453 278 489 EVC.
309 463 390 488 non
421 447 473 486 mi
507 446 690 486 homines
720 447 877 495 placent
907 445 973 495 qui
1009 446 1170 494 quando
1203 447 1303 483 male
1334 447 1508 483 feceruut

1316 510 1505 560 purigant.

179 587 220 618 tu
242 579 346 617 illam
368 578 495 616 scibas
517 590 596 615 non
619 584 725 614 tuam
747 589 832 613 esse
850 590 856 612 :
887 588 967 613 non
989 582 1174 613 attactam
1197 575 1380 625 oportuit.

92 652 156 690 755
179 647 249 683 Lx:
281 657 373 694 ergo
394 642 485 693 quia
506 655 592 680 sum
615 648 774 691 tangere
794 654 923 687 ausuS,
939 641 1017 678 hau
1039 640 1244 679 causificor
1265 640 1360 690 quin
1381 654 1467 679 eam
1530 655 1567 685 25

178 722 251 759 ego
266 709 433 746 habeam
452 706 724 757 potissumum.
760 706 857 743 Evc.
881 712 951 743 tun
968 705 1114 743 habeas
1132 719 1194 743 me
1211 705 1336 744 inuito
1353 719 1480 744 meam
1495 707 1510 742 ?

180 776 249 811 Lv.
282 774 359 810 hau
377 780 414 810 te
430 771 555 810 inuito
572 771 729 822 postulo
745 784 755 817 3
779 771 849 808 sed
866 783 994 808 meam
1011 783 1097 808 esse
1110 777 1291 820 oportere
1307 769 1479 808 arbitror.

179 838 274 889 quin
305 845 347 876 tu
376 837 453 875 iam
483 835 673 882 inuenies,
702 834 876 885 inquam,
907 848 1036 873 meam
1066 834 1173 873 illam
1204 849 1288 873 esse
1319 842 1510 884 oportere,

1359 901 1508 939 Euclio.

182 971 278 1008 Evc.
311 968 383 1007 nisi
414 968 658 1006 refers—LV.
691 966 787 1016 quid
819 965 888 1004 tibi
919 979 992 1016 ego
1024 967 1216 1005 referam?
1274 967 1371 1005 Evc‘
1403 968 1511 1016 quod

1114 1031 1345 1081 surrupuisti
1365 1044 1510 1078 meum,

94 1101 164 1145 760
181 1099 258 1138 iam
288 1098 449 1149 quidem
471 1099 601 1136 hercle
628 1104 666 1135 te
695 1097 746 1135 ad
773 1103 993 1146 praetorem
1021 1095 1169 1146 rapiam
1193 1103 1232 1134 et
1253 1095 1323 1134 tibi
1344 1095 1512 1134 scribam
1531 1107 1572 1137 30

1369 1161 1510 1200 dicam.

181 1231 252 1268 Lv.
284 1228 462 1278 surrupio
482 1241 555 1277 ego
576 1228 716 1265 tuom?
749 1227 886 1265 unde?
914 1233 982 1264 aut
1002 1226 1098 1277 quid
1126 1226 1166 1265 id
1187 1228 1274 1265 est?
1332 1228 1430 1265 Evc.
1462 1227 1514 1265 ita

1096 1299 1134 1330 te
1153 1292 1303 1331 amabit
1324 1292 1512 1343 Iuppiter,

181 1368 224 1399 ut
243 1368 284 1398 tu
305 1358 443 1398 nescis.
504 1360 574 1396 Lv.
607 1356 681 1396 nisi
701 1356 863 1407 quidem
885 1363 927 1395 tu
947 1356 1045 1395 mihi
1061 1356 1158 1407 quid
1179 1370 1342 1407 quaeras
1359 1357 1511 1396 dixeris.

182 1428 281 1464 Evc.
311 1426 441 1464 aulam
471 1423 564 1471 auri,
596 1422 770 1473 inquam,
802 1429 840 1460 te
869 1435 1046 1472 reposco,
1078 1435 1198 1472 quam
1229 1429 1270 1460 tu
1300 1424 1514 1461 confessu's

1418 1488 1512 1526 mihi

183 1563 220 1596 te
239 1555 456 1608 apstulisse.
517 1556 587 1593 Lv.
619 1567 750 1605 neque
765 1554 907 1604 edepol
929 1566 1001 1603 ego
1017 1553 1096 1593 dixi
1118 1567 1247 1604 neque
1267 1553 1352 1592 feci.
1414 1555 1511 1592 Evc.

1366 1632 1484 1669 negas
1498 1620 1514 1656 ?

95 1688 162 1733 765
183 1689 254 1727 Lv.
286 1700 457 1738 pernego
485 1685 619 1724 immo.
678 1698 771 1723 nam
801 1698 930 1735 neque
960 1697 1033 1734 ego
1065 1698 1204 1723 aurum
1233 1698 1363 1735 neque
1392 1684 1512 1723 istaec
1533 1695 1571 1727 35

1210 1751 1300 1788 aula
1319 1763 1421 1800 quae
1441 1749 1514 1788 siet

183 1818 266 1858 scio
298 1831 372 1857 nec
406 1816 511 1856 noui.
572 1818 670 1854 Evc.
704 1814 821 1861 illam,
853 1829 900 1854 ex
934 1814 1083 1854 Siluani
1117 1816 1207 1854 luco
1237 1828 1356 1866 quam
1386 1822 1515 1866 apstu-

1268 1882 1377 1928 leras,
1401 1882 1511 1920 cedo.

183 1949 206 1996 i,
228 1950 335 1988 refer.
377 1946 583 1987 dimidiam
604 1952 737 1984 tecum
757 1945 888 1996 potius
909 1952 1061 1996 partem
1082 1945 1271 1985 diuidam.

183 2021 264 2052 tam
285 2013 356 2052 etsi
376 2014 436 2051 fur
455 2011 552 2050 mihi
572 2024 625 2058 es,
648 2012 837 2049 molestus
857 2024 939 2049 non
959 2024 1036 2049 ero.
1095 2011 1107 2049 i
1128 2025 1232 2057 uero,
1256 2012 1363 2050 refer.

185 2080 256 2117 LY.
287 2091 404 2116 sanus
424 2084 466 2115 tu
487 2089 568 2115 non
588 2089 630 2114 es
650 2074 717 2125 qui
738 2076 863 2113 furem
884 2089 947 2113 me
967 2088 1098 2114 uoces.
1158 2089 1231 2126 ego
1251 2084 1299 2123 te,
1324 2075 1475 2123 Euclio,

229 2190 290 2221 751
316 2181 376 2212 liet
399 2191 477 2211 corr.
502 2180 582 2211 licet
606 2177 672 2210 cod.
810 2188 871 2217 753
896 2179 1055 2218 purigant
1081 2179 1229 2210 Rilschl:
1252 2181 1424 2220 purgitant
1446 2179 1511 2212 cod.

188 2225 242 2266 (cf.
261 2224 333 2255 cist.
354 2224 418 2263 384
439 2224 616 2263 purgitans
637 2227 700 2263 pro
721 2221 899 2261 purigans)
1049 2224 1112 2262 758
1137 2224 1202 2254 iam
1225 2223 1328 2255 Bn‘x:
1353 2235 1426 2255 eam
1445 2223 1511 2254 cod.

188 2269 239 2310 (cf.
258 2278 287 2299 v.
304 2268 365 2307 782
382 2267 447 2298 iarn
459 2266 508 2297 PE
517 2271 579 2307 pro
595 2276 668 2297 eam
686 2276 694 2304 ;
717 2264 846 2306 Amph.
865 2267 929 2305 478
945 2266 1009 2296 iam
1025 2265 1094 2297 DE
1103 2271 1166 2306 pro
1181 2277 1266 2305 earn,
1285 2267 1354 2308 etc.)
1424 2267 1513 2297 illam

186 2322 296 2343 meam
318 2311 421 2341 Bothe
510 2320 584 2350 759,
604 2310 668 2349 760
692 2309 818 2339 zbzverso
842 2309 954 2340 ordine
975 2309 1148 2341 Acidalius
1267 2312 1328 2350 761
1354 2310 1510 2351 surrupui

186 2355 232 2387 PJ
321 2353 422 2385 ambit
438 2353 502 2385 cod.
521 2353 578 2395 (vi.
602 2363 631 2392 1,
648 2363 681 2392 p.
701 2352 776 2393 103)
