1814 2723
183 69 252 106 IV.
274 67 321 105 iii
693 68 738 103 T.
773 66 952 104 MACCI
986 65 1188 102 PLAVTI

384 176 493 215 suaui
525 182 641 214 cantu
672 174 907 213 concelebra
940 187 1100 212 omnem
1135 174 1238 211 hanc
1272 174 1440 223 plateam
1473 173 1605 221 hyme-

1416 250 1517 275 naeo
1538 236 1601 275 mi.

548 309 615 343 LY.
641 306 715 344 OL.
747 306 893 354 hymen
913 305 1131 353 hymenaee
1152 318 1176 342 o
1197 305 1342 352 hymen
1362 305 1369 340 !
1625 309 1693 343 800

277 374 346 411 LY.
379 372 475 422 quid
502 371 595 421 agis,
619 384 706 408 mea
733 371 866 408 salus?
924 370 996 407 OL.
1030 368 1177 407 essurio
1198 369 1339 414 hercle,
1361 374 1480 417 atque
1504 367 1606 405 adeo

1291 434 1368 470 hau
1389 432 1603 471 salubriter.

237 516 253 547 5
277 506 346 541 Lv.
378 511 417 541 at
438 517 510 553 ego
530 502 631 540 amo.
691 501 765 540 OL.
797 507 836 538 at
857 514 930 550 ego
950 501 1080 538 hercle
1100 499 1211 537 nihili
1232 498 1344 537 facio.
1402 498 1472 537 tibi
1497 513 1607 537 amor

1374 578 1445 615 pro
1465 563 1603 611 cibost,

276 634 371 672 mihi
393 633 594 672 iaiunitate
615 632 692 670 iam
714 633 867 671 dudum
884 631 1069 669 intestina
1089 637 1342 669 murmurant.

278 702 345 737 Lv.
380 713 470 737 nam
492 698 589 748 quid
609 697 721 736 illaec
749 711 854 735 nunc
882 704 962 735 tam
990 695 1057 734 diu
1084 695 1189 734 intus
1217 701 1460 734 remorantur
1486 709 1606 734 reme—

1439 760 1606 810 ligines?

275 829 384 879 quasi
425 830 477 867 ob
516 828 762 875 industriam,
793 835 944 878 quanto
981 840 1055 878 ego
1088 828 1175 877 plus
1214 840 1391 877 propero,
1428 825 1607 875 procedit
1626 828 1691 872 805

1462 890 1603 928 minus.

276 961 349 997 OL.
383 959 478 1009 quid
499 958 530 996 si
558 958 675 997 etiam
704 958 786 999 †si†
814 959 1013 997 offendam
1042 958 1320 1007 hymenaeum,
1339 955 1371 994 si
1398 955 1465 1006 qui
1492 955 1606 994 citius

1385 1023 1608 1071 prodeant?

219 1109 256 1130 10
278 1092 346 1128 LY.
379 1103 535 1137 censeo,
558 1097 595 1128 et
616 1103 690 1140 ego
711 1097 748 1128 te
768 1086 958 1128 adiutabo
979 1088 1017 1126 in
1039 1087 1186 1138 nuptiis
1207 1086 1498 1125 communibus.

546 1157 616 1193 Lv.
650 1156 722 1194 OL.
756 1156 902 1205 hymen
923 1155 1140 1204 hymenaee
1161 1166 1185 1191 o
1206 1154 1351 1202 hymen
1369 1155 1375 1190 1

278 1223 346 1259 Lv.
379 1220 473 1271 perii
495 1222 626 1259 hercle
647 1233 720 1270 ego
742 1219 881 1259 miser!
912 1217 1102 1269 dirrumpi
1123 1219 1323 1257 cantando
1342 1218 1606 1267 hymenaeum

1491 1282 1582 1321 licet
1600 1298 1606 1321 :

277 1351 343 1390 illo
364 1352 503 1389 morbo
524 1365 605 1401 quo
625 1350 814 1400 dirrumpi
836 1350 965 1400 cupio,
988 1363 1069 1388 non
1090 1356 1148 1388 est
1169 1349 1315 1399 copiae.
1627 1348 1697 1382 810

277 1417 350 1456 OL.
383 1417 525 1467 edepol
547 1430 596 1454 ne
617 1423 670 1463 tu,
693 1417 724 1454 si
744 1429 868 1466 equos
889 1429 1004 1461 esseS‚
1028 1428 1132 1453 esses
1153 1413 1416 1453 indomabilis.

218 1496 257 1529 15
277 1484 348 1520 Lv.
381 1495 460 1532 quo
489 1483 750 1531 argumento?
807 1481 881 1520 OL.
913 1479 1020 1518 nimi'
1050 1487 1166 1519 tenax
1200 1494 1250 1518 es.
1312 1481 1381 1518 Lv„
1414 1493 1509 1517 num
1545 1493 1608 1518 me

1212 1546 1404 1595 expertu's
1424 1544 1578 1595 uspiam
1592 1539 1619 1583 ?'

278 1613 351 1651 OL.
383 1612 423 1651 di
445 1612 584 1651 melius
605 1605 769 1650 iaciant!
819 1613 889 1650 sed
910 1610 1072 1661 crepuit‘
1081 1611 1237 1659 ostium,
1261 1610 1384 1649 exitur
1404 1611 1516 1649 foras.

278 1680 348 1716 Lv.
380 1677 420 1716 di
441 1679 571 1715 hercle
593 1691 656 1715 me
677 1676 842 1727 cupiunt
862 1683 1071 1715 seruatum.

323 1791 386 1821 799
410 1781 479 1811 mica
502 1780 535 1810 A
551 1792 557 1810 z
583 1781 671 1811 meio
688 1781 722 1811 P
745 1782 793 1821 (in
816 1781 905 1812 initio
925 1792 1039 1812 versus
1054 1782 1214 1822 sequentis
1230 1782 1264 1812 in
1280 1781 1314 1811 P
1325 1781 1440 1819 etfort.
1460 1781 1558 1811 etiam
1574 1780 1609 1810 in

277 1824 340 1864 A),
359 1824 458 1865 credo⁷
473 1829 536 1865 pro
565 1825 610 1855 mi
627 1824 724 1865 (mei)
752 1837 776 1855 ω
803 1825 876 1866 (z'.e.
903 1826 963 1857 LY.
983 1826 1065 1860 OL.:
1092 1826 1128 1865 cf.
1153 1826 1201 1856 ad
1220 1825 1310 1856 Pers.
1336 1826 1442 1864 858):
1473 1825 1528 1854 vz'x
1550 1824 1606 1855 mi.

279 1869 434 1899 CANTOR.
460 1879 480 1898 o
500 1868 612 1909 (troch.
634 1869 767 1909 septen.)
893 1871 1001 1900 801-6
1014 1870 1103 1909 fines
1124 1869 1272 1900 mutilati
1285 1869 1334 1899 vel
1348 1871 1461 1899 temere
1475 1867 1613 1908 suppleti

278 1912 310 1942 P
335 1912 479 1952 <propter
494 1912 669 1943 laceratam
689 1913 855 1954 paginam
882 1913 915 1943 in
936 1913 1011 1950 PA;
1044 1915 1080 1954 qs.
1109 1913 1156 1944 ad
1175 1924 1204 1945 v.
1233 1913 1310 1953 818)
1456 1912 1517 1942 801
1544 1912 1609 1942 hau

279 1955 471 1995 salubriter]
490 1957 578 1987 haud
596 1957 676 1987 sicio
693 1956 784 1998 (-tio)
802 1957 836 1987 P
921 1959 985 1988 802
1011 1956 1093 1988 nihil
1110 1957 1143 1988 P
1229 1967 1290 1996 pro
1308 1955 1430 1995 cibost]
1449 1954 1614 1995 pericliP

279 1999 343 2037 803
367 1999 528 2031 inanitate
545 2000 584 2039 P,
605 2001 827 2031 iamnunitate
846 2004 883 2031 ut
898 2001 960 2032 vid.
981 2001 1014 2031 A
1148 2001 1212 2039 804
1236 2004 1425 2030 remoratur
1440 1999 1474 2029 P
1559 2009 1610 2029 re-

280 2042 458 2081 meligines
475 2054 538 2074 om.
557 2044 590 2074 P
705 2046 769 2084 805
794 2044 966 2085 procedit]
987 2049 1081 2075 tanto
1098 2043 1185 2085 P<v.
1201 2043 1232 2082 ι)
1359 2044 1423 2073 806
1439 2042 1610 2072 offendam

279 2085 360 2126 (om.
373 2086 417 2125 si)
432 2087 484 2117 P:
510 2088 700 2118 suffundam
716 2087 781 2118 Leo
800 2100 806 2119 :
830 2088 858 2119 is
876 2099 906 2119 0.
924 2087 1050 2118 Schoell
1134 2087 1231 2126 siqui
1248 2097 1275 2117 c.
1294 2097 1324 2126 p.
1345 2097 1409 2117 om.
1425 2085 1459 2116 P
1542 2086 1606 2123 807

279 2129 447 2160 adiuuabo
465 2129 498 2159 A
677 2133 742 2170 809
766 2132 959 2170 hymenaeo
983 2131 1151 2162 cantando
1174 2131 1206 2161 A
1373 2130 1438 2161 810
1462 2128 1559 2168 copia
1577 2128 1612 2158 P

278 2173 342 2203 812
365 2173 454 2212 quod
470 2173 504 2203 A
525 2173 596 2216 (vix
611 2175 749 2214 antiqua
766 2175 1010 2216 orthographia)
1144 2174 1208 2212 813
1233 2173 1302 2204 exit
1318 2172 1351 2202 A

997 2304 1019 2314 l
