1814 2723
171 53 249 90 III.
273 52 317 89 iii
695 51 740 88 T.
774 49 955 88 MACCI
987 47 1191 86 PLAVTI

276 176 404 213 neque
434 161 593 201 exitium
624 159 741 199 exitio
770 165 828 197 est
858 170 987 207 neque
1015 157 1117 195 adeo
1147 169 1245 206 spes,
1278 168 1379 204 quae
1414 153 1467 191 mi
1501 154 1607 192 hunc

1259 221 1422 270 aspellat
1443 226 1604 265 metum,

237 306 253 337 5
275 307 348 331 nec
368 292 545 331 subdolis
567 289 783 329 mendaciis
803 287 899 326 mihi
920 300 1085 337 usquam
1108 287 1338 324 mantellum
1360 292 1418 323 est
1439 283 1545 331 meis,
1628 292 1696 329 520

276 371 348 396 nec
370 355 635 406 sycophantiis
656 368 729 393 nec
750 352 847 391 fucis
867 353 991 390 ullum
1012 352 1242 389 mantellum
1264 349 1424 388 obuiam
1446 356 1514 395 est,

274 436 404 472 neque
425 420 649 471 deprecatio
669 418 841 469 perfidiis
862 417 959 455 meis
981 430 1053 455 nec
1074 415 1289 454 malefactis
1310 416 1400 463 fuga
1420 421 1488 460 est,

275 501 350 526 nec
382 485 647 526 confidentiae
678 497 844 533 usquam
876 481 1089 531 hospitium
1121 488 1179 519 est
1212 494 1286 518 nec
1320 478 1608 517 deuorticulum

1483 543 1607 582 dolis:

279 625 414 668 operta
435 630 535 667 quae
556 618 661 654 fuere
681 620 815 664 aperta
836 619 936 659 sunt,
959 618 1095 661 patent
1115 609 1358 661 praestigiae,
1379 622 1459 647 orn-

492 680 566 718 -nis
586 693 646 718 res
667 681 795 729 palam
817 685 886 723 est,

219 763 258 784 10
386 761 515 796 neque
536 747 586 784 de
606 747 680 783 hac
701 758 740 783 re
760 742 962 793 negotium
983 748 1041 780 est
1633 754 1695 791 525

280 812 374 863 quin
392 814 491 850 male
506 810 686 850 occidam
696 816 960 859 oppetamque
974 814 1126 856 pestem
1136 805 1189 844 eri
1202 805 1608 854 uicem—-meamque

281 877 451 928 perdidit
473 890 536 915 me
557 875 859 924 Aristophontes
880 872 944 910 hic
966 872 1087 910 modo
1108 871 1175 921 qui
1195 870 1304 909 uenit
1324 870 1426 907 intro
1441 884 1451 917 3

335 942 365 980 is
388 955 450 980 me
471 941 592 988 nouit,
616 940 647 978 is
668 939 813 978 sodalis
835 936 1045 976 Philocrati
1067 944 1104 975 et
1125 943 1314 985 cognatus
1335 942 1403 973 est.

336 1022 465 1057 neque
487 1007 563 1045 iam
585 1007 696 1045 Salus
718 1018 882 1049 seruare,
905 1002 936 1041 si
958 1004 1051 1047 uolt,
1069 1015 1132 1040 me
1152 1008 1293 1051 potest,
1312 1014 1385 1039 nec
1406 999 1521 1049 copia
1541 1006 1609 1046 est,

227 1083 263 1115 15
391 1073 463 1111 nisi
486 1072 515 1110 si
537 1072 707 1121 aliquam
729 1071 848 1108 corde
869 1067 1073 1106 machinor
1093 1066 1288 1105 astutiam.
1635 1074 1701 1110 530

337 1152 467 1189 quam,
487 1139 664 1176 malum?
684 1136 780 1186 quid
797 1134 1027 1173 machiner?
1047 1132 1144 1184 quid
1159 1131 1464 1172 comminiscar?
1484 1143 1614 1168 maxu-

1530 1209 1614 1234 mas

392 1283 526 1320 nugas,
549 1267 737 1319 ineptiam
759 1265 952 1316 incipisse.
976 1263 1130 1304 haereo.

221 1383 267 1419 iv
350 1382 540 1417 HEo1o
651 1379 960 1414 TvNDARvs
1070 1376 1553 1413 ARISTOPHONTES

289 1464 369 1500 HE.
402 1463 494 1510 Quo
508 1456 633 1498 ‘'illu-m
663 1456 768 1496 nii—nc
798 1450 1000 1496 homine'm
1031 1454 1266 1507 proripuisse
1291 1447 1393 1494 fo'ra‘s
1419 1449 1466 1493 se
1486 1447 1615 1511 dicam

1358 1516 1404 1558 ἐκ
1422 1515 1617 1557 aedibus?

341 1594 414 1630 ΤΥ.
436 1594 541 1629 nunc
555 1589 661 1629 enim
676 1588 769 1627 uero
778 1582 855 1638 Ego
871 1582 1016 1626 occidi:
1038 1593 1133 1625 eunt
1145 1587 1197 1625 ad
1210 1593 1247 1625 te
1260 1587 1404 1633 hostes,
1418 1585 1613 1634 Tyndare.

342 1656 439 1707 quid
477 1656 644 1706 loquar?
687 1653 783 1704 quid
821 1653 1056 1691 fabulabor?
1098 1652 1194 1702 quid
1228 1651 1382 1701 negabo
1414 1657 1481 1689 aut
1518 1648 1615 1699 quid
1637 1658 1700 1695 535

1280 1717 1433 1755 fatebor
1453 1712 1617 1768 [mihi]?

290 1802 350 1828 res
371 1785 499 1826 omnis
520 1785 560 1824 in
581 1785 730 1824 incerto
752 1784 824 1822 sita
844 1791 912 1822 est.
973 1783 1068 1834 quid
1088 1783 1204 1821 rebus
1225 1783 1423 1821 confidam
1443 1779 1570 1819 meis?

253 1870 270 1901 5
292 1853 443 1892 utinam
464 1860 501 1890 te
523 1851 563 1890 di
584 1850 680 1901 priu'
701 1851 910 1899 perderent
932 1862 1048 1898 quam
1071 1848 1218 1898 periisti
1237 1861 1258 1886 e
1278 1847 1402 1897 patria
1420 1854 1497 1893 tua,

290 1917 607 1966 Aristophontes,
632 1915 699 1964 qui
720 1928 766 1952 ex
786 1920 919 1963 parata
939 1927 978 1951 re
998 1913 1214 1963 inparatam
1235 1925 1395 1950 omnem
1416 1909 1521 1948 facis.

291 1982 420 2021 occisa
436 1988 495 2019 est
510 1982 607 2019 haec
622 1993 693 2026 res,
711 1978 785 2017 nisi
806 1977 956 2028 reperio
971 1985 1141 2016 atrocem
1160 1976 1213 2014 mi
1231 1975 1402 2025 aliquam
1419 1974 1612 2013 astutiam.

333 2086 398 2116 519
428 2074 568 2105 exitium
600 2074 778 2104 Fontanus
814 2075 875 2101 ‘ex
909 2070 974 2102 cod.
1008 2069 1103 2101 vet.’:
1142 2069 1280 2100 exilium
1312 2068 1379 2100 cod.
1413 2068 1457 2108 (L
1482 2074 1545 2110 pro
1571 2069 1614 2106 T)

290 2130 356 2160 520
388 2118 568 2149 mendatiis
604 2117 688 2157 (-tus
716 2115 786 2155 PE)
811 2115 961 2145 subdolis
985 2114 1078 2144 cod.:
1119 2113 1189 2144 trm'.
1217 2112 1357 2152 Pylades
1552 2122 1612 2151 521

289 2164 359 2194 secl.
378 2163 517 2202 Langen
628 2170 689 2190 nec
713 2160 747 2189 hi
765 2169 790 2189 s,
809 2158 897 2189 codd.
923 2158 1017 2189 sclzol.
1045 2157 1136 2197 Verg.
1158 2156 1270 2196 Georg.
1298 2167 1327 2194 4,
1357 2166 1442 2195 377:
1481 2167 1524 2186 ne
1547 2156 1610 2187 cod.

294 2209 370 2248 (nec
383 2207 427 2246 J)
562 2212 624 2242 522
649 2203 798 2242 precatio
815 2202 870 2232 PE
1002 2210 1065 2240 527
1089 2199 1146 2240 qui
1170 2200 1264 2230 uenit
1288 2200 1387 2229 modo
1411 2201 1499 2230 intro
1521 2200 1613 2230 cod.:

262 2248 271 2258 N
293 2249 418 2281 traieci:
443 2248 498 2288 qui
515 2249 602 2278 intro
621 2248 713 2278 uenit
730 2246 830 2276 modo
850 2244 1060 2275 Camerarius
1162 2252 1223 2281 531
1249 2253 1315 2282 qua
1332 2243 1397 2274 cod.
1418 2244 1534 2283 (quam
1551 2243 1613 2283 PJ)

293 2305 355 2334 532
381 2293 525 2332 ineptias
542 2291 606 2322 cod.
625 2302 631 2321 :
655 2290 776 2321 correxi
817 2289 900 2329 sort.
919 2292 1107 2319 maxumast
1125 2287 1240 2325 Nugas
1257 2287 1385 2326 ineptia
1400 2287 1610 2326 incipissere.

293 2340 428 2369 haereo.
562 2346 625 2374 534
649 2334 699 2364 vel
712 2335 768 2364 ted
900 2341 963 2371 535
989 2331 1070 2361 mihi
1099 2331 1157 2361 del.
1186 2329 1408 2365 Lindemann,
1437 2331 1498 2369 qui
1521 2331 1555 2360 in
1581 2341 1610 2361 v.

294 2392 357 2422 534
373 2380 542 2421 Tyndare.
562 2379 592 2409 ei
610 2378 691 2409 mihi
707 2377 815 2408 scribit
943 2376 1008 2415 538
1032 2384 1102 2406 rem
1120 2373 1260 2406 Redslob
