1814 2723
271 52 317 89 V⁰
339 65 370 90 v
755 58 800 93 T.
834 57 1013 95 MACCI
1046 57 1249 94 PLAVTI

339 179 430 204 nam
452 168 604 206 dudum
625 181 785 207 uxorem
808 182 919 206 suam
940 182 1025 207 esse
1046 168 1176 207 aiebat
1196 169 1391 208 rabiosam
1413 185 1562 211 canem.

279 243 317 275 35
340 231 454 269 ΜΕΝ.
479 231 585 282 quid,
609 234 710 283 ego?
753 234 816 271 SE.
839 232 935 272 dixti
956 233 1127 280 insanus,
1151 233 1324 284 inquam.
1372 238 1486 275 MEN.
1511 237 1665 288 e'gone?

1206 301 1269 338 SE.
1302 303 1342 338 tu
1364 300 1460 348 istic,
1479 302 1547 352 qui
1568 302 1663 341 mihi

335 361 452 400 etiam
475 376 538 401 me
558 362 699 401 iunctis
721 362 917 413 quadrigis
941 363 1153 402 minitatu's
1175 372 1430 414 prosternere.

335 434 490 477 egomet
512 428 608 465 haec
629 435 667 465 te
689 427 770 466 uidi
792 429 932 475 facere,
953 428 1109 478 egomet
1130 430 1228 467 haec
1250 430 1316 467 ted
1337 443 1467 480 arguo.
1682 449 1812 484 939-40

337 492 451 530 ΜΕΝ.
483 499 523 530 at
543 506 615 542 ego
636 499 673 531 te
694 506 842 531 sacram
864 507 1050 531 coronam
1073 493 1316 544 surrupuisse
1338 495 1436 533 Ioui’
1455 494 1583 548 (scio),

336 563 374 593 et
395 556 447 594 ob
469 570 554 594 eam
576 570 657 595 rem
679 556 718 594 in
740 571 934 596 carcerem
956 559 1022 596 ted
1043 572 1128 596 esse
1149 567 1401 609 compactum
1423 560 1515 608 scio,

273 637 315 668 40
335 628 373 659 et
395 629 604 671 postquam
627 635 667 660 es
689 622 865 669 emissus,
889 637 1047 661 caesum
1069 623 1186 674 uirgis
1209 625 1281 662 sub
1303 626 1410 663 furca
1430 626 1537 673 scio;

335 693 418 724 tum
439 694 589 736 patrem
611 686 804 726 occidisse
825 694 863 725 et
884 695 1047 726 matrem
1069 689 1298 727 uendidisse
1319 689 1435 727 etiarn
1457 691 1550 729 scio.

333 751 433 789 satin
455 752 552 790 haec
573 765 643 802 pro
665 766 761 790 sano
782 754 883 790 male
904 752 1010 791 dicta
1031 755 1132 791 male
1154 753 1270 791 dictis
1292 756 1543 804 respondeo?
1681 765 1747 801 945

333 819 397 855 SE.
442 830 606 867 opsecro
654 818 796 864 hercle,
844 817 1007 864 medice,
1045 832 1211 868 propere
1245 818 1441 868 quidquid
1479 821 1660 860 facturu's

1563 889 1657 926 face.

331 962 410 987 non
440 947 552 987 uides
583 948 786 987 hominem
817 949 1016 987 insanire?
1073 951 1187 988 MED.
1220 949 1303 988 scin
1329 950 1426 1001 quid
1450 951 1568 991 facias
1594 966 1662 1002 op-

1396 1023 1550 1054 tumum
1571 1024 1629 1056 est
1644 1019 1661 1055 ?

270 1094 310 1124 45
331 1079 382 1117 ad
413 1093 476 1118 me
505 1080 590 1118 face
619 1078 674 1117 uti
705 1081 910 1118 deferatur.
969 1081 1033 1119 SE.
1066 1080 1171 1119 itane
1190 1082 1357 1119 censes?
1415 1082 1528 1120 MED.
1551 1082 1661 1132 quip-

1551 1147 1661 1198 pini?

331 1209 386 1248 ibi
407 1224 496 1249 meo
517 1210 704 1249 arbitratu
725 1218 863 1262 potero
884 1225 1017 1250 curare
1031 1211 1245 1250 hominem.
1297 1214 1360 1251 SE.
1383 1226 1455 1263 age
1475 1219 1518 1251 ut
1537 1213 1657 1252 lubet.

331 1277 445 1314 MED.
478 1276 694 1314 elleborum
716 1276 872 1326 potabis
892 1278 982 1314 faxo
1002 1276 1154 1326 aliquos
1175 1276 1312 1327 uiginti
1334 1277 1427 1316 dies.
1678 1289 1748 1324 950

330 1342 447 1378 ΜΕΝ.
479 1348 518 1379 at
537 1355 610 1391 ego
631 1348 669 1380 te
689 1342 930 1391 pendentem
951 1341 1099 1380 fodiam
1121 1342 1287 1380 stimulis
1308 1342 1463 1392 triginta
1482 1343 1577 1382 dies.

332 1407 446 1444 MED.
479 1407 502 1453 ι’,
533 1420 684 1445 arcesse
707 1406 889 1445 homines
921 1405 989 1456 qui
1020 1406 1140 1444 illunc
1171 1407 1223 1445 ad
1254 1420 1318 1445 me
1347 1409 1533 1447 deferant.
1593 1411 1656 1448 SE.

1311 1480 1409 1523 quot
1428 1481 1519 1512 sunt
1538 1474 1659 1514 satis?

270 1550 312 1581 50
332 1539 446 1575 MED.
478 1537 645 1587 proinde
666 1545 708 1576 ut
728 1537 896 1576 insanire
917 1537 1046 1584 uideo,
1070 1544 1268 1587 quattuor,
1288 1537 1412 1576 nihilo
1433 1538 1572 1577 minus.
1605 1538 1607 1541 ’

330 1603 394 1640 SE.
425 1601 503 1640 iam
524 1600 731 1641 hic'erunt.
771 1603 937 1641 adserua
956 1609 998 1640 tu
1018 1602 1159 1650 istunc,
1182 1602 1346 1642 medice.
1398 1605 1511 1642 MED.
1534 1605 1657 1643 immo

1388 1668 1456 1707 ibo
1476 1669 1652 1717 domum,

327 1740 370 1771 ut
389 1741 572 1783 parentur
591 1733 726 1784 quibu'
745 1734 888 1785 paratis
908 1748 1008 1784 opus
1028 1741 1096 1773 est.
1156 1742 1197 1772 tu
1219 1747 1352 1773 seruos
1373 1733 1465 1773 iube
1672 1747 1738 1784 955

327 1799 433 1837 hunc
463 1799 514 1837 ad
546 1812 609 1837 me
640 1800 774 1838 ferant.
846 1801 911 1838 SE.
942 1799 1019 1838 iam
1054 1813 1128 1849 ego
1161 1799 1239 1837 illic
1274 1800 1361 1838 faxo
1395 1799 1476 1838 erit.
1537 1801 1650 1839 MED.

1177 1865 1347 1903 abeo.—
1402 1866 1465 1903 SE.
1499 1867 1653 1903 nale.—

369 1969 434 2006 936
456 1967 506 1998 vel
526 1968 616 1998 aibat
740 1980 802 2010 937
828 1970 911 2000 dixti
929 1968 995 2000 Leo
1010 1981 1017 2000 ε
1041 1968 1110 1999 dixi
1127 1967 1191 1999 cod.
1264 1966 1357 1999 ΜΕΝ.
1375 1968 1465 2008 Quid
1483 1979 1545 2008 ego
1562 1969 1653 2000 dixi?

327 2011 383 2042 SE.
409 2012 560 2049 insanus,
579 2013 757 2052 inquam—
774 2013 900 2044 Schoell
1005 2018 1039 2043 tu
1057 2011 1133 2043 istic
1149 2011 1221 2042 Ital.
1241 2022 1248 2041 :
1273 2011 1372 2042 tustic
1399 2012 1498 2051 (istuc
1519 2012 1565 2052 Β)
1588 2013 1652 2044 cod.

325 2055 391 2094 938
416 2054 605 2086 ministatus
623 2057 741 2095 (-isst-)
759 2057 824 2088 cod.
844 2058 936 2093 (corr.
954 2056 1018 2096 13²)
1154 2066 1218 2094 940
1241 2055 1319 2084 uide
1342 2054 1406 2087 cod.
1431 2060 1504 2095 (pro
1524 2056 1613 2087 uidei
1626 2057 1652 2097 2)

328 2101 421 2137 (corr.
436 2098 495 2136 ΒΖ)
594 2110 655 2138 941
687 2099 839 2141 [lo]iouis
851 2100 925 2130 PCD
942 2101 997 2140 (iv.
1013 2100 1047 2138 3)
1064 2112 1069 2131 ;
1095 2099 1147 2129 aio
1166 2098 1255 2128 Iouis
1266 2098 1395 2128 Parcus
1410 2110 1416 2129 :
1434 2099 1506 2129 Ioui
1517 2099 1655 2139 Pylades

326 2142 397 2172 scio
421 2140 497 2173 add.
522 2142 662 2182 Pylades
680 2144 774 2182 (fort.
803 2145 836 2174 in
857 2144 928 2182 fine
948 2143 1107 2182 sequentis
1126 2152 1236 2172 versus
1256 2142 1411 2181 scriptum
1434 2146 1525 2180 erat;
1556 2143 1589 2174 ii.
1614 2144 1650 2183 5)

326 2194 390 2224 945
414 2187 601 2216 rescondeo
614 2187 679 2217 cod.
700 2197 793 2218 «τονν.
809 2187 870 2227 Βῖ)
1014 2187 1079 2226 946
1102 2184 1262 2216 maledice
1280 2185 1345 2216 cod.
1366 2187 1410 2225 (v.
1431 2187 1466 2225 8)
1481 2188 1572 2227 (corr.
1586 2185 1650 2228 13²)

252 2242 261 2252 κ
326 2240 388 2269 947
409 2240 446 2260 es
462 2229 528 2262 cod.
550 2231 639 2270 (corr.
666 2230 730 2269 32)
843 2232 907 2270 948
931 2230 1021 2261 itana
1038 2229 1101 2262 cod.
1122 2229 1215 2269 (corr.
1234 2228 1295 2268 B2)
1407 2240 1473 2269 950
1491 2233 1567 2270 post
1587 2240 1648 2269 951

327 2272 394 2304 cod.
412 2273 521 2313 (prius
536 2284 600 2304 om.
616 2278 749 2314 propter
760 2274 942 2305 lzomoeotel.
960 2273 1013 2310 ΖΞ).
1025 2274 1060 2312 6)
1078 2284 1085 2303 :
1108 2283 1184 2303 corr.
1203 2272 1412 2303 Camerarius
1497 2273 1583 2304 alios
1599 2272 1650 2303 Β2

328 2326 392 2356 953
416 2316 534 2348 uideor
549 2316 612 2349 cod.
634 2318 725 2359 (corr.
743 2318 776 2348 in
790 2318 836 2359 B)
969 2326 1033 2357 955
1058 2321 1112 2347 tus
1127 2315 1192 2348 cod.
1326 2317 1393 2355 956
1416 2316 1465 2347 vel
1478 2316 1527 2347 illi
