1814 2723
186 70 264 109 ΙΙΙ.
285 71 329 107 iii
710 74 756 111 T.
790 73 971 113 MACCI
1002 75 1206 114 PLAVTI

287 182 383 220 dum
403 189 588 220 caueatur
607 190 759 233 praeter
779 197 949 234 aequom
970 198 1020 223 ne
1041 185 1135 235 quid
1157 185 1370 236 delinquat,
1393 187 1487 225 sine.

228 258 264 289 15
287 247 355 285 Lv.
380 260 461 285 non
478 247 577 295 sino,
593 261 723 297 neque
740 248 926 298 equidem
947 248 1056 288 illum
1073 264 1135 289 me
1151 250 1245 289 uiuo
1261 251 1454 301 corrumpi
1473 251 1609 290 sinam.

285 313 355 350 sed
376 319 427 358 tu,
451 312 517 362 qui
539 327 610 363 pro
632 321 711 351 tam
733 322 917 364 corrupto
938 314 1035 353 dicis
1056 329 1233 354 caussam
1256 316 1349 363 filio,
1631 330 1702 363 420

286 378 477 416 eademne
499 386 579 416 erat
600 379 698 416 haec
716 378 923 427 disciplina
939 379 1023 427 tibi,
1045 393 1165 429 quom
1187 388 1228 418 tu
1248 382 1481 419 adulescens
1502 384 1614 420 eras?

286 455 387 491 nego
408 442 478 480 tibi
499 444 576 481 hoc
596 443 709 481 annis
731 442 869 492 uiginti
890 443 1009 482 fuisse
1030 444 1163 494 primis
1184 445 1332 495 copiae,

287 506 451 556 digitum
473 508 588 556 longe
609 521 632 545 a
652 508 882 557 paedagogo
903 509 1046 557 pedem
1067 516 1110 546 ut
1130 510 1292 547 ecferres
1312 508 1488 547 aedibus.

229 584 268 605 20
287 579 378 609 ante
398 573 521 610 solem
543 572 783 610 exorientem
805 572 879 610 nisi
900 572 940 610 in
961 574 1192 622 palaestram
1213 587 1388 621 ueneras,

285 636 462 686 gymnasi
483 638 680 687 praefecto
707 636 710 688 Ι
738 639 815 675 hau
836 637 1046 676 mediocris
1066 651 1214 688 poenas
1235 639 1438 688 penderes.
1634 643 1700 679 4²5

285 700 326 739 id
347 701 440 751 quoi
456 701 657 752 optigerat,
676 703 753 740 hoc
773 701 891 740 etiam
912 704 962 740 ad
983 704 1130 740 malum
1150 703 1422 741 accersebatur
1442 704 1612 741 malum:

286 773 324 804 et
345 766 559 816 discipulus
581 774 619 804 et
640 766 823 816 magister
843 767 1152 817 perhibebantur
1172 767 1337 817 inprobi.

286 830 341 868 ibi
361 844 487 878 cursu,
510 832 710 878 luctando,
734 832 856 878 hasta,
880 831 1002 879 disco,
1026 831 1211 882 pugilatu,
1227 832 1316 882 pila,

229 915 264 945 25
288 897 464 935 saliendo
486 910 571 935 sese
591 898 826 936 exercebant
847 897 960 947 magi'
982 910 1101 947 quam
1122 905 1251 936 scorto
1271 905 1338 936 aut
1358 897 1474 936 sauiis
1491 914 1498 936 :

287 962 340 1000 ibi
361 976 471 1000 suam
493 970 663 1001 aetatem
684 963 962 1009 extendebant,
986 976 1067 1000 non
1088 963 1127 1000 in
1148 962 1352 1001 latebrosis
1372 962 1479 1001 locis.
1636 975 1706 1009 430

286 1027 378 1066 inde
399 1029 448 1066 de
469 1027 735 1078 hippodromo
756 1035 794 1066 et
815 1029 1008 1078 palaestra
1029 1027 1097 1066 tibi
1118 1027 1335 1066 reuenisses
1356 1028 1534 1074 domum,

286 1092 496 1131 cincticulo
517 1093 764 1142 praecinctus
786 1092 827 1130 in
848 1094 943 1131 sella
963 1093 1070 1143 apud
1091 1092 1319 1142 magistrum
1339 1092 1562 1131 adsideres:

287 1170 408 1208 quom
429 1157 572 1196 librum
592 1159 749 1208 legeres,
773 1157 804 1196 si
832 1156 836 1206 Ι
862 1171 982 1196 unam
1003 1157 1249 1208 peccauisses
1270 1158 1470 1208 syllabam,

225 1235 266 1266 50
288 1224 395 1261 fieret
415 1223 565 1261 corium
586 1231 666 1261 tam
687 1225 934 1262 maculosum
955 1237 1074 1273 quam
1095 1231 1153 1262 est
1173 1222 1334 1262 nutricis
1354 1222 1527 1273 pallium.

288 1290 374 1326 MN.
407 1296 566 1339 propter
585 1302 649 1327 me
666 1290 764 1327 haec
780 1303 886 1327 nunc
903 1302 993 1327 meo
1009 1288 1135 1327 sodali
1151 1288 1229 1327 dici
1246 1288 1460 1327 discrucior
1475 1287 1592 1326 miser
1606 1302 1616 1336 3
1634 1298 1699 1334 435

286 1354 478 1393 innocens
501 1354 766 1404 suspicionem
788 1356 890 1392 hanc
912 1354 1078 1393 sustinet
1098 1367 1236 1393 caussa
1255 1368 1353 1393 mea.

286 1421 360 1457 PH.
392 1419 466 1467 alii,
504 1421 626 1469 Lyde,
663 1433 770 1458 nunc
803 1427 894 1458 sunt
929 1433 1067 1458 mores.
1146 1421 1215 1457 LY.
1248 1419 1288 1458 id
1323 1418 1508 1469 equidem
1542 1431 1615 1468 ego

1391 1491 1498 1523 certo
1519 1483 1610 1521 scio.

287 1564 379 1588 nam
400 1550 494 1589 olim
514 1549 650 1606 populi
671 1550 776 1600 prius
797 1551 989 1588 honorem
1010 1549 1191 1600 capiebat
1211 1548 1393 1599 suffragio
1602 1546 1605 1549 ’

225 1629 265 1661 35
288 1629 406 1665 quam
427 1615 611 1665 magistro
632 1615 838 1654 desinebat
859 1629 944 1654 esse
964 1614 1071 1654 dictb
1092 1614 1309 1654 oboediens
1324 1629 1335 1662 3

286 1688 325 1718 at
345 1694 462 1727 nunc,
485 1680 581 1730 priu’
602 1694 721 1730 quam
743 1680 971 1730 septuennis
992 1688 1061 1727 est,
1084 1680 1115 1718 si
1135 1680 1301 1730 attingas
1323 1693 1413 1718 eum
1435 1693 1564 1727 manu,
1631 1691 1702 1724 440

284 1747 481 1796 externplo
502 1759 597 1796 puer
618 1745 848 1796 paedagogo
869 1746 1003 1784 tabula
1023 1745 1229 1796 dirrumpit
1249 1753 1377 1796 caput.

283 1823 405 1860 quom
426 1818 575 1860 patrem
596 1811 714 1848 adeas
737 1812 989 1860 postulatum,
1013 1823 1135 1860 puero
1155 1810 1211 1848 sic
1231 1809 1326 1849 dicit
1345 1817 1477 1860 pater:

288 1878 441 1913 ‘noster
460 1882 554 1922 esto,
579 1876 674 1913 dum
697 1883 734 1913 te
755 1875 900 1925 poteris
921 1876 1125 1914 defensare
1145 1874 1307 1912 iniuria.’

225 1954 266 1984 40
285 1947 520 1989 prouocatur
536 1941 786 1990 paedagogus
804 1955 810 1978 :
845 1944 853 1960 ‘
866 1941 942 1979 eho
963 1954 1081 1978 senex
1101 1939 1254 1977 minimi
1274 1939 1384 1989 preti,

284 2017 334 2043 ne
353 2004 490 2054 attigas
512 2018 676 2055 puerum
699 2005 795 2043 istac
816 2019 962 2052 caussa,
987 2006 1148 2055 quando
1168 2003 1259 2043 fecit
1280 2006 1460 2042 strenue.'
1630 2012 1697 2047 445

283 2069 311 2107 it
332 2069 513 2118 magister
534 2069 645 2119 quasi
666 2071 826 2108 lucerna
846 2072 967 2108 uncto
987 2076 1167 2120 expretus
1189 2068 1321 2107 linteo.

326 2185 388 2215 422
414 2175 477 2205 hoc
494 2173 623 2204 Merula
640 2186 646 2205 :
670 2175 733 2205 hec
752 2174 866 2210 (haeci
885 2173 951 2205 cod.
974 2175 1008 2208 (e
1019 2179 1082 2214 pro
1097 2173 1131 2214 0)
1266 2182 1328 2211 425
1343 2173 1421 2211 fort.
1440 2173 1611 2212 praesecto

245 2239 253 2249 x
282 2216 363 2260 (tu)
439 2228 566 2257 poenas
583 2219 670 2248 haud
690 2218 868 2250 mediocris
885 2217 1012 2248 Rz'tsclzl
1111 2218 1175 2255 426
1198 2226 1297 2255 quom
1314 2215 1418 2246 Boshe
1534 2218 1607 2256 426,

283 2272 344 2301 427
369 2265 447 2291 sunt
470 2262 527 2301 qui
545 2265 618 2301 post
640 2272 668 2292 v.
694 2271 758 2301 423
778 2265 909 2301 ponant
1039 2261 1102 2300 428
1127 2260 1228 2298 disco,
1249 2260 1346 2290 hasta
1363 2258 1557 2291 Hermann.
1576 2263 1613 2290 ut

283 2306 317 2336 in
334 2304 590 2335 dmeresilziatus
605 2305 648 2334 sit
779 2315 843 2344 433
868 2315 942 2335 cum
959 2302 1043 2335 libro
1059 2315 1066 2343 ;
1091 2314 1165 2334 cum
1183 2303 1223 2334 le.
1245 2303 1310 2333 Leo
1398 2303 1425 2333 si
1443 2303 1476 2333 in
1495 2313 1560 2334 una
1577 2313 1609 2342 p.

283 2349 412 2388 syllaba
432 2348 539 2388 Bergk
632 2348 842 2387 peccauisset
865 2348 934 2379 cod.
953 2348 1048 2388 (corr.
1065 2347 1125 2387 8²)
1257 2348 1322 2385 438
1346 2346 1523 2386 capiebant
1542 2346 1607 2378 cod.

284 2403 346 2432 445
371 2392 494 2430 attigas
510 2394 646 2421 testatur
659 2390 790 2421 Nonius
807 2400 846 2430 75
863 2402 869 2421 :
893 2391 1048 2430 adtingas
1064 2390 1127 2421 cod.
1149 2390 1183 2430 (i,
1203 2400 1235 2430 p.
1257 2392 1312 2429 27)
