1742 2718
683 78 1011 116 AVLVLARIA
1464 82 1515 118 II.
1539 82 1583 118 vi

190 189 473 241 tibicinamque
492 189 786 241 opsoniumque
807 189 846 228 in
867 189 1034 240 nuptias.

191 256 431 305 Megadorus
451 255 561 294 iussit
583 254 764 293 Euclioni
788 256 885 292 haec
906 254 1069 293 mittere.

189 321 278 358 STA.
314 319 485 368 Cererin‚
509 319 689 366 strobile,
712 321 782 357 has
804 327 894 357 sunt
915 319 1052 357 facturi
1074 319 1260 371 nuptias?
1539 337 1556 367 5

100 392 165 429 355
188 386 279 423 STR.
313 385 410 435 qui?
465 386 556 423 STA.
589 384 681 435 quia
701 384 836 423 temeti
858 384 954 422 nihil
975 386 1137 423 allatum
1157 384 1352 435 intellego.

187 452 280 489 STR.
311 457 351 488 at
371 449 447 487 iam
468 451 674 497 adferetur,
699 449 729 488 si
750 463 773 487 a
795 451 879 488 soro
901 449 1008 499 ipsus
1029 449 1195 488 redierit.

185 516 275 553 STA.
308 514 411 564 ligna
431 515 494 553 hic
515 516 621 565 apud
643 528 715 553 nos
736 516 843 552 nulla
863 522 964 552 sunt.
1025 515 1098 554 Co.
1130 522 1221 552 sunt
1241 518 1419 553 asseres?

185 582 275 618 STA.
308 587 398 618 sunt
418 582 494 631 pol.
556 581 628 620 Co.
662 587 753 619 sunt
773 579 888 630 igitur
908 580 1021 630 ligna,
1045 594 1095 618 ne
1116 593 1280 630 quaeras
1302 580 1403 619 foris.

184 646 273 682 STA.
306 644 412 694 quid,
436 645 644 695 inpurate?
674 658 915 695 quamquam
937 646 1116 683 Volcano
1137 645 1283 692 studes,
1539 666 1577 686 10

93 710 164 752 360
182 723 355 748 cenaene
376 723 513 748 caussa
532 718 600 748 aut
621 717 710 748 tuae
732 709 924 748 mercedis
944 709 1067 759 gratia

182 788 253 814 nos
274 782 425 813 nostras
445 775 555 814 aedis
568 777 750 826 postulas
771 775 1033 813 comburere?

182 842 253 881 Co.
286 842 363 879 hau
380 842 548 891 postulo.
600 842 692 879 STR.
725 842 804 879 duc
817 840 912 878 istos
926 839 1038 878 intro.
1089 842 1180 879 STA.
1207 840 1485 891 sequimini.—

454 954 820 990 PYTHochvs
849 951 1236 1003 (STRoBILvs?)
1530 955 1589 991 vii

180 1037 246 1073 ΡΥ.
280 1036 434 1074 Curate.
495 1047 568 1085 ego
589 1033 817 1073 interuisam
838 1033 936 1084 quid
956 1033 1101 1072 faciant
1121 1033 1236 1084 coqui
1254 1048 1263 1081 3

176 1113 276 1150 quos
297 1100 363 1150 pol
382 1107 425 1138 ut
445 1113 518 1150 ego
539 1098 659 1138 hodie
678 1112 832 1138 seruem
853 1113 946 1138 cura
965 1112 1150 1137 maxuma
1170 1106 1238 1138 est.

89 1166 154 1211 365
176 1164 251 1203 nisi
271 1178 395 1203 unum
415 1166 492 1203 hoc
512 1164 664 1212 faciam,
687 1172 730 1202 ut
750 1164 789 1202 in
810 1171 931 1215 puteo
951 1178 1092 1203 cenam
1112 1172 1308 1215 coquant:

175 1228 256 1268 ind'
275 1236 429 1268 coctam
450 1243 585 1268 susum
606 1230 875 1268 subducemus
896 1229 1078 1268 corbulis.

174 1293 206 1333 si
225 1302 357 1333 autem
373 1296 558 1334 deorsum
579 1296 792 1334 comedent
812 1294 844 1333 si
865 1294 961 1345 quid
981 1294 1168 1342 coxerint,
1521 1311 1539 1343 5

173 1359 302 1410 superi
322 1359 493 1398 incenati
514 1367 604 1398 sunt
624 1367 663 1398 et
683 1359 812 1398 cenati
831 1359 955 1398 inferi.

172 1426 243 1464 sed
262 1425 384 1464 uerba
403 1425 467 1464 hic
487 1424 603 1473 facio,
624 1425 735 1476 quasi
755 1425 888 1475 negoti
909 1425 963 1463 nil
984 1424 1067 1471 siet,

85 1496 154 1532 370
172 1489 442 1541 rapacidarum
462 1490 530 1530 ubi
552 1498 704 1529 tanturn
726 1490 798 1529 siet
818 1490 859 1528 in
878 1489 1055 1530 aedibus.

543 1604 755 1641 EVCLIO
866 1603 1128 1642 CONGRro
1521 1605 1598 1643 viii

171 1685 268 1723 Evc.
301 1683 420 1723 Volui
440 1683 616 1723 animum
637 1686 799 1724 tandem
820 1685 1053 1723 confirmare
1073 1684 1193 1724 hodie
1214 1698 1359 1732 meum,

167 1755 210 1787 ut
230 1748 332 1788 bene
352 1749 538 1788 haberem
560 1762 623 1788 me
643 1749 735 1788 filiai
756 1748 913 1800 nuptiis.

167 1813 286 1852 uenio
304 1815 355 1852 ad
377 1816 596 1862 macellum,
619 1814 744 1865 rogito
764 1814 906 1865 piscis:
935 1813 1113 1853 indicant

167 1892 277 1918 caros
292 1893 302 1927 ,-
329 1879 514 1930 agninam
534 1894 674 1927 caram,
698 1894 827 1919 caram
848 1880 1052 1927 bubulam,

81 1950 147 1989 375
166 1943 383 1991 ustulinam,
406 1952 553 1993 cetum,
571 1944 775 1995 porcinam
792 1960 799 1984 ε
828 1958 918 1983 cara
937 1944 1080 1984 omnia.
1515 1963 1534 1997 5

164 2016 283 2060 atque
303 2024 352 2049 eo
371 2012 528 2050 fuerunt
548 2011 706 2060 cariora,
728 2025 795 2050 aes
815 2025 896 2050 non
917 2018 1008 2050 erat.

207 2123 272 2153 354
295 2114 358 2145 has
381 2121 459 2145 sunt
482 2114 548 2146 cod.
574 2114 664 2146 Festi
683 2116 771 2154 364:
803 2115 864 2145 has
883 2113 963 2155 (pro
986 2114 1047 2145 has
1063 2116 1108 2150 ἐς
1122 2114 1179 2154 vii,
1202 2125 1233 2155 p.
1253 2116 1312 2156 96)
1335 2116 1399 2147 cod.
1421 2128 1428 2147 z
1459 2116 1493 2147 hi

164 2161 244 2186 sunt
260 2156 348 2188 codd.
369 2156 609 2190 IVIacrobiiSat.
628 2169 658 2198 3,
683 2169 730 2198 11,
751 2169 770 2188 2
900 2166 965 2197 355
989 2157 1165 2199 intellego]
1183 2159 1285 2190 uideo
1300 2159 1388 2191 codd.
1407 2159 1488 2190 Fest.

163 2203 193 2230 et
208 2199 352 2232 Macrob.
467 2203 534 2240 360
555 2213 614 2233 -ne
632 2202 734 2233 Pius:
760 2211 818 2232 -ue
835 2200 900 2231 cod.
1018 2202 1083 2240 365
1108 2212 1248 2242 coquam
1277 2202 1364 2233 codd.
1391 2202 1496 2233 Nonii

163 2253 230 2280 400
347 2246 410 2285 367
435 2245 471 2276 Si
488 2244 598 2288 (ipsi)
617 2246 714 2276 Goetz
729 2245 791 2285 (iii.
815 2244 882 2283 11),
900 2254 983 2274 nam
1001 2245 1159 2276 deorsum
1178 2245 1289 2287 tm'syll.
1308 2249 1490 2287 suspectum

167 2288 234 2328 369
257 2291 316 2320 sed
336 2289 511 2323 Gruterus:
537 2293 566 2323 si
583 2292 652 2325 cod.

207 2350 326 2372 PLAVT.
347 2351 358 2372 1
1381 2344 1403 2374 8
