1814 2723
174 35 227 74 II.

190 490 231 520 40

192 1074 232 1104 45

192 1532 233 1564 50

249 37 262 72 i
661 38 707 74 T.
742 37 923 75 MACCI
955 38 1159 76 PLAVTI

250 150 323 186 AL.
355 149 440 187 face
478 149 600 187 semel
639 148 839 198 periclum.
900 150 983 186 ME.
1017 149 1090 187 feci
1125 163 1252 200 saepe,
1289 152 1397 200 quod
1431 152 1578 190 factum

1425 229 1576 265 queror.

252 281 323 317 AL.
347 280 469 317 redde
490 277 586 316 mihi
607 278 724 316 illam.
786 279 869 316 ME.
893 278 992 316 inter
1012 294 1158 319 nouam
1183 295 1264 319 rem
1285 282 1450 319 uerbum
1475 295 1581 319 usur-
1601 295 1664 332 505

1318 347 1422 396 pabo
1443 353 1557 384 uetus
1574 362 1581 384 ε

255 412 263 428 ‘
277 410 384 458 quod
406 408 498 447 dedi
520 409 657 446 datum
679 421 760 445 non
781 409 936 455 uellem,
959 411 1068 458 quod
1090 410 1316 448 relicuomst
1336 424 1417 448 non
1438 411 1569 449 dab0.⁷

253 475 324 510 AL.
358 486 438 511 non
460 473 667 511 remissura
688 486 729 510 es
751 472 847 510 mihi
874 473 1010 511 illam?
1068 476 1149 512 ME.
1182 488 1252 524 pro
1283 489 1345 513 me
1369 489 1582 525 «responsas

1498 539 1578 578 tibi.
1602 535 1605 539 “

252 605 323 641 AL.
357 617 436 640 non
471 602 674 640 remittes?
731 604 814 640 ME.
847 603 923 641 scis
958 604 1034 641 iam
1069 606 1222 642 dudum
1257 618 1417 643 omnem
1452 618 1581 643 meam

1333 669 1578 708 sententiam.

251 736 323 771 AL.
357 732 456 771 satin
478 733 577 770 istuc
597 732 668 770 tibi
690 732 729 770 in
750 723 875 771 corde*
890 736 1110 772 certumst?
1167 737 1249 772 ΜΕ.
1283 735 1378 784 quin
1402 748 1452 773 ne
1478 748 1582 773 com-

1233 807 1387 837 mentor
1407 799 1579 849 quidem.

253 861 349 914 [non
371 864 514 914 edepol
533 861 642 914 <ego>
661 862 781 900 istaec
802 870 869 900 tua
889 863 995 901 dicta
1015 877 1120 901 nunc
1143 863 1181 901 in
1202 863 1304 901 auris
1325 863 1481 914 recipio.
1605 878 1673 914 510

252 930 325 966 AL.
358 929 468 966 non?
506 928 609 974 hem,
645 926 741 977 quid
775 927 856 977 agis
892 927 1035 976 igitur?
1093 930 1176 967 ME.
1208 928 1385 967 animum
1419 930 1584 967 aduorte

1028 992 1117 1039 iam,
1141 1000 1182 1030 ut
1203 992 1299 1042 quid
1318 1006 1432 1043 agam
1453 992 1582 1046 scias]

254 1060 327 1095 AL.
358 1065 396 1096 at
428 1057 481 1095 ita
511 1070 575 1095 me
604 1057 644 1095 di
674 1058 863 1106 deaeque,
896 1057 1025 1107 superi
1055 1065 1173 1107 atque
1204 1057 1314 1096 inferi
1345 1066 1382 1096 et
1412 1059 1584 1096 mediox—

1490 1123 1581 1169 umi,

254 1188 385 1238 itaque
405 1202 469 1226 me
490 1189 594 1226 Iuno
614 1188 746 1238 regina
766 1196 804 1226 et
827 1188 926 1225 Ioui⁷
946 1189 1117 1238 supremi
1140 1189 1216 1227 filia

253 1252 385 1302 itaque
406 1266 469 1291 me
491 1254 680 1291 Saturnus
701 1252 799 1290 eiius
819 1255 1121 1302 patruos—ME.
1154 1262 1306 1292 ecastor
1326 1262 1445 1304 pater.

252 1319 324 1355 AL.
349 1317 481 1367 itaque
506 1331 569 1355 me
589 1318 674 1367 Ops
705 1318 903 1366 opulenta,
926 1317 1028 1355 illius
1057 1318 1287 1357 auia-ME.
1311 1319 1434 1358 immo
1462 1327 1584 1357 mater
1605 1328 1668 1365 515

1407 1385 1579 1434 quidem.

252 1451 325 1486 AL.
360 1449 462 1486 Iuno
484 1448 561 1486 filia
582 1455 619 1486 et
641 1449 830 1486 Saturnus
851 1456 1010 1498 patruos
1031 1457 1068 1487 et
1090 1451 1267 1488 summus
1290 1450 1515 1500 Iuppiter-

253 1521 295 1550 tu
317 1527 379 1550 me
399 1512 561 1560 delenis,
584 1520 741 1562 propter
761 1519 799 1550 te
820 1513 917 1550 haec
939 1526 1072 1562 pecco.
1134 1516 1217 1552 ΜΕ.
1249 1528 1365 1565 perge
1385 1515 1525 1553 dicere.

254 1579 326 1615 AL.
357 1592 461 1616 anne
495 1578 612 1616 etiam
652 1577 749 1627 quid
787 1579 1013 1616 consultura
1052 1579 1103 1616 sis
1141 1580 1292 1618 sciam?
1350 1582 1433 1618 ME.
1466 1594 1582 1630 perge

1436 1645 1578 1695 eloqui.

251 1722 332 1746 non
353 1708 559 1746 remittam.
618 1707 874 1746 definitumst.
907 1738 910 1742 .
954 1711 1024 1746 AL.
1058 1710 1162 1747 enim
1193 1723 1287 1748 uero
1317 1709 1369 1748 ita
1400 1723 1463 1748 me
1494 1711 1583 1759 Iup-

1483 1774 1583 1824 piter

252 1838 383 1887 itaque
405 1851 467 1876 me
490 1839 593 1875 Iuno
614 1839 746 1887 itaque
769 1839 889 1876 Ianus
911 1838 1114 1889 ita—quid
1135 1840 1264 1878 dicam
1286 1840 1430 1879 nescio.
1603 1849 1671 1885 520

252 1903 328 1941 iam
351 1902 442 1941 scio.
503 1903 635 1950 immo,
661 1903 812 1950 mulier,
833 1903 935 1950 audi,
960 1918 1087 1942 meam
1110 1913 1151 1943 ut
1173 1905 1271 1943 scias
1292 1904 1539 1943 sententiam.

295 2017 358 2046 504
383 2017 464 2046 sepe
481 2008 544 2037 feci
561 2008 594 2037 P
701 2017 763 2046 507
789 2017 954 2046 responsa
970 2007 1005 2037 P
1111 2019 1175 2048 509
1198 2013 1359 2040 certumst
1377 2008 1410 2038 in
1430 2009 1530 2038 corde
1547 2007 1580 2038 A

253 2061 295 2081 ne
311 2049 465 2091 Seyfflff:
492 2061 510 2080 e
526 2049 559 2079 A
582 2051 697 2091 (praec.
716 2053 752 2089 11)
772 2062 778 2081 ι
802 2061 866 2089 ego
884 2050 1002 2091 P<seq.
1018 2052 1088 2091 co-)
1179 2062 1281 2091 510-1
1308 2063 1372 2082 om.
1390 2052 1423 2081 A
1510 2055 1586 2092 pos!

253 2095 317 2133 518
344 2094 544 2132 transposuit
566 2093 701 2134 quffert
722 2093 824 2129 (Berl.
848 2093 933 2124 Phil.
964 2093 1070 2126 Woclz.
1101 2097 1193 2136 1896,
1223 2106 1253 2135 p.
1282 2097 1363 2135 844)
1519 2105 1583 2134 510

254 2148 318 2177 ego
344 2137 420 2168 add.
439 2136 565 2167 Sclzoell
695 2147 755 2176 511
782 2148 814 2176 q.
840 2147 937 2176 agam
960 2137 1066 2169 Rost:
1094 2140 1175 2178 quid
1194 2140 1299 2178 (quod
1323 2139 1389 2177 PE)
1410 2149 1490 2177 agas
1512 2138 1579 2169 cod.

254 2191 318 2220 512
342 2187 444 2220 atque
461 2191 527 2211 om.
549 2181 638 2212 codd.
655 2180 817 2211 Prisciani
830 2190 856 2220 1,
875 2182 918 2210 62
1026 2192 1089 2222 514
1114 2188 1253 2222 patruus
1265 2184 1339 2212 eius
1355 2182 1387 2213 P
1461 2192 1508 2213 ee.
1528 2181 1580 2222 p.]

256 2229 289 2257 et
305 2234 455 2255 summus
472 2228 570 2263 pater
585 2224 618 2253 A
639 2225 693 2264 (ex
706 2235 735 2255 v.
756 2225 836 2263 516)
993 2228 1057 2262 516
1079 2225 1257 2256 Melaenidi
1272 2227 1441 2256 continuat
1458 2224 1581 2265 Ussing

257 2268 323 2299 filia
343 2268 426 2298 Iuno
443 2268 475 2298 A
551 2267 719 2308 Iuppiter]
749 2271 846 2307 pater
862 2267 1062 2309 Bentleyjcf.
1081 2268 1165 2299 adv.
1187 2269 1266 2308 514)
1401 2270 1465 2308 518
1488 2280 1517 2300 a.
1546 2273 1584 2299 ut

256 2313 358 2343 etiam
372 2311 487 2352 P(pro
502 2322 533 2341 a.
545 2321 574 2342 e.
594 2316 627 2340 ut
642 2311 667 2343 ἓ)
759 2311 805 2341 sis
818 2311 922 2341 sciam
934 2322 998 2342 om.
1012 2312 1046 2341 A
1160 2312 1224 2343 ΜΕ.
1243 2313 1365 2354 perge]
1379 2323 1415 2343 es
1429 2323 1534 2352 perge
1547 2311 1581 2342 A

256 2366 322 2395 520
345 2356 456 2394 itaque
483 2353 599 2394 Ianus]
632 2359 665 2383 et
682 2359 842 2384 saturnus
859 2353 954 2392 P(ex
968 2365 996 2386 v.
1014 2357 1115 2398 5162)
