1814 2723
181 1079 218 1101 10

188 1403 224 1436 15

587 94 1184 162 AVLVLARIA

587 349 1117 403 ARGVMENTVM
1171 349 1190 394 I

393 479 521 516 Senex
541 486 677 512 avarus
698 470 760 508 vix
781 468 854 507 sibi
876 469 1040 506 credens
1062 464 1203 504 Euclio

395 540 504 580 domi
526 552 619 577 suae
639 537 837 576 defossam
859 531 991 571 multis
1013 544 1103 570 cum
1124 529 1266 580 opibus

395 608 524 645 aulam
546 601 706 648 invenit,
729 611 962 648 rursumque
984 595 1140 647 penitus
1162 592 1364 633 conditam

396 669 581 721 exanguis
602 681 738 706 amens
759 672 895 704 servat.
956 662 1038 701 eius
1060 661 1179 699 filiam

398 735 620 787 Lyconides
641 732 803 771 vitiarat.
863 729 1012 767 interea
1033 740 1152 765 senex

399 802 639 851 Megadorus
660 812 682 836 a
703 810 834 836 sorore
856 807 993 834 suasus
1016 794 1160 831 ducere

398 879 557 905 uxorem
579 863 683 902 avari
703 869 861 912 gnatam
884 858 1064 909 deposcit
1085 857 1171 895 sibi.

399 933 520 970 durus
541 943 659 967 senex
679 927 741 965 vix
762 924 953 976 promittit
974 931 1094 973 atque
1114 922 1227 960 aulae
1247 920 1390 959 timens

400 998 522 1035 domo
543 994 738 1032 sublatam
759 990 872 1029 variis
894 987 1089 1028 abstrudit
1109 986 1217 1025 locis.

400 1060 561 1099 insidias
582 1071 713 1097 servos
735 1055 826 1094 facit
846 1054 963 1092 huius
986 1050 1200 1103 Lyconidis

401 1125 468 1177 qui
489 1123 678 1174 virginem
699 1121 850 1159 vitiarat
868 1134 878 1167 3
906 1126 1025 1168 atque
1046 1117 1129 1167 ipse
1150 1115 1330 1154 obsecrat

401 1191 641 1231 avonculum
663 1187 926 1237 Megadorum
948 1183 1106 1222 sibimet
1126 1182 1267 1220 cedere

403 1269 564 1295 uxorem
585 1252 743 1292 amanti.
802 1264 871 1301 per
892 1250 1029 1288 dolum
1051 1260 1143 1285 mox
1164 1244 1306 1284 Euclio

404 1336 494 1361 curn
516 1319 752 1371 perdidisset
771 1318 913 1362 aulam,
936 1314 1134 1364 insperato
1155 1310 1304 1350 invenit

405 1389 610 1436 laetusque
630 1391 764 1422 natam
785 1382 968 1421 conlocat
989 1375 1193 1428 Lyconidi.

600 1559 1126 1615 ARGVMENTVM
1178 1558 1227 1605 H

411 1685 559 1723 Aulam
580 1688 772 1732 repertam
793 1678 876 1718 auri
897 1679 1055 1728 plenam
1078 1674 1219 1714 Euclio

412 1750 466 1788 Vi
487 1761 642 1787 summa
661 1752 798 1792 servat,
822 1742 972 1782 miseris
992 1743 1171 1781 adfectus
1192 1738 1331 1779 modis.

413 1813 638 1865 Lyconides
658 1810 768 1850 istius
789 1808 898 1847 vitiat
919 1808 1050 1847 filiam.

413 1881 513 1919 Volt
532 1880 635 1917 hanc
657 1876 898 1926 Megadorus
919 1874 1138 1912 indotatam
1159 1872 1315 1916 ducere,

417 1946 658 1994 Lubensque
679 1950 722 1981 ut
742 1941 858 1980 faciat
879 1941 946 1979 dat
966 1951 1116 1989 coquos
1137 1950 1228 1976 cum
1249 1931 1427 1974 obsonio.

418 2011 529 2048 Auro
550 2008 736 2047 formidat
757 2005 909 2052 Euclio,
932 2002 1126 2042 abstrudit
1146 2000 1249 2040 foris.

417 2076 483 2114 Re
504 2073 613 2113 omni
635 2073 812 2123 inspecta
835 2067 1117 2119 compressoris
1139 2066 1312 2105 servolus

421 2142 468 2179 Id
490 2139 622 2189 surpit.
683 2137 761 2175 illic
783 2134 967 2174 Euclioni
988 2146 1069 2171 rem
1091 2133 1215 2170 refert.

420 2207 488 2244 Ab
509 2218 557 2243 eo
577 2205 747 2242 donatur
766 2214 873 2247 auro,
897 2212 1016 2238 uxore
1038 2205 1075 2236 et
1095 2197 1186 2235 filio.

448 2309 478 2339 11
504 2310 525 2339 6
549 2308 703 2339 abstridit
719 2306 808 2337 sores
826 2304 889 2335 cod.
998 2294 1043 2341 '7
1068 2302 1256 2341 inspectata
1272 2297 1407 2329 Mueller
