1742 2718
757 67 962 106 CASINA
1475 65 1526 101 11.
1549 64 1592 100 vi

197 180 271 220 OL.
294 181 412 218 credo
429 180 568 223 hercle,
585 177 704 215 hodie
719 175 922 215 denotabit
936 175 1048 213 sortis
1063 175 1091 212 si
1107 174 1284 224 attigerit.
1338 176 1405 210 Lx‘.
1431 181 1525 211 tace.

198 246 271 285 OL.
305 253 425 283 taceo.
450 244 546 282 deos
567 243 850 293 quaeso—CH.
883 248 924 279 ut
946 240 1106 291 quidem
1129 248 1169 278 tu
1191 239 1310 279 hodie
1331 252 1469 277 canem
1491 246 1529 276 et

1250 307 1396 343 furcam
1419 306 1527 342 feras.

110 387 180 421 390
199 376 271 415 OL.
306 374 399 413 mihi
422 381 464 413 ut
485 373 622 412 sortito
643 372 933 411 eueniat--—<CH.
968 379 1009 409 ut
1030 371 1191 421 quidem
1212 371 1342 408 hercle
1363 368 1531 419 pedibus

1343 435 1528 484 pendeas.

199 507 272 544 01„
304 513 342 543 at
364 513 405 543 tu
426 512 468 542 ut
489 505 625 542 oculos
646 517 857 553 emungare
879 516 924 540 ex
945 501 1073 552 capite
1094 515 1161 551 per
1183 514 1320 539 nasum
1343 507 1441 538 tuos.

199 572 276 610 CH.
308 569 404 620 quid
426 569 569 608 times?
598 576 775 619 paratum
798 574 952 618 oportet
972 581 1057 606 esse
1077 567 1154 605 iam
1176 568 1361 616 laqueum
1383 564 1464 603 tibi.
1549 578 1591 609 40

199 636 272 674 OL.
314 634 470 686 periisti.
536 636 605 672 Lv.
646 633 822 672 animum
861 632 1057 671 aduortite
1095 632 1224 670 ambo.
1291 632 1364 670 OL.
1406 638 1527 667 taceo.

993 699 1062 735 Lv.
1095 710 1201 734 nuno
1222 703 1274 742 tu,
1299 696 1533 742 Cleustrata,

199 779 248 803 ne
268 779 290 803 a
311 778 374 803 me
396 777 590 816 memores
611 762 804 802 malitiose
826 763 875 801 de
896 763 969 800 hac
990 776 1030 799 re
1051 762 1198 799 factum
1219 767 1285 798 aut
1307 759 1492 810 suspices,

111 844 176 881 395
199 829 268 868 tibi
308 829 516 880 permitto:
565 835 646 866 tute
686 827 789 866 sorti.
851 828 923 866 OL.
962 826 1091 876 perdis
1131 839 1205 864 me.
1265 826 1343 864 CH.
1380 826 1532 862 lucrum

1428 888 1530 927 facit.

199 961 268 1000 CL.
304 960 406 998 bene
437 958 540 998 facis.
602 960 679 998 CH.
712 959 808 997 deos
839 964 1085 1007 quaeso—ut
1116 963 1180 994 tua
1215 969 1297 994 sors
1327 969 1374 994 ex
1409 954 1534 992 sitella

1330 1019 1530 1069 ecfugerit.

199 1091 272 1130 OL.
304 1090 367 1128 ain
390 1091 460 1128 tu?
490 1089 582 1139 quia
604 1096 686 1127 tute
708 1102 748 1126 es
771 1088 968 1138 fugitiuos,
991 1087 1119 1126 omnis
1141 1094 1178 1125 te
1199 1085 1341 1124 imitari
1362 1084 1502 1135 cupis?
1550 1096 1591 1128 45

199 1155 349 1193 utinam
370 1161 437 1193 tua
458 1154 619 1204 quidem
641 1154 763 1208 (ista),
787 1154 886 1193 sicut
909 1152 1099 1192 Herculei
1119 1151 1349 1204 praedicant

199 1220 403 1270 quondam
425 1217 634 1269 prognaffls,
658 1219 699 1256 in
720 1217 921 1256 sortiendo
942 1230 1024 1256 sors
1046 1215 1265 1266 deliquerit.

112 1297 182 1330 400
200 1286 277 1325 CH.
311 1286 351 1323 tii
373 1291 415 1322 ut
436 1283 630 1334 liquescas
650 1282 744 1332 ipse,
766 1288 943 1320 actutum
964 1280 1080 1331 uirgis
1101 1279 1393 1319 calefactabere.

199 1352 269 1388 Lv.
303 1351 380 1388 hoc
399 1362 470 1399 age
490 1348 553 1395 sis,
577 1347 774 1398 Olympio.
834 1347 907 1385 OL.
941 1345 972 1384 si
992 1346 1055 1384 hic
1076 1345 1266 1383 litteratus
1288 1358 1351 1383 me
1371 1344 1482 1382 sinat.

199 1417 268 1453 Lv.
301 1415 410 1464 quod
430 1414 582 1453 bonum
599 1420 718 1463 atque
741 1414 982 1451 fortunatum
1003 1411 1100 1449 mihi
1121 1410 1169 1449 sit
1187 1414 1193 1448 !
1242 1411 1315 1450 OL.
1349 1410 1402 1448 ita
1422 1423 1528 1457 uero,
1550 1422 1593 1455 50

1301 1521 1308 1524 -
1362 1482 1401 1513 et
1421 1475 1528 1513 mihi.

200 1547 276 1585 CH.
320 1558 411 1583 non.
483 1544 557 1583 OL.
601 1542 724 1581 immo
762 1543 902 1580 hercle.
971 1543 1048 1581 CH.
1093 1541 1215 1580 immo
1253 1540 1350 1579 mihi
1388 1541 1530 1579 hercle.

855 1608 928 1646 CL.
958 1606 1022 1645 hic
1042 1606 1185 1652 uincet,
1209 1613 1250 1644 tu
1271 1605 1382 1643 uiues
1403 1604 1529 1643 miser.

201 1677 270 1714 LY.
302 1674 461 1725 percide
491 1688 535 1714 os
565 1681 605 1712 tu
636 1673 690 1712 illi
717 1673 821 1712 odio.
871 1686 953 1723 age,
976 1671 1120 1721 ecquid
1148 1672 1219 1709 fit?
1256 1684 1353 1709 caue
1383 1669 1532 1708 obiexis

1357 1749 1530 1774 manum.

113 1815 179 1852 405
201 1808 274 1846 OL.
307 1819 559 1856 compressan
586 1806 716 1855 palma
742 1818 791 1842 an
820 1810 997 1853 porrecta
1023 1802 1148 1841 ferio?
1204 1803 1274 1840 LY.
1306 1814 1378 1851 age
1398 1809 1440 1839 ut
1459 1800 1530 1840 uis.

1247 1867 1321 1906 OL.
1353 1880 1416 1904 em
1437 1865 1532 1904 tibi!

200 1938 270 1977 CL.
302 1936 398 1987 quid
434 1935 503 1975 tibi
533 1935 662 1974 istunc
691 1934 811 1974 tactio
841 1936 929 1973 est?
985 1934 1060 1972 OL.
1093 1932 1185 1982 quia
1216 1930 1394 1982 Iuppiter
1422 1930 1533 1970 iussit

1408 2010 1529 2034 meus.

246 2108 310 2147 388
337 2105 474 2137 deuobit
496 2105 561 2136 cod.
580 2105 656 2146 (pro
681 2103 864 2135 deuouebit
876 2104 902 2143 2)
925 2102 1113 2144 (denotabit
1128 2102 1170 2143 J)
1284 2102 1350 2140 389
1374 2101 1476 2131 hodie
1498 2104 1534 2130 tu

205 2151 339 2181 Mueller
463 2160 529 2189 390
551 2149 671 2180 sortito
691 2148 831 2189 Spengel
847 2159 854 2178 :
885 2147 1018 2178 sortitio
1036 2146 1102 2177 cod.
1238 2155 1302 2184 393
1327 2144 1444 2175 amabo
1465 2143 1532 2178 cod,

204 2195 256 2233 (cfi
275 2205 304 2224 v.
321 2193 400 2232 386)
509 2203 574 2232 394
598 2192 772 2232 suspicere
790 2190 854 2222 cod.
875 2191 912 2232 (i.
930 2191 964 2230 7)
1236 2191 1300 2229 398
1325 2191 1388 2221 ista
1403 2192 1533 2223 addidit

206 2236 340 2268 Guz‘etus
351 2237 403 2277 (cf.
416 2235 495 2277 399)
1100 2243 1166 2272 399
1189 2233 1223 2264 in
1241 2232 1328 2263 codd.
1339 2232 1512 2269 Nom'i334
1528 2242 1535 2261 :

204 2280 301 2321 [ista]
320 2280 354 2310 in
370 2279 436 2311 cod.
453 2280 510 2320 (iv.
523 2280 559 2319 3)
699 2288 762 2317 402
787 2277 831 2308 sit
847 2276 986 2316 Ιῖνῖαιίεε
1000 2288 1007 2307 :
1031 2281 1083 2308 est
1100 2276 1164 2308 cod.
1311 2287 1373 2314 404
1399 2275 1535 2314 percide

207 2323 375 2355 Turnebus
390 2335 397 2354 z
420 2323 579 2363 praecide
596 2321 661 2353 cod.
756 2321 834 2351 odio
848 2319 1001 2361 qufflrt:
1028 2320 1130 2351 hodie
1146 2319 1213 2351 cod.
1306 2329 1390 2350 caue
1411 2318 1534 2348 Bothe:

205 2367 250 2399 M.
272 2368 443 2408 (personae
460 2365 553 2405 nota)
571 2375 615 2395 ne
630 2364 694 2395 cod.
707 2374 714 2394 :
728 2364 810 2403 sort.
830 2365 870 2395 a!
895 2373 937 2393 ne
1069 2370 1134 2400 405
1156 2371 1227 2391 rem
1243 2360 1312 2392 cod.
1331 2361 1422 2401 (hem
1434 2359 1475 2400 J)
