1814 2723
183 81 251 117 IV*
275 55 303 115 x⁴
692 81 737 117 T.
772 80 953 119 MACCI
985 80 1189 118 PLAVTI

213 204 254 236 40
274 191 324 229 de
343 191 419 229 alia
438 205 478 230 re
499 191 702 230 resciuisse
722 190 868 237 censui,
892 191 1000 240 quod
1020 191 1071 229 ad
1092 204 1156 229 me
1175 191 1314 231 attinet
1328 206 1339 239 3
1625 199 1694 234 770

274 268 415 305 magna
442 263 500 295 est
522 255 615 308 [res]
638 269 756 306 quarn
785 268 858 305 ego
878 262 1009 293 tecum
1034 255 1170 303 otiose,
1194 256 1225 295 si
1250 256 1375 296 otium
1395 265 1464 306 est,
1488 258 1605 309 cupio

1483 323 1602 374 loqui.

272 387 370 424 Evc.
403 386 468 424 dic
484 386 589 424 bona
606 387 682 424 fide
700 401 706 423 :
729 393 769 423 tu
786 385 826 424 id
842 399 981 423 aurum
997 399 1078 425 non
1095 387 1355 438 surrupuisti?
1389 390 1458 427 Lv.
1486 389 1602 429 bona.

273 452 370 490 Evc.
404 465 533 501 neque
563 449 692 503 (eum)
722 450 797 489 scis
828 449 895 500 qui
924 451 1157 500 apstulerit?
1215 455 1283 491 Lv.
1316 452 1416 492 istuc
1446 467 1606 504 quoque

948 516 1064 554 bona.
1124 518 1222 555 Evc.
1254 525 1373 568 atque
1393 517 1433 557 id
1454 518 1485 557 si
1506 519 1604 558 scies

270 580 338 631 qui
371 580 583 631 apstulerit‚
621 580 717 618 mihi
751 579 974 618 indicabis?
1031 582 1100 618 LY.
1133 581 1285 620 faciam.
1346 584 1442 621 Evc.
1475 597 1605 633 neque

1362 655 1511 697 partem
1533 648 1603 687 tibi

210 724 250 757 45
270 711 321 749 ab
341 725 389 749 eo
409 711 612 761 quoiumst
631 710 843 762 indipisces
864 724 994 761 neque
1015 712 1140 749 furem
1161 711 1359 762 excipies?
1418 714 1487 750 LY.
1520 712 1582 751 ita.
1624 721 1688 758 775

273 778 369 814 Evc.
402 775 442 815 id
464 774 533 828 (si)
554 776 683 815 fallis?
745 778 815 814 Lv.
848 782 931 814 turn
960 789 1023 813 me
1044 775 1160 814 faciat
1189 777 1298 826 quod
1328 778 1412 815 uolt
1439 791 1603 827 magnus

1414 841 1600 892 Iuppiter.

272 906 368 944 EVC.
402 912 460 944 sat
490 906 629 944 habeo.
688 919 759 955 age
789 919 895 944 nunc
925 906 1086 955 loquere
1121 905 1216 955 quid
1246 905 1315 944 uis.
1376 907 1445 943 ΙΝ.
1478 905 1509 944 si
1540 920 1604 944 me

1293 969 1439 1009 nouisti
1459 969 1600 1018 minus,

269 1048 411 1086 genere
431 1049 512 1086 quo
533 1035 605 1074 sim
626 1042 766 1085 gnatus
785 1050 791 1072 ;
821 1034 885 1073 hic
906 1033 1003 1072 mihi
1024 1041 1082 1073 est
1104 1036 1345 1085 Megadorus
1365 1036 1568 1082 aunculus,

270 1102 373 1140 meu'
393 1100 465 1139 fuit
485 1108 594 1152 pater
615 1100 889 1147 Antimachus,
912 1113 985 1150 ego
1006 1113 1128 1138 uocor
1149 1099 1383 1150 Lyconides,

209 1181 251 1213 50
270 1173 394 1205 mater
426 1172 485 1205 est
521 1165 728 1204 Eunomia.
792 1167 889 1204 Evc.
922 1164 1016 1203 noui
1050 1164 1174 1215 genu’.
1239 1178 1345 1203 nunc
1383 1165 1479 1215 quid
1514 1165 1602 1204 uis?
1621 1167 1690 1211 780

1449 1230 1489 1270 id
1509 1233 1602 1270 uolo

269 1311 442 1337 noscere.
476 1298 545 1335 Lv.
569 1296 689 1335 filiam
703 1310 750 1335 ex
762 1303 801 1335 te
814 1298 855 1335 tu
869 1296 1002 1335 habes.
1036 1297 1134 1334 Evc.
1150 1295 1274 1335 immo
1288 1295 1465 1351 eccillam
1479 1297 1598 1335 domi.

269 1365 340 1402 Lv.
370 1376 458 1402 eam
471 1370 513 1402 tu
527 1362 788 1413 despondisti‚
801 1361 953 1412 opinor,
969 1375 1059 1400 meo
1074 1363 1257 1400 aunculo.
1301 1354 1409 1400 “Evc.
1440 1376 1601 1401 ornnem

1375 1441 1457 1467 rem
1477 1435 1598 1467 tenes.

270 1495 339 1532 Lv.
371 1492 403 1532 is
424 1506 487 1532 me
508 1506 614 1532 nunc
634 1492 856 1531 renuntiare
877 1491 1084 1542 repudium
1105 1491 1216 1531 iussit
1236 1491 1318 1531 tibi.

270 1560 368 1597 Evc.
400 1557 613 1611 repudium‘
629 1557 745 1596 rebus
765 1557 919 1608 paratis,
943 1556 1137 1596 exornatis
1157 1557 1335 1608 nuptiis?

208 1637 249 1671 55
269 1623 437 1662 utillum
459 1623 499 1662 di
515 1623 741 1662 inmortales
756 1636 894 1662 omnes
915 1618 1093 1673 deaeque
1114 1631 1306 1674 quantum
1325 1631 1382 1662 est
1402 1624 1596 1675 perduint,
1619 1627 1684 1671 785

269 1702 388 1738 quern
409 1695 567 1739 propter
586 1688 707 1727 hodie
726 1688 809 1727 auri
829 1695 982 1726 tantum
1004 1688 1157 1739 perdidi
1178 1688 1320 1736 infelix,
1344 1688 1470 1728 miser.

269 1756 339 1792 Lv.
371 1754 480 1793 bono
516 1753 651 1793 animo
689 1767 742 1801 es,
782 1754 886 1793 bene
924 1753 1022 1793 dice.
1068 1768 1174 1793 nunc
1213 1768 1315 1804 quae
1353 1769 1413 1794 res
1451 1755 1523 1794 tibi
1560 1763 1600 1794 et

1339 1828 1479 1871 gnatae
1508 1828 1599 1860 tuae

312 1934 371 1963 771
398 1935 453 1955 res
478 1924 535 1956 del.
563 1925 656 1956 Hare
743 1926 799 1958 vix
822 1937 864 1958 m.
891 1929 961 1957 rest
1095 1934 1156 1964 773
1182 1934 1291 1964 neque
1316 1925 1384 1956 scis
1406 1925 1462 1964 qui
1485 1926 1598 1957 abstu-

266 1967 343 1998 lerit
364 1967 458 1998 verba
482 1968 516 1998 in
535 1979 563 2000 v.
593 1979 654 2009 774
682 1970 766 2001 inter
783 1969 962 2002 abstulerit
988 1971 1016 1999 et
1039 1968 1119 1999 mihi
1139 1967 1253 1999 detulit
1272 1968 1337 1999 cod.
1358 1969 1407 2009 (ii.
1429 1970 1486 2005 63:
1515 1979 1593 2001 corr.

267 2011 478 2042 Camevamcs
565 2023 642 2044 eum
673 2013 749 2046 add.
782 2013 922 2054 Langen
1069 2021 1131 2053 775
1155 2013 1241 2042 adeo
1267 2011 1398 2042 Nontus
1426 2022 1497 2052 129,
1532 2023 1597 2053 293

264 2056 408 2086 cuiumst
425 2055 626 2097 (quoiumst)
647 2057 764 2088 Goetz:
790 2058 945 2097 cuiquam
965 2060 1017 2087 est
1039 2055 1106 2086 cod.
1126 2056 1150 2095 (i
1177 2056 1233 2094 73:
1259 2055 1311 2086 cui
1329 2056 1372 2086 sit
1388 2056 1475 2087 codd.
1495 2055 1600 2087 Nonii

268 2109 338 2137 129,
359 2099 467 2130 cuiuis
487 2101 613 2141 (cuius)
631 2112 694 2141 293
785 2101 970 2141 indipisces
993 2102 1130 2131 testatur
1149 2098 1284 2128 Nomus
1309 2108 1390 2138 129:
1420 2099 1598 2140 indipiscis

264 2141 354 2174 codd
383 2142 490 2173 Nomi
514 2154 601 2184 293.
632 2145 710 2176 inde
737 2155 858 2185 posces
881 2143 946 2175 cod.
1047 2142 1199 2182 excipies
1224 2145 1362 2172 testatur
1380 2142 1509 2173 Nonius
1533 2154 1575 2183 29
1555 2154 1596 2183 93

266 2186 292 2224 (-
295 2196 331 2216 as
349 2186 450 2224 codd.
468 2188 526 2218 sed
544 2199 604 2227 ¹29
622 2189 737 2230 recte):
762 2189 882 2228 expies
896 2187 960 2219 cod.
980 2186 1042 2227 (iii.
1064 2186 1118 2225 10)
1252 2186 1314 2224 776
1340 2186 1376 2216 Id
1389 2185 1462 2229 (si)
1478 2186 1595 2218 Valla:

260 2229 355 2268 Quid
372 2229 399 2260 si
420 2212 633 2262 Camerarius
741 2243 803 2272 779
827 2236 925 2271 pater
940 2231 1000 2262 fuit
1016 2229 1092 2269 Leo,
1111 2239 1161 2259 cuz
1177 2233 1275 2268 pate-:r
1291 2228 1431 2269 displicet
1533 2231 1593 2269 781

266 2283 308 2303 ex
326 2277 360 2304 te
377 2273 421 2304 fil.
436 2275 476 2315 (ἲ)
490 2274 556 2306 Leo
618 2276 699 2315 sort.
714 2274 876 2318 (Euclio)
888 2275 969 2306 Evc.
984 2273 1045 2316 <jii-
1063 2273 1098 2313 2)
1191 2274 1253 2312 782
1277 2273 1326 2303 vel
1340 2274 1442 2313 opino
1531 2276 1594 2313 784

265 2318 437 2349 exornatis
448 2318 534 2349 codd.
550 2319 655 2350 Nomz
668 2330 749 2359 105:
775 2324 876 2359 atque
893 2317 1067 2350 exornatis
1077 2315 1142 2348 cod.
1159 2316 1257 2356 (idem
1268 2326 1359 2346 erro)
1365 2317 1399 2347 in
1415 2317 1506 2357 Capi,
1517 2318 1594 2357 658,

264 2361 376 2392 Bacch.
400 2371 491 2401 1115,
513 2362 588 2394 Cist.
606 2372 680 2403 205,
702 2364 795 2396 Cure.
812 2365 886 2403 280⁷
906 2362 982 2404 351)
1094 2361 1154 2400 787
1180 2360 1345 2392 benedice
1369 2360 1528 2400 Pylades:
1560 2365 1594 2392 et

264 2405 431 2437 benedice
446 2405 511 2437 cod.
