1742 2718
706 56 910 96 CASINA
1424 51 1475 89 11.
1499 49 1543 87 iii

204 168 416 220 quicquam
439 164 815 218 commemorari<er>
835 166 943 215 quod
968 165 1055 215 plus
1082 162 1162 201 sali'
1184 163 1310 212 plusq'
1338 160 1479 211 leporis

1361 225 1480 264 hodie

152 299 295 338 habeat
312 314 321 347 3
351 310 500 348 coquos
527 296 712 347 equidem
742 294 848 333 nimi'
870 293 1051 340 demiror,
1074 292 1141 342 qui
1166 298 1327 330 utuntur
1347 290 1481 328 condi-

1323 354 1476 401 mentis,

64 443 133 468 220
151 443 219 469 eos
239 443 287 468 eo
307 428 565 467 condimento
585 440 666 466 uno
691 425 808 478 (non)
827 425 936 471 utier‚
959 423 1135 463 omnibu’
1156 423 1264 472 quod
1285 427 1464 471 praestat.
1498 436 1516 468 5

152 509 241 534 nam
282 495 348 533 ubi
386 508 496 532 amor
535 493 834 531 condimentum
875 490 1012 537 inierit,
1054 488 1209 539 quoiuis
1248 487 1478 537 placituram

1150 551 1317 606 (escam)
1337 552 1455 590 credo
1472 566 1481 598 ;

152 638 280 675 neque
302 626 446 663 salsum
468 637 597 674 neque
618 636 739 661 suaue
763 636 848 660 esse
874 628 1003 672 potest
1031 619 1254 670 quicquam,
1277 617 1344 656 ubi
1372 630 1482 655 amor

1116 697 1197 722 non
1217 682 1456 721 admiscetur
1475 698 1481 721 :

152 757 202 794 fel
223 757 332 806 quod
351 762 576 802 amarumst‚
596 754 635 793 id
657 755 734 792 mel
755 752 882 800 faciet,
900 751 1104 790 hominem
1125 764 1171 788 ex
1187 748 1284 787 tristi
1306 747 1481 798 lepidum

1280 820 1318 852 et
1338 814 1480 851 lenem.

153 887 255 924 hanc
287 898 359 935 ego
394 886 444 923 de
478 898 542 923 me
571 883 839 922 coniecturam
869 880 979 921 dorni
1013 879 1114 919 facio
1143 878 1257 929 magi'
1286 890 1405 928 quam
1435 890 1482 915 ex

1310 941 1454 980 auditis
1472 956 1481 989 3

65 1029 130 1066 225
152 1016 219 1066 qui
241 1017 363 1066 quom
383 1029 474 1054 amo
503 1014 701 1061 Casinam,
725 1012 837 1063 magi'
866 1012 983 1058 niteo,
1007 1009 1210 1049 munditiis
1239 1006 1480 1046 Munditiam

1294 1072 1455 1111 antideo
1475 1087 1481 1110 :

152 1148 374 1197 myropolas
395 1146 524 1186 omnis
544 1145 723 1192 sollicito,
742 1144 1013 1194 ubiquomque
1034 1150 1092 1180 est
1113 1140 1288 1191 lepidum
1309 1151 1483 1188 unguen-

1198 1214 1293 1251 tum,
1317 1217 1483 1253 unguor,

152 1286 194 1317 ut
215 1278 268 1316 illi
289 1279 466 1329 placeam
484 1292 494 1326 3
524 1284 561 1315 et
587 1278 737 1327 placeo,
760 1282 803 1313 ut
829 1274 977 1313 uideor.
1038 1273 1107 1311 sed
1137 1285 1233 1310 uxor
1262 1283 1326 1308 me
1354 1282 1484 1308 excru-

1150 1337 1237 1383 ciat,
1260 1335 1353 1386 quia
1372 1334 1481 1372 uiuit.

152 1409 301 1448 tristem
330 1416 456 1447 astare
485 1406 645 1458 aspicio.
705 1406 851 1445 blande
881 1406 978 1443 haec
1008 1402 1105 1441 mihi
1135 1403 1237 1440 mala
1266 1414 1325 1439 res
1354 1400 1485 1450 appel—

1221 1486 1224 1489 ·
1275 1465 1393 1503 landa
1413 1471 1481 1502 est.

207 1552 303 1578 uxor
341 1550 429 1576 mea
464 1550 631 1587 meaque
665 1534 895 1582 amoenitas,
933 1533 1029 1584 quid
1063 1540 1105 1571 tu
1139 1531 1251 1582 agis?
1301 1521 1383 1569 CL.
1419 1528 1484 1567 abi

995 1606 1114 1648 atque
1133 1596 1288 1647 apstine
1308 1608 1480 1633 manum.

68 1682 137 1718 230
209 1671 279 1708 Lv.
302 1669 401 1716 heia,
418 1682 506 1707 mea
520 1670 635 1715 Iuno,
651 1681 732 1706 non
746 1667 861 1705 decet
877 1678 962 1704 esse
978 1672 1017 1702 te
1032 1671 1112 1702 tam
1129 1662 1278 1701 tristem
1295 1669 1364 1699 tuo
1381 1660 1480 1699 Ioui.

208 1749 288 1786 quo
318 1748 423 1773 nunc
457 1734 573 1773 abis?
631 1734 702 1772 CL.
735 1732 846 1770 mitte
876 1744 950 1769 me.
1011 1730 1080 1767 Lv.
1113 1741 1239 1766 mane.
1300 1727 1370 1766 CL.
1402 1739 1483 1764 non

719 1810 872 1835 maneo.
933 1797 1003 1833 Lv.
1034 1802 1073 1832 at
1094 1794 1160 1844 pol
1180 1805 1253 1843 ego
1273 1799 1311 1830 te
1331 1804 1482 1841 sequar.

263 1868 335 1906 CL.
366 1878 542 1916 opsecro,
565 1877 691 1902 sanun
712 1865 786 1901 es?
842 1864 914 1900 Lv.
946 1873 1077 1899 sanus.
1116 1872 1235 1908 quarn
1256 1859 1322 1896 ted
1342 1860 1457 1895 arno!

264 1932 335 1971 CL.
359 1932 452 1969 nolo
467 1942 586 1968 ames.
647 1930 717 1966 Lv.
740 1941 821 1966 non
837 1934 950 1977 potes
966 1925 1184 1975 impetrare.
1245 1923 1316 1962 CL.
1339 1921 1481 1960 enicas.

264 1998 334 2034 Lv.
366 2009 458 2034 uera
478 1994 586 2033 dicas
607 1993 737 2032 uelim.
798 1993 869 2031 CL.
901 1991 1020 2029 credo
1041 2003 1114 2039 ego
1135 1989 1235 2026 istuc
1255 1987 1337 2026 tibi.

201 2109 266 2131 220
288 2109 356 2130 non
372 2098 449 2130 add.
469 2098 544 2131 Ital.
572 2097 635 2137 (iii.
664 2097 696 2138 1)
828 2105 888 2125 221
915 2104 1059 2133 namque
1085 2092 1296 2123 Camerarius
1382 2091 1483 2122 inerit

158 2143 231 2175 Ital.
301 2153 409 2174 escam
421 2142 642 2182 add-Seyffert
652 2141 730 2179 (iii.1
740 2140 772 2179 Ι)
840 2140 896 2170 vix
910 2137 1056 2178 quoiiuis
1067 2136 1267 2176 placiturum
1281 2145 1328 2166 cr.
1418 2144 1482 2173 225

157 2198 257 2227 quom
269 2186 361 2218 Reiz:
379 2196 478 2226 quam
489 2185 555 2218 cod.
624 2185 673 2215 vel
683 2194 780 2223 mage
848 2182 941 2213 niteo
955 2180 1166 2212 Gulielmius:
1183 2179 1284 2210 inicio
1297 2178 1392 2220 (-tio)
1401 2178 1482 2209 cod.:

157 2236 252 2261 tanto
269 2230 405 2270 Seyffert
469 2228 684 2260 munditianti
695 2228 761 2258 deo
777 2225 842 2257 cod.
931 2234 995 2264 225
1011 2224 1061 2255 vel
1074 2234 1170 2263 mage
1237 2225 1302 2254 226
1325 2223 1411 2253 miro
1429 2221 1482 2261 pol

157 2275 218 2305 has
234 2273 298 2305 cod.
362 2283 400 2304 es
415 2272 480 2304 cod.
560 2283 622 2312 227
641 2271 771 2311 placeat
783 2275 816 2300 et
828 2268 894 2301 cod.
978 2268 1042 2299 228
1061 2267 1146 2298 mala
1159 2276 1248 2298 mers
1258 2265 1344 2296 Brix
1419 2275 1483 2303 229

157 2328 292 2349 manum
309 2317 363 2348 abi
379 2321 480 2356 atque
496 2316 631 2347 abstine
647 2314 793 2355 Seyffirt,
815 2323 896 2343 nam
914 2312 1046 2352 apstine
1062 2310 1174 2351 dactyl.
1192 2310 1252 2340 hoc
1264 2310 1330 2340 loco
1344 2309 1484 2349 displicet

159 2372 217 2401 231
244 2362 295 2392 vel
308 2359 392 2391 mitt'
466 2370 528 2398 232
553 2368 653 2399 quom
666 2357 865 2397 Botlze,sort.
877 2359 951 2386 recte
963 2355 1015 2396 (cfi
1032 2356 1109 2393 225)
1186 2363 1250 2392 233
1274 2362 1403 2391 enegas
1415 2350 1479 2382 cod.

1505 1023 1543 1045 10

1505 1676 1541 1708 15
