1814 2723
208 62 255 99 V.
277 61 322 98 iii
694 59 740 95 T.
773 55 954 95 MACCI
986 54 1189 93 PLAVTI

214 204 258 240 iii
370 205 771 240 PHILOCRATES
883 200 1069 236 HEGIO
1180 198 1512 235 STALAGMVS

278 304 449 339 PHILOC.
483 300 624 349 Hegio,
648 300 799 337 adsum.
859 297 891 335 si
911 296 1008 346 quid
1029 309 1092 334 me
1115 295 1184 342 uis,
1207 294 1366 343 impera.
1426 294 1507 330 HE.
1539 291 1603 329 hic

1287 366 1449 409 gnatum
1470 370 1602 395 meum

278 440 346 471 tuo
367 431 464 482 patri
485 430 537 468 ait
558 443 599 468 se
619 428 847 467 uendidisse
867 441 933 465 sex
954 426 1070 464 minis
1090 426 1130 463 in
1152 425 1278 463 Alide.

279 501 449 536 PH1LOC.
482 509 600 546 quam
631 495 698 533 diu
728 493 768 532 id
799 495 945 531 factum
976 494 1061 530 est?
1119 492 1181 529 ST.
1214 490 1278 528 hic
1308 502 1433 527 annus
1468 486 1603 536 incipit
1622 491 1692 534 980

1339 554 1600 593 uicensumus,

278 631 448 667 PHILOC.
481 629 577 665 falsa
614 633 816 664 memorat.
881 626 944 662 ST.
976 630 1043 661 aut
1076 635 1148 672 ego
1186 629 1252 659 aut
1290 628 1342 658 tu.
1402 633 1494 657 nam
1533 617 1604 655 tibi

1310 684 1603 735 quadrimulum

240 774 256 805 5
277 762 356 798 tuo'
377 767 484 809 pater
504 757 741 807 peculiarem
762 756 969 806 paruolum
989 766 1111 803 puero
1132 751 1251 791 dedit.

278 827 448 862 PHILOC.
481 822 577 872 quid
609 829 688 860 erat
720 821 755 859 ei
789 822 966 858 nomen?
1004 819 1034 857 si
1066 831 1158 856 uera
1188 816 1297 863 dicis,
1331 815 1604 854 memoradum

1495 878 1600 916 mihi.

278 956 340 992 ST.
374 953 588 1003 Paegnium
611 952 833 998 uocitatust‚
857 958 946 1000 post
967 962 1038 987 uos
1059 947 1256 986 indidistis
1276 947 1472 996 Tyndaro.

279 1021 449 1056 PfflLoc.
482 1032 554 1067 qur
581 1031 653 1067 ego
674 1025 712 1055 te
739 1029 820 1054 non
841 1015 965 1053 noui?
1022 1015 1083 1052 ST.
1117 1012 1208 1062 quia
1229 1025 1314 1049 mos
1339 1017 1397 1048 est
1423 1008 1604 1048 obliuisci
1622 1010 1687 1054 985

1378 1074 1605 1113 hominibus

278 1163 408 1199 neque
428 1148 587 1186 nouisse
607 1147 763 1197 quoiius
784 1145 895 1184 nihili
916 1144 964 1182 sit
985 1144 1170 1182 faciunda
1189 1142 1319 1192 gratia.

222 1231 259 1252 10
279 1217 449 1253 PfflLoc.
500 1214 564 1252 dic
604 1213 710 1261 mihi,
751 1213 835 1250 isne
874 1211 960 1249 istic
994 1209 1076 1257 fuit,
1113 1222 1230 1258 quem
1270 1205 1484 1245 uendidisti
1516 1218 1605 1243 meo

1493 1271 1602 1321 patri,

277 1345 345 1395 qui
366 1344 461 1382 mihi
483 1343 688 1394 peculiaris
708 1344 823 1382 datus
844 1343 931 1380 est?
988 1342 1050 1379 ST.
1083 1339 1212 1377 huiius
1233 1338 1344 1376 filius.

278 1413 359 1448 HE.
396 1409 547 1448 uiuitne
585 1408 617 1446 is
652 1409 802 1446 homo?
870 1408 932 1445 ST.
969 1412 1173 1455 argentum
1204 1402 1350 1452 accepi,
1384 1402 1438 1439 nil
1470 1400 1604 1439 curaui

1416 1474 1600 1505 ceterum.

278 1543 358 1579 HE.
391 1540 487 1591 quid
508 1548 549 1578 tu
578 1539 664 1578 ais?
720 1540 892 1576 PHILOC.
925 1536 1020 1586 quin
1041 1535 1126 1573 istic
1147 1535 1271 1584 ipsust
1291 1533 1499 1582 Tyndarus
1523 1532 1607 1569 tuo''
1622 1540 1691 1575 990

597 1601 604 1606 ”
1487 1596 1600 1643 filius,

276 1679 318 1710 ut
339 1672 500 1721 quidem
521 1670 585 1709 hic
604 1677 833 1720 argumenta
853 1667 1034 1718 loquitur.
1094 1679 1185 1704 nam
1206 1665 1238 1703 is
1262 1676 1418 1702 mecum
1438 1676 1461 1701 a
1480 1674 1603 1712 puero

1506 1740 1603 1777 puer

219 1818 255 1850 15
276 1803 378 1840 bene
397 1801 620 1852 pudiceque
641 1802 848 1839 educatust
868 1811 993 1848 usque
1012 1798 1063 1836 ad
1083 1795 1402 1835 adulescentiam.

276 1869 357 1905 HE.
390 1874 427 1905 et
448 1866 564 1904 miser
585 1879 671 1904 sum
693 1872 731 1903 et
751 1867 982 1910 fortunatus,
1006 1862 1037 1900 si
1057 1860 1164 1914 (uos)
1185 1874 1278 1899 uera
1297 1859 1426 1898 dicitis
1441 1873 1451 1907 3

275 1946 323 1971 eo
344 1931 460 1970 miser
480 1945 566 1969 sum
588 1931 680 1981 quia
700 1931 802 1968 male
822 1929 876 1967 illi
897 1928 982 1975 feci,
1006 1927 1037 1966 si
1057 1934 1197 1977 gnatus
1219 1933 1356 1964 meust.

276 1999 387 2044 eheu,
407 1997 529 2046 quc'Jm
546 2009 618 2046 ego
638 1997 725 2046 plus
742 1995 952 2044 minusque
973 1992 1047 2031 feci
1068 2005 1187 2042 quam
1207 1989 1307 2043 (me)
1325 2002 1496 2039 aequom
1517 1987 1598 2026 fuit.
1620 1992 1686 2030 995

278 2063 387 2113 quod
408 2064 509 2100 male
530 2061 603 2099 feci
623 2060 798 2108 crucior3
827 2061 949 2098 modo
971 2059 1001 2097 si
1022 2059 1210 2096 infectum
1232 2055 1313 2094 fieri
1334 2054 1504 2105 possiet!

221 2148 260 2169 20
280 2130 350 2167 sed
370 2140 508 2166 eccum
529 2126 675 2165 incedit
696 2127 774 2164 huc
795 2133 955 2164 ornatus
975 2125 1082 2162 haud
1103 2136 1149 2161 ex
1169 2121 1247 2159 suis
1268 2120 1488 2159 uirtutibus.

321 2233 385 2272 982
410 2231 550 2270 paruulo
570 2230 778 2261 Lindemann
797 2231 854 2259 ‘ex
870 2228 948 2259 cod.’
1059 2228 1123 2266 986
1148 2225 1242 2256 nihili
1260 2223 1410 2255 Merula:
1435 2223 1518 2253 nihil
1534 2221 1598 2253 cod.

278 2287 342 2316 993
366 2285 426 2305 uos
450 2274 524 2305 add.
555 2274 768 2304 Camerarius
907 2281 971 2311 995
985 2271 1148 2310 ,minusue
1176 2268 1358 2299 Gronovius
1446 2277 1500 2297 me
1523 2265 1599 2296 add.

277 2319 407 2358 Bentley
537 2329 599 2357 997
624 2318 713 2348 haud
727 2328 770 2347 ex
789 2316 938 2346 Muretus
953 2327 960 2346 :
984 2315 1093 2345 audax
1110 2311 1174 2343 cod.
