1742 2718
770 72 1094 113 BACCHIDES
1546 78 1600 116 11.
1621 75 1665 113 211

181 196 250 232 290
269 196 398 235 neque
418 197 511 223 aues
533 197 662 234 neque
683 184 791 223 uenti
813 184 936 223 citius.
997 185 1186 236 quoniam
1207 187 1334 226 sentio

267 263 369 300 quae
390 263 449 288 res
469 257 675 300 gereretur,
699 263 842 289 nauem
864 253 1061 301 extemplo
1082 252 1299 291 statuimus.

267 314 456 364 quoniam
477 314 614 353 uident
635 327 707 352 nos
728 322 838 362 stare,
862 324 1100 366 occeperunt
1121 325 1242 356 ratem

267 381 419 418 tardare
440 379 479 417 in
502 388 626 430 portu.
687 381 724 418 N
730 392 752 418 1.
786 380 927 431 edepol
949 382 1122 420 mortalis
1144 385 1267 422 malos
1286 386 1291 421 l

267 444 363 494 quid
384 444 555 494 denique
576 444 718 494 agitis?
774 446 852 485 CH.
884 459 1018 484 rusum
1040 447 1079 484 in
1100 456 1256 497 portum
1279 447 1498 499 recipimus.
1616 451 1659 483 60

181 519 245 556 295
268 510 333 547 N1.
366 509 562 559 sapienter
582 511 729 548 factum
750 523 773 548 a
792 510 917 549 uobis.
977 511 1073 561 quid
1094 512 1148 550 illi
1169 515 1338 563 postea?

267 576 344 614 CH.
377 575 645 614 reuorsionem
666 578 717 615 ad
739 584 879 615 terram
900 577 1048 616 faciunt
1072 579 1236 628 uesperi.

267 641 332 678 Νι.
364 654 502 678 aurum
524 642 654 680 hercle
674 643 823 680 auferre
843 644 1027 681 uoluere:
1058 643 1093 681 ei
1114 644 1167 681 rei
1188 656 1347 694 operam
1368 644 1526 684 dabant.

267 704 343 743 CH.
376 717 457 742 non
478 719 541 744 me
562 706 705 753 fefellit,
730 707 843 753 sensi,
862 720 910 745 eo
931 707 1173 746 exanimatus
1194 708 1258 746 fui.

266 770 455 819 quoniam
476 771 658 814 uidemus
678 785 773 810 auro
794 772 955 811 insidias
976 774 1068 820 fieri,
1615 783 1655 822 65

179 845 247 880 300
265 835 442 885 capimus
464 836 672 875 consilium
693 837 883 876 continuo
900 853 910 886 3
939 839 1127 889 postridie

265 902 477 940 auferimus
497 916 635 941 aurum
657 917 775 942 omne
794 903 927 956 (illim)
946 905 1020 943 illis
1041 906 1326 955 praesentibus,

264 968 393 1017 palam
413 976 532 1018 atque
552 976 695 1018 aperte,
719 977 760 1007 ut
781 969 835 1007 illi
856 969 895 1008 id
917 972 1063 1009 factum
1085 971 1305 1010 sciscerent.

265 1034 330 1071 N1.
364 1033 459 1072 scite
480 1024 621 1072 hercle.
681 1036 781 1073 cedo
802 1035 898 1085 quid
919 1035 1006 1074 illi?
1062 1037 1139 1076 CH.
1172 1037 1298 1075 tristes
1319 1037 1420 1084 ilico,

264 1111 386 1147 quom
407 1101 604 1149 extemplo
623 1113 646 1138 a
665 1107 780 1149 portu
803 1100 857 1139 ire
877 1115 949 1139 nos
970 1115 1061 1139 curn
1081 1115 1176 1140 auro
1196 1102 1345 1150 uident,
1616 1119 1655 1153 70

178 1175 242 1211 305
265 1164 492 1203 subducunt
513 1165 689 1203 lembum
710 1165 904 1216 capitibus
925 1167 1213 1216 quassantibus.

264 1242 336 1268 nos
356 1231 462 1279 apud
483 1230 740 1269 Theotimum
761 1244 879 1270 omne
899 1245 1037 1270 aurum
1059 1233 1340 1283 deposiuimus,

263 1295 331 1345 qui
351 1295 430 1334 illic
450 1297 633 1334 sacerdos
654 1304 711 1334 est
734 1296 877 1335 Dianai
900 1297 1106 1347 Ephesiae.

263 1362 301 1399 N
306 1373 329 1399 1.
362 1361 449 1411 quis
470 1361 556 1400 istic
576 1362 861 1401 Theotimust?
917 1364 994 1403 CH.
1028 1365 1272 1414 Megalobuli
1294 1365 1406 1412 filius,

262 1426 330 1476 qui
350 1440 456 1465 nunc
476 1427 516 1465 in
538 1429 736 1478 Ephesost
756 1428 938 1478 Ephesiis
958 1429 1204 1468 carissumus.
1612 1444 1652 1479 75

175 1505 244 1540 310
263 1492 329 1530 N1.
361 1506 412 1531 ne
432 1492 496 1531 ille
516 1493 647 1532 hercle
667 1493 763 1531 mihi
784 1494 832 1532 sit
853 1496 977 1533 multo
997 1502 1107 1534 tanto
1128 1495 1261 1543 carior,
1303 1524 1311 1528 .

261 1556 293 1594 si
314 1570 377 1595 me
397 1557 488 1596 illoc
508 1571 604 1596 auro
624 1566 734 1597 tanto
755 1558 1068 1598 circumduxerit.

262 1622 339 1661 CH.
372 1623 467 1673 quin
488 1623 528 1661 in
550 1637 667 1674 eapse
686 1625 785 1662 aede
807 1624 950 1663 Dianai
969 1625 1213 1664 conditumst
1229 1641 1238 1673 3

260 1686 408 1727 ibidem
430 1688 643 1738 publicitus
665 1697 832 1728 seruant.
893 1692 958 1729 N1.
991 1691 1182 1730 occidisti'
1203 1705 1266 1730 me
1280 1707 1291 1740 3

259 1751 383 1791 nimio
402 1753 467 1792 hic
486 1753 669 1804 priuatim
690 1763 907 1794 seruaretur
926 1756 1078 1795 rectius.
1610 1766 1652 1796 80

174 1829 239 1866 315
260 1817 330 1855 sed
350 1817 457 1856 nilne
476 1816 590 1870 (huc)
608 1819 791 1858 attulistis
812 1819 905 1859 inde
925 1821 1008 1859 auri
1029 1822 1224 1860 domum?

261 1881 337 1920 CH.
370 1882 492 1921 immo
513 1883 641 1922 etiarn.
700 1898 839 1924 uerum
868 1894 1061 1936 quantum
1090 1887 1261 1926 attulerit
1281 1888 1424 1926 nescio.

259 1947 325 1985 N1.
357 1947 453 1998 quid
469 1949 486 1986 ?
505 1949 632 1987 nescis
649 1951 665 1988 ?
721 1951 799 1990 CH.
833 1951 925 2001 quia
939 1952 1212 1992 Mnesilochus
1229 1962 1349 1993 noctu
1366 1955 1587 1993 clanculum

258 2012 419 2051 deuenit
438 2015 489 2052 ad
510 2015 783 2064 Theotimum,
801 2029 876 2055 nec
897 2017 993 2055 mihi
1014 2019 1172 2057 credere

302 2126 366 2155 293
390 2119 525 2149 tardare
541 2118 662 2160 Haupt
677 2131 684 2150 :
708 2120 845 2151 turbare
863 2121 927 2152 cod.
1073 2133 1137 2162 299
1161 2123 1305 2155 uidimus
1321 2124 1386 2156 cod.
1522 2135 1584 2165 301

259 2158 340 2190 illim
364 2160 440 2193 add.
466 2161 592 2202 Ritschl
721 2174 786 2203 304
809 2165 966 2203 quoniam
986 2165 1014 2196 C
1098 2165 1190 2208 (illi)
1211 2168 1262 2198 ire
1289 2167 1428 2199 Mueller
1452 2169 1584 2207 (Rhein.

259 2202 348 2234 Mus.
381 2213 431 2244 54,
467 2206 571 2244 38⁴0:
603 2207 696 2237 abire
724 2207 846 2238 Pradel
877 2208 916 2239 de
943 2214 1055 2250 praep.
1090 2219 1122 2249 p.
1150 2220 1226 2249 552,
1258 2222 1340 2242 nam
1369 2223 1470 2252 quom
1491 2213 1496 2256 Ι
1517 2218 1585 2245 ext.

257 2245 398 2286 displicet
419 2259 474 2279 nec
493 2250 608 2280 minus
629 2251 826 2291 extempulo
961 2262 1027 2291 305
1051 2263 1140 2284 caSS.
1158 2253 1283 2285 Ritschl
1421 2258 1486 2295 308
1509 2257 1584 2295 quis

255 2288 390 2320 Brunck
404 2302 411 2322 :
435 2293 491 2331 qui
503 2293 568 2324 cod.
585 2294 636 2333 (tf.
650 2300 728 2333 309)
841 2305 904 2334 311
930 2297 981 2326 vel
994 2297 1070 2327 med
1089 2297 1146 2327 illo
1160 2299 1207 2335 (-o
1223 2298 1310 2339 cod.)
1421 2310 1485 2338 312
1510 2300 1582 2340 ipsa

255 2332 319 2364 cod.
425 2345 489 2374 315
513 2337 577 2367 huc
588 2337 663 2368 add.
677 2337 856 2369 Hermann
874 2351 881 2370 :
906 2339 950 2370 mi
969 2339 1046 2371 add.
1067 2339 1190 2371 Pradel
1203 2341 1242 2372 de
1249 2347 1359 2383 praep.
1380 2353 1411 2382 p.
1431 2353 1495 2382 553
