1742 2718
712 63 1035 103 BACCHIDES
1460 63 1536 101 ΙΙΙ.
1556 63 1588 102 11

209 175 319 214 illum
339 174 557 213 laudabunt
577 174 685 222 boni,
708 175 814 212 hunc
835 173 952 212 etiam
974 173 1047 224 ipsi
1069 173 1285 223 culpabunt
1306 173 1407 211 mali.

209 253 287 290 qua
303 253 366 278 me
380 253 517 278 caussa
533 238 744 289 magi'cum
762 252 855 277 cura
867 252 952 277 esse
967 237 1412 288 aequom,obuigilatost
1427 251 1535 288 opus.

209 318 326 352 nunc,
360 304 619 351 Mnesiloche,
650 304 851 355 specimen
883 303 1064 354 specitur,
1097 316 1204 342 nunc
1233 311 1431 342 certamen
1462 316 1539 340 cer-
1561 316 1596 346 15

1437 367 1540 406 nitur

119 451 189 484 400
208 434 311 474 sisne
332 447 458 473 necne
478 441 520 473 ut
541 447 625 473 esse
646 442 810 484 oportet,
834 435 962 481 malu',
985 435 1114 472 bonus
1135 432 1291 483 quoiuis
1312 432 1433 480 modi,

207 500 330 538 iustus
352 499 529 546 iniustus,
554 499 746 549 malignus
767 501 908 548 largus,
928 499 1312 537 comincommodus.

207 578 303 604 caue
324 564 375 603 sis
396 572 433 602 te
454 577 635 614 superare
656 577 812 602 seruom
834 563 916 601 siris
938 563 1124 602 faciundo
1145 564 1258 602 bene.

206 637 292 668 utut
313 629 397 676 eris,
421 642 576 676 moneo,
599 630 677 667 hau
698 628 854 667 celabis.
915 629 984 666 sed
1006 642 1120 667 eccos
1140 629 1260 668 uideo
1281 628 1463 668 incedere

206 703 356 746 patrem
386 694 530 733 sodalis
561 701 599 732 et
629 693 866 744 magistrum.
927 693 1021 732 hinc
1048 695 1281 733 auscultabo
1310 708 1430 744 quarn
1457 708 1539 732 rem
1561 710 1599 732 20

1410 767 1537 810 agant.

276 931 457 968 LYDvs
569 930 939 967 PH1LOXEst
1055 931 1470 967 MNES1Lochs
1557 928 1600 964 iii

119 1027 185 1063 405
207 1019 278 1056 LY.
311 1019 430 1056 Nunc
450 1012 624 1067 experiar
644 1017 744 1055 sitne
765 1025 877 1055 aceto
898 1017 969 1055 tibi
990 1031 1057 1055 cor
1076 1031 1164 1056 acre
1184 1017 1224 1055 in
1246 1025 1414 1067 pectore.

207 1096 380 1133 sequere.
447 1084 521 1121 ΡΗ.
554 1095 635 1132 quo
665 1083 834 1132 sequar?
863 1095 942 1132 quo
963 1082 1074 1121 ducis
1095 1096 1202 1120 nunc
1223 1085 1318 1121 me?
1386 1084 1456 1119 Lv.
1487 1083 1538 1120 ad

1180 1147 1285 1186 illam
1307 1160 1407 1197 quae
1429 1155 1538 1186 tuom

207 1213 388 1265 perdidit,
411 1226 569 1264 pessum
591 1212 701 1251 dedit
722 1212 792 1251 tibi
813 1212 936 1250 filium
957 1213 1074 1252 unice
1094 1212 1266 1251 unicum.

210 1281 283 1318 PH.
315 1279 415 1327 heia,
439 1280 561 1329 Lyde,
584 1278 723 1316 leniter
743 1277 811 1328 qui
832 1278 1011 1316 saeuiunt
1033 1278 1189 1328 sapiunt
1210 1277 1342 1328 magis.

208 1345 329 1383 minu'
350 1345 611 1384 mirandumst
633 1344 745 1382 illaec
766 1351 872 1382 aetas
894 1343 925 1381 si
946 1343 1041 1393 quid
1062 1343 1216 1381 illorum
1238 1342 1330 1381 facit
1559 1354 1576 1385 5

118 1425 188 1458 410
208 1423 326 1460 quam
347 1410 379 1448 si
399 1424 481 1449 non
501 1409 626 1448 faciat.
687 1409 763 1448 feci
784 1422 856 1459 ego
877 1408 997 1447 istaec
1017 1407 1153 1447 itidem
1176 1407 1215 1445 in
1235 1407 1512 1446 adulescentia.

208 1476 278 1513 Lv.
310 1474 346 1513 ei
367 1475 476 1523 mihi,
497 1475 532 1513 ei
553 1474 662 1522 mihi,
686 1474 806 1512 istaec
828 1473 936 1511 illum
958 1472 1129 1523 perdidit
1148 1471 1381 1524 adsentatio.

206 1553 298 1578 nam
317 1553 468 1591 apsque
488 1539 526 1578 te
547 1547 659 1586 esset,
680 1552 754 1589 ego
770 1538 880 1576 illum
898 1538 1083 1576 haberem
1101 1544 1250 1575 rectum
1267 1537 1317 1574 ad
1334 1535 1535 1585 ingenium

1359 1601 1510 1639 bonum
1527 1616 1534 1639 :

205 1684 311 1710 nunc
332 1679 489 1722 propter
509 1679 547 1710 te
567 1679 756 1721 tuamque
776 1683 918 1721 prauos
940 1670 1064 1707 factus
1085 1676 1143 1706 est
1164 1666 1350 1706 fiduciam

206 1735 452 1775 Pistoclerus.
527 1738 614 1774 MN.
657 1735 699 1774 di
733 1735 976 1782 inmortales,
1005 1747 1137 1771 meum
1168 1734 1344 1772 sodalem
1375 1731 1438 1770 hic
1468 1745 1534 1769 no·
1556 1744 1595 1766 10

1398 1804 1532 1834 minat.

119 1880 184 1916 415
206 1866 301 1916 quid
321 1868 398 1906 hoc
419 1867 551 1917 negoti
567 1874 625 1906 est
647 1866 905 1906 Pistoclerum
928 1868 1062 1917 Lydus
1079 1865 1188 1915 quod
1205 1877 1313 1902 erum
1334 1870 1414 1901 tam
1431 1862 1536 1900 ciet?

207 1932 281 1970 PH.
313 1933 536 1983 paullisper,
552 1934 673 1983 Lyde,
693 1941 751 1971 est
770 1932 909 1972 lubido
925 1932 1077 1971 homini
1100 1944 1172 1969 suo
1192 1929 1325 1968 animo
1347 1927 1511 1978 opsequi
1526 1942 1536 1975 ,-

206 1995 283 2034 iarn
296 1997 420 2035 aderit
435 2005 590 2048 tempus
604 2010 726 2048 quom
740 2011 825 2036 sese
839 1997 957 2036 etiam
972 1997 1055 2047 ipse
1070 1995 1207 2035 oderit.
1241 2006 1390 2032 morem
1407 2005 1516 2043 geras
1524 2007 1535 2039 3

249 2109 311 2140 397
326 2102 406 2140 sort.
436 2102 516 2132 boni
542 2102 727 2132 laudabunt
815 2102 904 2132 hunc
930 2101 1036 2133 Ald.:
1073 2102 1136 2132 hoc
1162 2099 1227 2131 cod.
1372 2098 1436 2137 398
1460 2106 1534 2127 cum

206 2142 280 2174 Ital.
299 2156 306 2175 :
331 2155 406 2175 eum
423 2145 487 2176 cod.
576 2155 716 2184 aequom
735 2144 839 2175 Bothe
855 2157 862 2176 :
887 2155 928 2175 ea
944 2156 1019 2175 cum
1037 2145 1102 2175 cod.
1224 2153 1289 2182 399
1313 2153 1382 2173 nun
1401 2151 1449 2172 ce.
1466 2140 1531 2171 cod.

205 2197 271 2226 400
294 2189 427 2227 quoiuis
442 2188 570 2219 Luchs:
596 2199 661 2228 qua
678 2189 772 2220 cuius
788 2188 855 2220 cod.
960 2199 1022 2228 401
1049 2188 1155 2219 comis
1172 2187 1400 2218 incommodus
1417 2185 1537 2224 Bugge

205 2240 269 2270 402
294 2241 405 2262 serum
422 2232 486 2263 cod.
508 2232 583 2273 (ι’-ε.
608 2233 716 2269 mum)
865 2242 929 2271 404
954 2232 1093 2271 displicet
1117 2235 1257 2271 patrem.
1306 2228 1536 2260 Aniambz'cus

203 2283 314 2304 versus
329 2275 397 2306 est?
537 2285 600 2315 405
625 2277 786 2316 experior
812 2276 845 2306 B
932 2280 1028 2306 aceto
1058 2275 1268 2306 Lambfnus:
1303 2277 1433 2304 acetum
1465 2270 1529 2301 cod.

204 2317 239 2357 (i.
262 2319 297 2357 3)
387 2329 450 2358 407
475 2319 574 2350 unice
590 2319 715 2350 Bothe:
739 2319 796 2350 uni
813 2318 877 2350 cod.
969 2318 1122 2358 417sort.
1141 2329 1171 2358 q.
1187 2328 1217 2350 e.
1234 2317 1327 2357 ipsus
1343 2326 1433 2355 sese,
1451 2325 1532 2346 nam

201 2365 231 2391 et
235 2362 355 2400 forma
372 2361 444 2401 ipse
461 2366 489 2393 et
504 2363 662 2394 collocatio
672 2368 771 2404 pron.
793 2362 934 2402 reflexivi
947 2362 1112 2404 displicent
