1814 2723
200 60 247 97 V.
269 58 297 95 ii
505 59 551 96 T.
585 58 765 97 MACCI
797 57 1000 94 PLAVTI
1032 57 1355 96 BACCHIDES

269 184 408 222 neque,
432 170 464 209 si
493 172 569 210 hoc
600 170 720 209 hodie
750 169 928 216 amiseri⁷‚
958 176 1047 220 post
1073 168 1112 207 in
1143 177 1268 208 morte
1296 168 1337 207 id
1362 175 1595 207 euenturum
1617 177 1703 215 1195

338 278 341 279 γ
1275 248 1360 274 esse
1379 235 1598 284 umquam?

271 304 337 343 Νι.
370 303 465 353 quid
489 305 592 353 ago?
650 304 723 340 PH.
748 301 845 351 quid
869 303 989 351 agas?
1018 301 1160 351 rogitas
1187 301 1335 340 etiam?
1392 301 1457 338 N1.
1489 299 1598 337 lubet

941 374 979 405 et
1000 375 1144 405 metuo.
1206 369 1276 404 BA.
1310 365 1406 415 quid
1426 363 1599 402 metuis?

272 434 337 471 N1.
370 447 420 472 ne
441 433 624 471 obnoxiu'
646 432 727 471 filio
749 432 821 470 sim
843 440 880 470 et
902 446 1025 471 seruo.
1087 435 1157 470 ΒΑ.
1190 434 1268 470 mel
1283 444 1428 477 meum,
1443 429 1596 476 amabo,

1347 496 1466 533 istaec
1487 495 1597 532 fiunt.

272 571 377 601 tuost
396 579 402 602 :
433 565 539 602 unde
560 564 669 601 illurn
687 576 839 601 sumere
857 576 1005 610 censes,
1023 562 1096 600 nisi
1114 564 1222 612 quod
1238 569 1320 600 tute
1341 560 1395 598 illi
1415 559 1599 598 dederis?

211 635 249 674 85
272 630 372 666 hanc
402 629 559 667 ueniam
590 629 664 667 illis
693 628 776 667 sine
806 637 844 667 te
875 642 1042 667 exorem.
1103 630 1168 666 N1.
1202 635 1243 665 ut
1273 627 1466 665 terebrat!
1497 624 1597 662 satin

1362 692 1595 729 offirmaturn

378 759 486 808 quod
507 758 603 796 mihi
624 766 712 805 erat,
737 759 776 797 id
799 773 860 796 me
882 761 1045 797 exorat?
1620 769 1710 794 1200

273 831 338 862 tua
359 837 445 861 suni
471 837 589 874 opera
610 832 647 861 et
668 831 825 874 propter
850 823 887 861 te‘
916 823 1148 872 inprobior?
1205 824 1277 860 BA.
1309 835 1358 859 ne
1380 820 1459 861 †is†
1480 832 1598 869 quam

1269 900 1357 924 mea
1378 886 1596 923 mauellem.

272 954 371 992 satin
393 967 466 1003 ego
487 954 585 992 istuc
603 954 730 992 habeo
747 955 1013 992 offirmatum?
1057 955 1093 991 N
1100 966 1122 991 1.
1155 954 1263 1002 quod
1280 952 1401 990 semel
1422 950 1500 988 dixi
1522 951 1599 987 hau

1424 1014 1596 1053 mutabo.

382 1088 452 1123 BA.
485 1085 512 1123 it
533 1085 631 1132 dies,
652 1084 702 1122 ite
724 1084 825 1123 intro
844 1084 1082 1130 accubitum,

212 1166 253 1197 90
274 1150 340 1188 filii
362 1164 433 1188 uos
454 1157 680 1200 exspectant
703 1150 816 1188 intus.
878 1151 943 1188 Νι.
977 1163 1095 1200 quam
1117 1148 1278 1198 quidem
1299 1151 1476 1186 actutum
1496 1159 1600 1185 emo-

1443 1212 1596 1250 riamur.

272 1284 336 1320 SO.
368 1295 508 1332 uesper
537 1281 601 1319 hic
628 1289 696 1328 est,
728 1281 948 1331 sequimini.
1021 1282 1086 1319 N1.
1119 1280 1251 1319 ducite
1280 1293 1352 1318 nos
1382 1292 1462 1328 quo
1490 1278 1599 1316 lubet
1623 1290 1707 1325 1205

1000 1354 1202 1395 tamquam
1224 1345 1384 1395 quidem
1406 1343 1596 1382 addictos.

273 1414 343 1450 BA.
375 1412 506 1463 lepide
527 1411 599 1462 ipsi
620 1412 660 1450 hi
681 1420 771 1450 sunt
791 1411 905 1462 capti,
930 1411 1008 1449 suis
1029 1411 1095 1461 qui
1117 1410 1205 1449 filiis
1226 1412 1351 1449 fecere
1372 1409 1542 1448 insidias.

860 1524 1015 1561 GREX

275 1604 330 1642 Hi
351 1617 464 1643 senes
485 1604 558 1643 nisi
574 1601 737 1644 fuissent
757 1604 867 1642 nihili
884 1605 961 1642 iam
978 1604 1070 1643 ind‘e
1090 1605 1141 1643 ab
1160 1604 1439 1651 adulescentia,

273 1683 352 1707 non
372 1669 492 1708 hodie
512 1672 588 1709 hoc
608 1677 761 1708 tantum
781 1669 970 1719 flagitium
991 1671 1162 1708 facerent
1183 1670 1289 1708 canis
1309 1669 1502 1719 capitibus
1519 1684 1529 1717 3

211 1746 251 1777 95
273 1747 401 1784 neque
421 1736 522 1773 adeo
542 1736 640 1773 haec
661 1736 887 1782 faceremus,
911 1734 951 1772 ni
971 1736 1138 1773 antehac
1158 1734 1393 1773 uidissemus
1414 1734 1494 1773 fieri

273 1807 313 1837 ut
333 1801 440 1849 apud
460 1801 622 1838 lenones
644 1799 783 1838 riuales
805 1800 891 1838 filiis
912 1801 1049 1839 fierent
1069 1807 1207 1850 patres.
1622 1808 1712 1834 1210

273 1873 520 1915 spectatores,
544 1879 616 1904 uos
637 1867 766 1904 ualere
786 1863 1062 1918 uolumus‚[et]
1084 1868 1185 1904 clare
1205 1867 1453 1916 adplaudere.

309 1980 390 2009 1195
415 1971 548 2001 amissis
558 1971 661 2002 Bothe
766 1972 797 2002 id
810 1972 866 2003 del.
887 1972 1011 2011 Ussing
1110 1981 1191 2010 1197
1218 1970 1336 2011 istaec]
1357 1971 1417 2002 etsi
1435 1970 1519 2001 haec
1537 1970 1601 2000 Leo

277 2014 360 2052 1198
385 2024 505 2045 censes
522 2025 658 2046 sumere
673 2016 738 2046 cod.
759 2027 765 2046 :
791 2016 862 2046 irai.
883 2014 982 2045 W'eise
1125 2024 1204 2045 1201
1226 2025 1268 2045 ne
1285 2015 1327 2045 tis
1339 2013 1531 2045 Schnm'der:
1557 2024 1600 2044 ne

275 2057 347 2087 eius
364 2057 500 2099 Ussing:
524 2059 670 2090 Veneris
683 2059 818 2092 Elmer(
829 2059 944 2090 Trans.
959 2059 991 2088 A
998 2069 1075 2089 mer.
1090 2058 1176 2088 Pln'l.
1188 2059 1266 2089 Ass.
1281 2068 1334 2097 32,
1348 2058 1406 2091 665
1423 2070 1429 2089 ε
1455 2057 1600 2088 neminis

274 2099 341 2131 Leo
415 2112 514 2140 quam
531 2113 639 2132 meam
658 2103 781 2133 uellem
799 2102 873 2131 pcD
967 2112 1048 2141 1207
1076 2102 1178 2132 GREx
1194 2102 1333 2141 Pylades
1349 2113 1354 2131 :
1379 2103 1425 2132 ite
1442 2101 1507 2132 cod.
1528 2102 1601 2141 (pro

274 2143 387 2218 πάιὲἷεῐς
404 2145 455 2218 Ξῖ
468 2148 511 2218 mg
536 2146 574 2185 cf.
591 2146 732 2176 adPers.
748 2146 826 2186 858)
965 2155 1048 2184 1209
1067 2150 1145 2176 ante
1162 2146 1225 2176 hoc
1241 2144 1380 2185 Langen
1519 2153 1598 2174 1211

275 2193 309 2218 et
348 2199 363 2218 e
377 2212 383 2218 .
435 2199 490 2225 erg

981 2297 1004 2308 l
