1742 2718
736 55 1024 95 CVRCVLIO
1494 59 1546 96 ΙΙ.
1570 59 1614 95 iii

218 166 257 204 in
278 165 452 205 carnario
472 167 634 205 fortasse
655 164 763 203 dicis.
824 166 897 202 PH.
932 164 1055 202 immo
1075 164 1113 201 in
1135 165 1324 212 lancibus,
1565 181 1606 214 45

130 247 173 281 32
179 246 195 282 5
216 245 317 281 quae
333 231 403 269 tibi
421 238 510 269 sunt
530 237 674 281 parata,
692 237 902 280 postquam
920 229 1065 268 scimus
1086 238 1306 268 uenturum.
1358 232 1430 270 Cv.
1454 231 1545 270 uide

215 310 264 334 ne
295 310 357 335 me
387 297 508 334 ludas.
570 297 643 333 ΡΗ.
676 294 730 333 ita
759 308 821 332 me
851 294 999 333 amabit
1029 294 1147 344 quam
1180 309 1252 345 ego
1283 309 1375 334 amo
1404 304 1445 333 ut
1472 309 1546 345 ego

1264 361 1341 398 hau
1363 360 1541 400 mentior.

213 427 283 464 sed
304 426 412 476 quod
433 433 471 463 te
492 424 590 472 misi,
613 424 737 462 nihilo
758 437 845 462 sum
867 424 1016 462 certior.
1076 425 1148 464 CV.
1181 424 1278 462 nihil
1297 425 1418 463 attuli.

215 493 290 528 PH.
311 490 513 540 perdidisti
531 503 604 527 me.
655 490 726 528 CV.
751 488 927 527 inuenire
943 502 1119 538 possum,
1135 489 1166 526 si
1184 489 1236 526 mi
1253 503 1411 539 operam
1429 490 1540 529 datis.

213 564 421 606 postquam
443 563 511 594 tuo
532 555 639 593 iussu
660 556 857 605 profectus
879 568 976 601 sum,
1000 554 1162 604 perueni
1183 554 1223 591 in
1245 554 1415 602 Cariam,
1562 572 1604 602 50

123 633 192 667 330
210 620 328 659 uideo
349 628 459 658 tuom
481 621 672 666 sodalem,
691 619 840 669 argenti
861 633 955 669 rogo
976 619 1031 657 uti
1053 619 1167 657 faciat
1188 619 1353 669 copiam.

210 686 326 724 scires
347 687 448 724 uelle
468 685 630 735 gratiam
652 693 774 731 tuam,
794 684 919 723 noluit
940 685 1166 732 frustrarier,

209 758 250 788 ut
270 752 384 789 decet
405 752 506 789 uelle
528 750 730 788 hominem
752 749 925 788 amicum
945 749 1075 788 amico
1095 758 1214 800 atque
1235 750 1482 800 opitularier:

207 815 408 865 respondit
429 814 524 853 mihi
544 804 679 865 paucis
700 814 842 862 uerbis,
864 822 983 865 atque
1003 816 1104 853 adeo
1124 814 1300 861 fideliter,

207 882 315 930 quod
335 880 406 919 tibi
427 887 485 919 est
505 879 599 918 item
619 879 694 917 sibi
715 893 811 926 esse,
834 893 1017 929 magnam
1038 879 1428 930 argenti—inopiam.
1555 901 1595 933 55

119 958 184 994 335
207 946 281 983 PH.
304 944 434 995 perdis
451 958 513 983 me
530 944 605 982 tuis
621 943 747 983 dictis.
803 945 874 984 CV.
898 945 1021 983 immo
1037 958 1151 983 seruo
1165 952 1202 982 et
1216 952 1412 983 seruatum
1429 946 1532 983 uolo.

205 1017 414 1060 postquam
437 1009 532 1047 mihi
553 1017 834 1060 responsumst,
856 1010 958 1047 abeo
978 1010 1028 1047 ab
1056 1009 1122 1047 illo
1143 1017 1315 1048 maestus
1336 1011 1386 1048 ad
1407 1011 1534 1047 forum

205 1076 296 1114 med
316 1075 383 1113 illo
403 1076 542 1113 frustra
560 1074 780 1114 aduenisse.
840 1076 939 1113 forte
958 1074 1107 1124 aspicio
1128 1074 1302 1113 militem.

201 1140 408 1190 adgredior
428 1140 642 1187 hominem,
666 1141 793 1178 saluto
813 1139 1041 1178 adueniens.
1105 1141 1233 1178 ‘salue
1246 1141 1254 1157 ⁷
1274 1140 1402 1190 inquit
1424 1140 1529 1186 mihi,

202 1205 358 1255 prendit
378 1206 589 1253 dexteram,
612 1205 775 1253 seducit,
798 1213 906 1255 rogat
928 1205 1024 1255 quid
1045 1205 1202 1254 ueniam
1225 1205 1379 1245 Cariam
1395 1220 1406 1253 3
1550 1214 1594 1247 60

114 1285 183 1319 340
202 1270 293 1309 dico
313 1283 377 1309 me
397 1270 464 1309 illo
483 1270 694 1309 aduenisse
714 1269 836 1308 animi
858 1283 1005 1308 caussa.
1051 1270 1106 1308 ibi
1127 1284 1190 1308 me
1211 1270 1431 1320 interrogat,

200 1347 366 1385 ecquem
386 1335 427 1373 in
449 1335 650 1385 Epidauro
671 1337 873 1385 Lyconem
894 1335 1120 1386 tarpezitam
1141 1335 1330 1374 nouerim.

198 1400 289 1439 dico
310 1414 374 1439 me
393 1401 561 1439 nouisse.
621 1404 631 1421 ‘
645 1401 772 1451 quid?
800 1402 985 1439 lenonem
1007 1401 1289 1451 Cappadocem
1302 1403 1319 1440 ?
1332 1403 1340 1419 ²
1368 1403 1502 1440 adnuo

197 1464 384 1504 uisitasse.
447 1467 538 1504 ‘sed
559 1465 655 1516 quid
676 1479 767 1504 eum
788 1465 847 1504 uis
861 1467 877 1503 ?
891 1467 899 1483 ⁷
929 1468 939 1485 ‘
953 1465 1045 1515 quia
1065 1467 1116 1504 de
1136 1465 1203 1504 illo
1223 1466 1301 1504 emi
1321 1466 1512 1516 uirginem

196 1529 351 1580 triginta
370 1530 498 1578 minis,
521 1538 684 1579 uestem,
705 1544 844 1569 aurum
859 1546 870 1579 3
900 1539 938 1569 et
958 1544 1029 1581 pro
1050 1530 1081 1569 is
1101 1532 1241 1570 decem
1261 1524 1309 1570 eo
1329 1533 1525 1570 accedunt
1543 1543 1584 1585 65

1372 1597 1525 1635 minae.'

109 1669 173 1706 345
195 1660 362 1699 ‘dedisti
391 1667 431 1699 tu
461 1663 717 1711 argentum?²
755 1661 927 1711 inquam.
990 1662 1134 1700 ‘immo
1163 1661 1269 1711 apud
1299 1661 1523 1712 tarpezitam

1325 1726 1444 1765 situm
1465 1735 1523 1766 est

193 1790 302 1828 illum
323 1804 441 1841 quem
461 1790 542 1829 dixi
564 1793 777 1841 Lyconem,
799 1799 918 1842 atque
939 1791 975 1830 ei
995 1791 1193 1839 mandam,
1216 1791 1284 1842 qui
1303 1793 1423 1830 anulo

193 1870 283 1896 meo
303 1858 465 1896 tabellas
486 1857 709 1908 opsignatas
729 1858 932 1906 attulisset,
955 1866 997 1897 ut
1017 1860 1127 1897 daret

193 1935 352 1972 operam
372 1930 414 1961 ut
435 1923 637 1962 mulierem
653 1937 676 1962 a
695 1925 839 1963 lenone
855 1937 946 1962 cum
965 1938 1060 1963 auro
1081 1931 1120 1962 et
1140 1932 1249 1962 ueste
1268 1925 1507 1965 abduceret.'

233 2035 297 2065 325
321 2027 457 2058 sciimus
473 2026 551 2057 PED
661 2038 724 2067 327
749 2028 839 2067 quod
859 2027 1011 2059 Guz'etus:
1036 2039 1104 2068 quo
1120 2027 1186 2060 cod.
1302 2030 1367 2068 328
1391 2031 1516 2069 possim

189 2068 242 2099 PE
355 2080 417 2110 334
442 2071 530 2101 idem
547 2070 743 2101 Niemoeller
809 2071 898 2114 (ΡΗ.
915 2072 996 2111 quid
1010 2075 1019 2103 ἵ
1038 2071 1124 2114 Cv.)
1139 2082 1292 2112 magnam
1307 2073 1453 2112 Mueller,
1468 2073 1522 2105 cui

190 2112 300 2144 hiatus
313 2114 541 2154 anteinopiam
562 2113 660 2156 (παρὰ
676 2117 838 2155 προσδοκ.,
854 2120 914 2155 pro
930 2115 1078 2156 copiam)
1098 2115 1236 2156 dtis-plicet
1359 2127 1421 2156 337
1441 2122 1518 2158 post

189 2156 277 2187 hunc
299 2167 429 2188 versum
457 2158 650 2189 intercidisse
673 2159 834 2189 certiorem
861 2159 973 2189 militis
998 2158 1237 2190 denotationem
1264 2160 1360 2191 credit
1384 2160 1517 2200 Seyffirt

188 2209 252 2239 339
276 2201 456 2240 prehendit
481 2202 636 2232 dextram
660 2201 726 2233 cod.
745 2201 781 2242 (i.
795 2212 819 2232 e.
840 2201 959 2241 praeh-
973 2201 1000 2241 2)
1134 2213 1197 2242 344
1222 2214 1264 2234 eo
1285 2205 1453 2235 accedunt
1469 2206 1512 2245 (3)

191 2243 350 2274 Guietus:
373 2246 582 2275 coaccedunt
600 2244 665 2275 cod.
799 2254 862 2283 345
887 2244 1032 2275 dedistin
1054 2244 1240 2287 Fleckeisen,
1261 2247 1315 2278 cui
1336 2249 1513 2279 dedisti-tu

189 2297 254 2317 non
266 2287 372 2328 placet
458 2288 561 2319 immo
577 2286 728 2331 (inquit)
745 2286 885 2326 Pylades
