1814 2723
243 49 284 87 V.
305 49 334 86 ii
717 49 764 85 T.
799 47 979 86 MACCI
1012 48 1216 84 PLAVTI

308 174 358 198 ne
377 159 441 197 hic
462 167 500 198 te
524 160 728 210 optundat.
791 160 874 197 MA.
907 159 1024 208 fugio.
1066 159 1221 207 amabo,
1240 160 1405 198 adserua
1421 159 1559 206 istunc,
1579 158 1633 197 mi

1513 231 1634 274 pater,

230 301 288 324 100
308 303 358 328 ne
387 302 467 339 quo
496 288 589 328 hinc
617 289 742 327 abeat.
802 302 942 326 sumne
972 302 1045 338 ego
1070 289 1209 327 mulier
1236 288 1376 327 misera
1402 302 1503 339 quae
1525 289 1637 327 illaec

1435 353 1554 392 audio
1567 355 1637 391 Ρ-

312 423 426 459 ΜΕΝ.
459 422 536 458 hau
572 422 672 458 male
708 419 823 457 illanc
857 418 991 456 amoui
1003 432 1013 467 3
1047 417 1289 472 (amoueam>
1318 433 1423 457 nunc
1448 421 1553 456 hunc
1583 416 1639 455 in—

1359 482 1636 532 purissumum,

312 550 530 597 barbatum,
554 550 763 587 tremulum
786 548 984 593 Titanum,
1008 547 1075 597 qui
1097 549 1201 586 cluet
1222 548 1361 597 Cygno
1382 555 1500 596 patre.

312 615 364 653 ita
399 615 493 652 mihi
526 614 693 664 imperas
720 621 761 651 ut
793 626 866 662 ego
900 612 1016 651 huius
1047 613 1223 651 membra
1255 620 1374 662 atque
1405 625 1493 650 ossa
1521 620 1640 660 atque
1659 613 1725 656 855

1530 684 1641 714 artua

313 744 581 783 comminuam
616 744 683 781 illo
722 743 898 793 scipione
930 755 1049 792 quem
1085 742 1168 792 ipse
1199 742 1329 779 habet.
1389 743 1452 779 SE.
1485 741 1642 779 dabitur

1481 807 1639 854 malum,

234 887 292 920 105
314 889 376 914 me
397 875 559 925 quidem
580 873 611 912 si
631 872 802 923 attigeris
821 880 889 910 aut
909 872 940 910 si
961 872 1122 922 propius
1143 873 1194 910 ad
1215 885 1278 909 me
1298 870 1517 909 accesseris.

316 942 429 978 ΜΕΝ.
462 939 603 978 faciam
625 939 734 989 quod
754 937 866 976 iubes
889 952 899 985 3
928 937 1095 975 securim
1118 936 1270 986 capiam
1291 935 1504 986 ancipitem
1524 942 1643 984 atque

1383 1002 1488 1038 hunc
1507 1013 1644 1039 senem

314 1086 402 1111 osse
424 1071 491 1109 fini
512 1070 713 1110 dedolabo
735 1068 936 1108 assulatim
958 1067 1118 1106 uiscera.

315 1140 378 1177 SE.
411 1136 516 1176 enim
545 1149 641 1175 uero
670 1135 767 1173 illud
796 1134 1153 1185 praecauendumst
1187 1139 1306 1181 atque
1336 1131 1645 1170 adcurandumst
1664 1132 1734 1166 860

1524 1194 1619 1234 mihi
1636 1209 1647 1242 3

316 1282 410 1307 sane
430 1281 503 1317 ego
524 1267 634 1305 illum
655 1273 801 1312 metuo,
825 1273 867 1303 ut
889 1264 1070 1310 minatur,
1094 1277 1144 1301 ne
1165 1262 1262 1312 quid
1283 1263 1385 1300 male
1405 1261 1498 1299 faxit
1519 1259 1625 1298 mihi.

237 1350 298 1371 110
319 1337 433 1372 MEN.
467 1334 589 1371 multa
609 1332 662 1370 mi
682 1331 862 1381 imperas,
885 1331 1032 1379 Apollo
1052 1345 1058 1367 2
1089 1342 1195 1366 nunc
1216 1341 1340 1377 equos
1361 1327 1515 1365 iunctos
1535 1325 1662 1365 iubes.

319 1413 458 1449 capere
479 1412 542 1436 me
562 1396 789 1443 indomitos,
812 1394 963 1441 ferocis,
986 1402 1105 1443 atque
1128 1393 1167 1430 in
1188 1405 1344 1430 currum
1367 1391 1609 1435 inscendere,

320 1472 362 1502 ut
382 1477 456 1513 ego
476 1464 582 1501 hunc
603 1469 798 1512 proteram
821 1462 978 1498 leonem
996 1460 1185 1504 uetulum,
1203 1458 1388 1504 olentem,
1405 1457 1646 1494 edentulum.

320 1529 397 1567 iam
429 1527 532 1566 astiti
562 1527 602 1564 in
631 1539 798 1573 currum,
837 1525 915 1563 iam
948 1526 1031 1563 lora
1061 1531 1191 1570 teneo,
1228 1521 1306 1560 iam
1343 1520 1570 1559 stimulum:
1608 1519 1649 1557 in
1669 1524 1734 1568 865

1481 1592 1646 1624 manust.

320 1659 422 1709 agite
442 1658 544 1708 equi,
567 1657 725 1696 facitote
745 1656 897 1695 sonitus
917 1657 1150 1706 ungularum
1171 1659 1366 1703 appareat,

244 1741 301 1772 115
323 1738 437 1763 cursu
458 1723 574 1762 celeri
594 1722 709 1761 facite
730 1722 872 1760 inflexa
891 1721 940 1760 sit
961 1721 1108 1771 pedum
1129 1717 1348 1769 pernicitas.

324 1791 387 1828 SE.
421 1788 544 1826 mihin
583 1787 695 1837 equis
734 1786 876 1825 iunctis
916 1785 1097 1824 minare?
1194 1784 1309 1821 MEN.
1356 1781 1459 1828 ecce,
1493 1781 1651 1831 Apollo,

1519 1846 1653 1883 denuo

325 1933 387 1958 me
408 1918 519 1957 iubes
541 1919 668 1957 facere
689 1917 882 1968 impeturn
903 1916 943 1954 in
964 1929 1055 1955 eum
1076 1914 1144 1964 qui
1166 1920 1240 1951 stat
1267 1919 1386 1962 atque
1406 1910 1597 1950 occidere.

369 2024 431 2062 852
458 2032 585 2052 summe
602 2022 666 2053 cod.
690 2023 783 2060 (corr.
800 2021 865 2061 132)
956 2020 1065 2050 audeo
1083 2017 1147 2049 cod.
1170 2020 1262 2055 (corr.
1276 2015 1338 2054 ΒΞ)
1392 2017 1457 2055 853
1481 2021 1655 2045 amoueam

323 2071 402 2102 add.
417 2069 556 2100 Persson
612 2068 675 2107 854
700 2068 884 2097 Tithonum
900 2065 969 2096 edd.
1016 2062 1073 2101 qui
1093 2062 1182 2092 lucet
1201 2063 1273 2100 <pro
1289 2057 1391 2098 cluet)
1411 2067 1522 2097 cygno
1538 2056 1653 2086 Prisci-

326 2120 413 2141 cmus
429 2120 458 2148 1,
474 2111 537 2139 216
553 2120 558 2138 :
585 2118 691 2147 cycno
709 2112 909 2147 prognatum
926 2105 994 2137 cod.
1081 2105 1211 2135 Cucino
1225 2102 1351 2132 Ritschl
1458 2101 1522 2139 858
1546 2099 1654 2130 securi

327 2153 390 2184 cod.
483 2153 533 2183 vel
547 2162 664 2182 senem
682 2170 724 2174 —
744 2154 904 2193 (sermone
920 2150 1111 2189 interrupto)
1232 2147 1293 2177 861
1313 2145 1363 2176 vel
1375 2145 1474 2175 illunc
1591 2143 1655 2181 864

328 2196 477 2228 uetulum
500 2195 715 2226 Gulielmius:
741 2195 867 2225 etulum
893 2192 957 2223 cod.
1060 2191 1257 2222 edentulum
1278 2189 1381 2220 Pius:
1416 2187 1573 2218 edentius
1590 2185 1654 2216 cod.

267 2247 276 2257 Χ
328 2241 352 2282 (i
366 2245 427 2280 pro
442 2242 466 2279 l,
483 2240 504 2271 i.
519 2250 542 2270 e.
563 2240 594 2269 ul
613 2249 620 2277 3
643 2239 697 2269 vii.
716 2247 745 2276 5,
766 2248 797 2277 p.
811 2239 869 2278 97)
999 2236 1063 2274 865
1086 2235 1241 2266 stimulus
1259 2233 1324 2263 iam
1341 2231 1469 2262 Ritschl
1591 2230 1657 2259 866

326 2288 487 2324 appareat
503 2282 629 2313 Ritschl
640 2293 646 2312 z
670 2285 836 2321 apparent
847 2279 913 2312 cod.
998 2280 1076 2318 ‘867
1102 2279 1238 2309 facitote
1248 2275 1321 2306 PCD
1389 2275 1513 2305 inflexa
1522 2272 1655 2303 Dousa:

327 2329 454 2359 inflexu
471 2326 535 2358 cod.
556 2326 593 2365 (u
605 2330 668 2366 pro
684 2335 723 2363 a;
747 2325 791 2355 vi.
812 2325 843 2365 1)
949 2324 1017 2354 sint
1032 2321 1098 2354 cod.
1119 2323 1211 2362 (corr.
1231 2318 1294 2360 132)
1429 2318 1493 2348 868
1518 2326 1655 2347 manare

327 2371 392 2403 cod.
416 2372 507 2413 (corr.
525 2367 591 2409 ΒΞ)
