1742 2718
709 56 1034 97 BACCHIDES
1484 52 1529 88 V.
1551 53 1568 87 i

208 187 308 213 cano
337 173 464 224 capite
484 179 603 222 atque
627 171 716 209 alba
743 170 867 209 barba
892 168 1078 206 miserum
1100 179 1163 204 me
1184 178 1278 204 auro
1299 178 1382 202 6556
1403 176 1536 201 emun-
1560 174 1596 204 15

1417 235 1534 265 ctum.

209 302 315 353 perii,
352 304 427 340 hoc
462 314 617 340 seruom
656 313 789 338 meum
829 312 909 336 non
945 297 1060 336 nauci
1095 298 1220 334 facere
1259 308 1343 333 esse
1376 306 1514 332 ausum
1532 295 1539 330 1

1150 370 1268 411 atque
1290 373 1373 409 ego,
1397 359 1427 396 Si
1447 357 1540 396 alibi

212 435 297 483 plus
336 432 584 482 perdiderim,
621 431 751 468 minus
789 444 902 480 aegre
937 429 1105 467 habeam
1141 426 1340 475 minu’que
1372 424 1411 463 id
1446 422 1541 461 mihi

1215 493 1362 530 damno
1385 491 1539 528 ducam.

214 566 290 601 PH.
319 571 426 601 certo
456 563 519 600 hic
548 575 670 612 prope
696 575 759 599 me
787 561 883 598 mihi
904 559 1128 609 nescioquis
1158 557 1266 607 loqui
1296 556 1445 601 uisust;
1473 555 1543 592 sed

1259 635 1376 672 quem
1398 620 1546 658 uideo?

107 710 191 746 1105
213 694 477 744 hicquidemst
491 701 599 743 pater
614 691 863 731 Mnesilochi.
924 693 989 729 N1.
1020 703 1151 740 eugae,
1171 688 1321 727 socium
1335 699 1545 725 aerumnae

532 804 535 807 ¹
1144 762 1182 792 et
1203 754 1279 792 mei
1301 752 1391 790 mali
1412 752 1541 790 uideo.

215 824 439 872 Philoxene,
461 819 577 863 salue.
639 826 712 862 PH.
735 831 774 862 et
794 830 845 861 tu.
905 823 1011 860 unde
1030 821 1143 871 agis?
1200 821 1265 858 N1.
1297 819 1403 856 unde
1423 818 1545 855 homo
1567 829 1605 850 20

999 886 1116 924 miser
1134 893 1252 935 atque
1271 884 1542 922 infortunatus.

215 956 290 993 PH.
321 962 360 993 at
389 956 456 1005 pol
485 968 557 1005 ego
584 954 638 993 ibi
668 967 768 1002 sum,
789 967 874 991 esse
904 952 972 991 ubi
1000 951 1184 990 miserum
1210 949 1412 988 hominem
1433 949 1547 987 decet

1111 1024 1229 1065 atque
1250 1015 1544 1053 infortunatum.

217 1087 283 1124 N1.
316 1085 429 1135 igitur
458 1084 539 1135 pari
569 1085 737 1131 fortuna,
766 1091 894 1122 aetate
924 1090 965 1121 ut
996 1094 1140 1127 sumuS,
1171 1080 1326 1118 utimur.
1387 1081 1460 1117 PH.
1493 1078 1548 1116 sic

1015 1140 1025 1146 ¹
1283 1152 1351 1183 est.
1402 1145 1472 1182 sed
1493 1150 1545 1186 tu,

324 1214 420 1264 quid
441 1214 580 1252 tibist?
636 1215 702 1252 N1.
734 1215 800 1263 pol
822 1212 918 1250 mihi
938 1226 1016 1262 par,
1040 1212 1144 1250 idem
1166 1219 1224 1249 est
1245 1211 1352 1260 quod
1373 1208 1454 1247 tibi.

112 1297 200 1323 1110
327 1282 400 1317 PH.
433 1279 720 1329 numquidnam
741 1279 792 1316 ad
813 1277 936 1315 filium
958 1279 1055 1315 haec
1074 1276 1277 1326 aegritudo
1298 1274 1465 1312 attinet?

327 1346 392 1383 N1.
424 1346 653 1382 admodum.
715 1345 788 1381 PH.
820 1342 927 1381 idem
949 1341 1045 1380 mihi
1066 1342 1226 1380 morbus
1247 1340 1285 1378 in
1307 1346 1511 1390 pectorest.
1567 1354 1604 1386 25

379 1411 445 1447 N1.
476 1417 515 1448 at
536 1409 632 1447 mihi
653 1409 864 1458 Chrysalus
886 1415 1071 1458 optumus
1092 1408 1215 1445 homo

325 1475 495 1525 perdidit
515 1474 649 1521 filium,
673 1488 736 1512 me
756 1481 875 1523 atque
895 1486 977 1511 rem
998 1486 1158 1510 omnem
1179 1485 1318 1523 meam.

328 1542 401 1578 PH.
434 1540 530 1590 quid
546 1539 616 1578 tibi
632 1554 678 1578 ex
694 1539 774 1578 filio
791 1553 894 1586 nam,
909 1552 1085 1589 opsecro,
1100 1539 1277 1588 aegrest?
1334 1539 1399 1576 N1.
1423 1537 1521 1576 scies
1540 1552 1548 1576 ε

114 1621 199 1657 1115
328 1605 378 1652 id,
402 1605 500 1656 perit
520 1619 610 1645 cum
631 1614 699 1643 tuo
720 1621 726 1643 :
756 1606 876 1644 ambo
896 1618 1021 1654 aeque
1042 1603 1186 1642 amicas
1207 1603 1366 1641 habent.

382 1673 456 1709 PH.
488 1671 554 1721 qui
575 1671 679 1709 scis?
735 1673 801 1709 N1.
833 1670 925 1709 uidi.
986 1672 1062 1707 PH.
1092 1669 1127 1708 ei
1149 1669 1255 1716 mihi,
1278 1669 1446 1719 disperii.
1567 1682 1608 1714 30

222 1737 286 1774 Νι.
319 1736 416 1786 quid
462 1736 690 1775 dubitamus
735 1738 884 1787 pultare
932 1743 1050 1785 atque
1093 1736 1170 1773 huc
1211 1748 1376 1772 euocare
1409 1735 1548 1772 ambos

1419 1801 1520 1838 foras
1534 1801 1550 1838 ?

223 1868 295 1904 PH.
316 1868 405 1905 ‘hau
436 1881 574 1906 moror.
635 1870 701 1907 N1.
734 1869 831 1906 heus
854 1868 1029 1915 Bacchis,
1054 1868 1145 1906 iube
1175 1868 1225 1905 sis
1255 1874 1432 1905 actutum
1461 1879 1549 1916 ape-

1350 1932 1412 1970 riri
1432 1933 1544 1979 fores,

222 1996 295 2035 nisi
317 1998 498 2037 mauoltis
519 2001 620 2038 fores
641 2007 678 2038 et
699 1999 821 2049 postis
842 2000 1058 2038 comminui
1080 2000 1291 2038 securibus.

269 2111 351 2141 1104
375 2107 467 2133 certe
485 2103 622 2144 Langen
712 2104 803 2143 loqui‘
828 2104 1034 2141 inusitatum,
1063 2104 1161 2134 etiam
1186 2104 1317 2143 loquier
1467 2115 1548 2144 1105

223 2144 415 2193 hicquidem
430 2145 495 2178 cod.
600 2148 682 2177 1106
706 2147 893 2178 Philoxene
911 2148 1123 2187 suspicionem
1141 2152 1249 2178 movet
1353 2158 1387 2178 11
1398 2158 1434 2188 15
1452 2149 1549 2180 ambo

223 2188 395 2219 Acadalius
410 2200 417 2220 t
434 2190 568 2231 [atque]
586 2191 682 2221 ambo
700 2190 766 2223 cod.
786 2192 862 2231 (seq.
879 2200 987 2229 aeque
1001 2200 1009 2228 ;
1035 2190 1075 2220 iv.
1092 2192 1125 2229 3)
