1814 2723
214 48 329 87 111.1
737 46 783 83 T.
817 43 997 83 MACCI
1028 43 1232 81 PLAVTI

319 156 387 195 ibo
404 172 411 195 :
441 156 657 195 etiamnum
678 154 929 205 reliquiarum
950 167 1039 203 spes
1058 152 1234 191 animum
1255 151 1427 190 oblectat
1447 162 1591 188 meum.

319 222 390 260 sed
410 221 506 271 quid
526 234 599 271 ego
619 220 766 258 uideo?
824 219 1111 257 Menaechmus
1132 230 1223 255 cum
1244 228 1390 254 corona
1409 213 1486 253 exit
1505 215 1618 253 foras.

320 287 518 325 sublatum
539 293 597 324 est
617 283 858 330 conuiuium,
882 284 1024 333 edepol
1044 281 1163 320 uenio
1183 282 1395 320 aduorsum
1416 277 1590 328 temperi.

259 366 297 388 20
319 351 540 401 opseruabo
561 349 658 400 quid
677 356 766 398 agat
785 347 1000 386 hominem.
1058 354 1148 397 post
1168 345 1287 384 adibo
1307 352 1425 394 atque
1444 344 1645 393 adloquar.
1665 345 1731 390 465

268 464 299 501 ii

283 817 300 847 5

269 1143 306 1165 10

271 1467 309 1498 15

273 1795 313 1816 20

542 461 941 497 MENAECHMVS
985 458 1038 494 II
1152 457 1471 493 PENICVLVS

322 543 439 581 ΜΕΝ.
472 540 611 580 Potine
632 548 674 578 ut
695 539 904 590 quiescas?
934 551 1007 588 ego
1027 537 1099 576 tibi
1119 538 1221 575 hanc
1242 534 1361 573 hodie
1381 533 1505 584 probe

320 607 530 658 lepideque
550 605 826 644 concinnatam
848 605 1011 642 referam
1032 601 1208 652 temperi.

321 686 403 711 non
424 673 511 710 faxo
532 684 618 709 earn
639 684 724 708 esse
744 669 852 708 dices
869 684 875 707 :
906 668 958 706 ita
979 666 1231 717 ignorabitur.

324 739 392 775 PE.
424 737 567 787 pallam
588 737 639 774 ad
659 734 916 785 phrygionem
938 735 1010 771 fert
1031 733 1213 770 confecto
1233 728 1399 780 prandio

322 802 496 851 uinoque
517 808 671 850 expoto‚
694 799 862 850 parasito
883 800 1041 837 excluso
1062 799 1176 836 foras.

322 881 404 906 non
424 867 554 904 hercle
575 865 605 903 is
626 878 712 903 sum
734 864 801 915 qui
822 877 920 910 sum,
943 863 984 901 ni
1011 865 1015 914 Ι
1040 864 1142 900 hanc
1162 861 1343 899 iniuriam

323 945 466 982 meque
486 933 589 969 ultus
610 931 771 981 pulchre
791 931 914 968 fuero.
970 941 1137 978 opserua
1156 926 1253 977 quid
1273 926 1391 964 dabo.

325 1000 441 1037 ΜΕΝ.
473 1010 544 1047 pro
565 996 605 1035 di
625 996 851 1033 inmortales
868 997 875 1032 1
905 994 999 1044 quoi
1020 991 1171 1030 homini
1192 1003 1381 1041 umquam
1402 1001 1483 1028 uno
1502 987 1567 1027 die

326 1063 422 1102 boni
443 1061 606 1102 dedistis
627 1062 713 1112 plus
734 1060 801 1110 qui
822 1059 943 1097 minu'
964 1057 1205 1109 sperauerit?

326 1128 477 1179 prandi,
499 1126 644 1178 potaui‚
668 1133 839 1164 scortum
860 1123 1039 1171 accubui,
1062 1122 1204 1173 apstuli

326 1195 440 1240 hanc,
463 1192 618 1243 quoiius
639 1193 750 1230 heres
773 1203 989 1240 numquam
1011 1188 1081 1228 erit
1101 1196 1190 1239 post
1209 1188 1316 1226 hunc
1335 1186 1453 1226 diem.

328 1260 397 1297 PE.
429 1271 585 1308 nequeo
606 1270 706 1307 quae
727 1255 899 1306 loquitur
919 1253 1102 1293 exaudire
1122 1254 1345 1291 clanculum
1360 1266 1371 1300 3

329 1332 434 1362 satur
454 1336 560 1362 nunc
580 1322 752 1372 loquitur
772 1323 822 1359 de
843 1334 906 1359 me
927 1327 964 1359 et
985 1321 1035 1358 de
1055 1318 1154 1369 parti
1174 1319 1291 1356 mea?

331 1391 446 1428 ΜΕΝ.
478 1388 532 1427 ait
551 1389 654 1426 hanc
674 1386 830 1425 dedisse
851 1399 914 1424 me
935 1385 1009 1423 sibi
1029 1392 1147 1434 atque
1167 1396 1254 1422 earn
1275 1395 1386 1421 meae

331 1453 440 1493 uxori
461 1452 714 1503 surrupuisse.
774 1450 962 1501 quoniam
983 1449 1109 1488 sentio

331 1532 468 1566 errare,
489 1518 697 1567 extemplo,
720 1516 831 1566 quasi
852 1529 911 1554 res
933 1529 1023 1553 cum
1045 1528 1090 1553 ea
1110 1520 1212 1552 esset
1233 1512 1340 1560 mihi,

331 1584 443 1634 coepi
463 1581 682 1622 adsentari:
713 1581 851 1619 mulier
871 1580 1066 1631 quidquid
1085 1579 1243 1625 dixerat,

330 1649 436 1688 idern
457 1662 530 1698 ego
550 1648 743 1686 dicebam.
802 1645 899 1697 quid
919 1645 1050 1683 multis
1071 1643 1200 1682 uerbis
1219 1641 1399 1696 <opust>?

332 1714 483 1752 minore
503 1726 697 1763 nusquam
720 1712 821 1750 bene
842 1711 896 1749 fui
917 1709 1138 1761 dispendio.

333 1781 402 1817 PE.
433 1777 554 1817 ad³b0
573 1778 624 1816 ad
644 1779 860 1824 hominem,
882 1789 975 1814 nam
994 1776 1150 1814 turbare
1169 1773 1304 1824 gestio.

334 1846 448 1882 ΜΕΝ.
472 1856 559 1894 quis
580 1842 643 1880 hic
664 1849 721 1881 est
742 1841 809 1892 qui
827 1842 1019 1879 aduorsus
1040 1840 1068 1878 it
1089 1839 1214 1878 mihi?
1252 1841 1323 1877 PE.
1344 1837 1439 1888 quid
1454 1837 1520 1885 ais,
1539 1839 1661 1875 homo

375 1949 440 1988 462
464 1947 664 1986 reliquarum
683 1947 715 1976 A
796 1957 849 1977 me
866 1945 900 1976 P
985 1947 1114 1985 463-70
1122 1944 1307 1986 posteriores
1313 1947 1422 1982 partes
1429 1942 1499 1982 flere
1509 1942 1666 1983 leguntur

333 1992 365 2022 A
440 1992 503 2030 463
523 1990 612 2022 Men.
637 1990 728 2029 cum]
753 1990 988 2020 menechmum
1010 1988 1042 2019 P
1141 1990 1204 2028 465
1225 1990 1302 2028 post
1320 1997 1348 2017 v.
1374 1996 1481 2026 473-4
1502 1984 1536 2016 P
1554 1985 1602 2026 (ii.
1625 1986 1661 2024 6)

334 2036 399 2074 466
423 2039 460 2065 ut
476 2034 548 2066 Ital.
566 2046 573 2065 t
599 2040 680 2065 neut
697 2033 737 2073 P,
758 2034 790 2063 A
807 2045 838 2065 u.
858 2033 878 2065 l.
1004 2032 1085 2072 egol
1104 2033 1205 2064 sedeo
1222 2030 1256 2061 P
1361 2040 1422 2069 471
1443 2029 1501 2060 vix
1524 2029 1662 2059 hercule

333 2077 442 2121 (ego)
459 2079 488 2108 is
504 2077 631 2108 Ritsclzl
644 2077 692 2118 <A
714 2089 743 2108 n.
762 2077 797 2115 l.)
806 2077 887 2117 fort.
908 2080 984 2108 recte
1048 2077 1099 2108 vel
1115 2076 1179 2107 nisi
1303 2084 1366 2113 472
1389 2073 1503 2104 uultus
1520 2072 1554 2103 P
1568 2074 1660 2113 (corr.

334 2122 399 2162 B2)
481 2131 545 2161 475
564 2126 641 2162 post
655 2123 719 2160 476
735 2120 769 2151 P
784 2121 834 2161 (cf
853 2120 899 2152 ad
913 2131 940 2152 v.
957 2120 1037 2161 465)
1119 2129 1180 2160 477
1206 2117 1321 2158 heres]
1339 2117 1466 2161 referes
1481 2116 1514 2147 A
1599 2127 1663 2156 479

335 2180 402 2201 om.
419 2169 452 2199 A
475 2170 615 2209 (propter
628 2168 810 2199 homoeotel.
832 2168 880 2199 iii.
901 2168 953 2206 ΙΙ)
1044 2167 1108 2206 480
1130 2164 1227 2207 (me)
1244 2175 1339 2196 meae
1356 2165 1469 2201 Bothe,
1488 2163 1540 2195 cui
1553 2163 1663 2194 hiatus

268 2250 276 2259 N
335 2215 370 2245 in
385 2218 494 2254 pausa
521 2212 661 2251 displicet
791 2212 919 2251 483-97
938 2216 1047 2251 pauca
1072 2212 1106 2241 in
1130 2210 1230 2241 initiz's
1256 2209 1412 2249 leguntur
1430 2207 1463 2238 A
1598 2208 1662 2247 484

337 2262 438 2297 opust
453 2255 528 2288 add.
547 2255 687 2296 Pylades
703 2254 750 2296 (A
769 2265 805 2286 n.
822 2255 861 2295 l.)
1016 2255 1079 2294 487
1105 2254 1267 2284 aduersus
1290 2253 1317 2283 it
1343 2252 1511 2291 Gruterus,
1536 2251 1661 2282 Bothe:

338 2302 515 2332 aduersum
532 2300 577 2331 sit
593 2298 634 2338 P,
651 2298 684 2328 A
704 2309 737 2329 n.
753 2298 774 2330 I.
999 2297 1021 2307 ¹

1667 803 1737 839 470

1670 1000 1788 1036 473-4

1671 1066 1736 1102 475

1676 1379 1750 1423 480

1677 1711 1743 1757 485
