1814 2723
146 60 276 99 111.v
675 58 720 95 T.
754 55 935 95 MACCI
966 54 1170 92 PLAVTI

246 171 319 208 ΤΥ.
352 165 583 221 uot[a]uisti.
646 167 726 202 HE.
760 177 832 213 qur
852 177 893 202 es
913 175 1031 201 ausus
1051 161 1206 200 mentiri
1227 160 1355 199 mihi?

247 237 320 272 ΤΥ.
353 234 445 284 quia
464 246 556 271 uera
577 231 761 270 obessent
782 229 835 267 illi
857 229 951 278 quoi
971 241 1130 278 operam
1152 227 1296 266 dabam
1316 241 1323 264 :
1598 232 1664 269 705

248 314 353 339 nunc
374 301 469 338 falsa
490 304 664 348 prosunt.
726 297 805 333 HE.
839 302 877 333 at
898 294 968 332 tibi
989 294 1167 332 oberunt.
1226 293 1299 329 ΤΥ.
1331 296 1540 341 optumest.

247 374 286 404 at
306 379 415 404 erum
437 363 600 410 seruaui,
624 375 742 412 quem
764 368 961 399 seruatum
982 361 1147 410 gaudeo,

187 451 228 484 50
248 432 342 482 quoi
363 446 426 470 me
446 431 652 469 custodem
673 427 879 466 addiderat
901 428 977 465 eru'
998 426 1121 465 maior
1142 438 1262 464 meus.

249 499 318 536 sed
340 498 493 534 malene
513 495 553 532 id
574 496 720 532 factum
741 491 819 544 <tu>
837 491 1050 530 arbitrare?
1108 492 1188 529 HE.
1222 502 1415 540 pessume.

249 564 321 600 ΤΥ.
353 570 391 600 at
413 574 485 611 ego
505 559 568 598 aio
589 566 702 605 recte,
726 558 793 608 qui
813 571 882 607 aps
903 565 941 595 te
962 569 1112 596 sorsum
1134 555 1271 594 sentio.
1601 564 1673 600 710

250 641 342 665 nam
364 626 544 676 cogitato,
568 624 600 662 si
621 623 707 674 quis
728 625 804 661 hoc
825 629 943 672 gnato
964 629 1033 659 tuo

251 694 329 730 tuo’
351 704 484 729 seruos
505 689 608 735 faxit,
632 689 789 738 qualem
811 688 975 725 haberes
991 686 1183 736 gratiam?

189 771 228 804 55
250 756 499 795 emitteresne
519 767 645 792 necne
666 767 757 792 eum
778 766 933 791 seruom
955 754 1104 790 manu?

250 830 403 860 essetne
423 821 530 871 apud
551 827 589 858 te
609 819 641 857 is
662 832 795 857 seruos
816 817 1124 867 acceptissumus
1138 819 1155 854 ?

251 888 457 937 responde.
518 887 594 923 He.
628 884 778 934 opinor.
838 885 910 921 ΤΥ.
944 896 1016 932 qur
1036 895 1127 931 ergo
1148 883 1266 919 iratus
1287 879 1383 918 mihi
1407 893 1449 918 es
1465 881 1483 917 Ρ
1603 888 1669 926 715

255 954 334 990 HE.
368 951 461 1001 quia
481 950 535 988 illi
556 948 662 987 fuisti
684 962 802 998 quam
824 947 921 985 mihi
943 947 1105 985 fidelior.

254 1020 329 1056 ΤΥ.
360 1016 485 1066 quid?
515 1023 556 1053 tu
577 1028 656 1053 una
675 1022 792 1052 nocte
817 1012 1065 1062 postulauisti
1086 1019 1123 1050 et
1144 1011 1209 1050 die

191 1093 234 1125 60
253 1096 388 1121 recens
410 1090 569 1131 captum
589 1079 804 1126 hominem,
827 1092 1031 1128 nuperum,
1054 1077 1267 1123 nouicium,

255 1156 292 1186 te
313 1149 525 1198 perdocere
547 1153 589 1183 ut
609 1145 749 1183 melius
769 1145 1016 1182 consulerem
1037 1143 1108 1181 tibi

254 1226 373 1263 quam
393 1212 447 1250 illi
469 1211 629 1261 quicum
650 1224 729 1248 una
747 1208 804 1261 (a)
823 1222 945 1259 puero
965 1215 1134 1246 aetatem
1155 1207 1387 1257 exegeram?
1604 1213 1674 1250 720

255 1281 336 1317 HE.
369 1291 460 1328 ergo
481 1277 530 1315 ab
552 1290 599 1314 eo
620 1275 742 1325 petito
763 1274 925 1324 gratiam
946 1273 1070 1311 istam.
1130 1272 1263 1310 ducite

255 1343 322 1382 ubi
343 1344 595 1394 ponderosas,
619 1353 766 1379 crassas
787 1339 915 1389 capiat
935 1337 1150 1388 compedis.

190 1419 229 1461 65
252 1409 345 1448 inde
364 1408 437 1448 ibis
458 1421 573 1458 porro
593 1407 634 1444 in
654 1405 832 1444 latomias
853 1404 1069 1455 lapidarias.

253 1475 307 1513 ibi
328 1487 449 1524 quom
471 1472 535 1511 alii
556 1480 722 1510 octonos
742 1469 895 1520 lapides
915 1468 1130 1516 ecfodiunt,
1154 1467 1226 1505 nisi

255 1539 455 1579 cotidiano
476 1550 719 1588 sesqueopus
740 1534 969 1582 confeceris,
1603 1525 1672 1574 ¹725

255 1609 264 1626 ‘
280 1601 608 1654 Sescentoplago³
630 1615 777 1640 nomen
798 1601 954 1639 indetur
974 1599 1059 1638 tibi:

256 1673 332 1709 AR.
364 1683 432 1720 per
452 1671 548 1708 deos
568 1675 687 1718 atque
707 1666 888 1705 homines
910 1679 982 1715 ego
1003 1672 1040 1703 te
1061 1671 1245 1714 optestor,
1270 1662 1412 1713 Hegio,

195 1754 234 1788 70
256 1750 305 1775 ne
325 1743 367 1774 tu
387 1735 516 1774 istunc
536 1733 740 1772 hominem
761 1731 930 1782 perduis.
991 1732 1072 1768 HE.
1104 1729 1302 1768 curabitur
1318 1743 1328 1776 3

256 1815 347 1840 nam
368 1808 488 1839 noctu
509 1813 632 1838 neruo
652 1798 809 1836 uinctus
829 1795 1104 1844 custodibitur,

255 1866 446 1905 interdius
466 1866 540 1904 sub
560 1871 661 1903 terra
680 1863 830 1913 lapides
852 1861 994 1900 eximet
1011 1876 1018 1899 :
1606 1857 1676 1893 730

256 1933 324 1972 diu
345 1945 417 1982 ego
438 1932 544 1969 hunc
565 1929 760 1976 cruciabo,
783 1941 864 1967 non
885 1941 965 1965 uno
986 1928 1189 1977 apsoluam
1210 1925 1284 1964 die.

256 2000 334 2037 AR.
369 2004 571 2035 certumne
591 2003 649 2034 est
670 1994 741 2033 tibi
762 1994 891 2032 istuc?
948 1994 1029 2030 HE.
1061 2006 1142 2031 non
1162 1990 1294 2030 moriri
1314 1989 1465 2029 certius.

198 2078 236 2113 75
257 2064 442 2103 abducite
462 2063 579 2101 istum
600 2070 776 2100 actutum
797 2062 847 2099 ad
870 2059 1134 2109 Hippolytum
1154 2058 1317 2102 fabrum,

303 2178 365 2208 704
390 2167 439 2198 vel
462 2167 586 2197 notasti
730 2176 793 2204 709
817 2169 851 2195 tu
879 2163 953 2195 add.
982 2162 1121 2202 Pylades
1209 2161 1242 2190 id
1269 2160 1338 2190 arb.
1369 2159 1444 2190 fact.
1474 2159 1586 2189 Came-

260 2213 388 2258 (ariuae
438 2210 514 2241 fact.
548 2211 580 2240 id
609 2210 680 2240 arb.
717 2209 852 2249 Geppert
985 2216 1046 2245 715
1073 2205 1121 2236 vel
1136 2204 1239 2244 opino
1372 2204 1435 2241 716
1456 2203 1505 2233 vel
1520 2201 1587 2233 illic

261 2257 323 2296 718
357 2264 523 2294 nuperum
557 2254 730 2283 nouicium
761 2251 849 2282 codd.
885 2250 988 2281 Nonii
1020 2260 1106 2288 143:
1149 2257 1314 2286 nuperum
1349 2251 1383 2276 et
1416 2246 1587 2276 nouicium

259 2299 425 2331 Prisciani
441 2308 467 2339 1,
488 2298 531 2337 96
546 2308 553 2326 z
578 2306 686 2336 nuper
702 2301 735 2326 et
753 2305 829 2325 nou.
849 2294 913 2325 cod.
932 2297 969 2323 ut
983 2293 1046 2324 vfd.
1167 2301 1231 2329 720
1254 2290 1303 2321 vel
1318 2289 1385 2320 illic
1473 2300 1492 2319 a
1508 2288 1585 2319 add.

260 2343 400 2383 Pylades
533 2350 592 2379 721
619 2340 715 2370 istam
732 2339 873 2378 gratiam
890 2337 955 2367 cod.
973 2348 979 2367 :
1004 2335 1077 2367 irai.
1096 2334 1233 2375 Pylades
1367 2343 1426 2372 725
1451 2332 1586 2363 cotidia-

261 2398 323 2419 nos
337 2387 404 2419 cod.
540 2393 599 2423 731
626 2394 689 2422 ego
708 2383 798 2413 hunc
811 2381 886 2412 Ital.
905 2392 912 2411 ε
937 2381 1027 2409 hunc
1045 2389 1108 2417 ego
1125 2378 1190 2409 cod.
