1814 2723
272 51 325 88 II.
348 50 376 86 ii
761 50 806 87 T.
841 48 1020 87 MACCI
1053 49 1256 85 PLAVTI

346 162 415 198 ΕΡ.
446 167 564 210 atque
584 160 635 198 ad
655 172 741 198 eam
761 172 843 197 rem
859 157 1121 197 conducibile.
1170 159 1243 195 ΑΡ.
1275 155 1371 206 quid
1391 155 1490 194 istuc
1511 153 1668 193 dubitas
1687 155 1755 189 260

1510 219 1640 258 dicere
1653 221 1669 258 ?

279 296 322 328 80
344 293 412 329 ΕΡ.
445 304 516 329 uos
538 289 683 340 priores
704 302 788 328 esse
809 296 976 339 oportet,
995 301 1068 326 nos
1089 286 1281 338 posterius
1302 286 1443 333 dicere,

342 356 408 406 qui
425 357 511 406 plus
525 354 669 404 sapitis.
712 356 780 392 PE.
803 354 891 392 heia
908 356 1018 391 uero!
1047 366 1118 402 age
1134 352 1232 391 dice.
1275 354 1347 390 ΕΡ.
1367 359 1407 390 at
1427 349 1665 390 deridebitis.

341 424 412 459 ΑΡ.
445 435 525 459 non
547 421 688 469 edepol
709 418 907 457 faciemus.
968 420 1037 456 ΕΡ.
1070 418 1192 456 immo
1213 417 1245 455 si
1265 416 1435 468 placebit
1455 416 1584 462 utitor,

341 486 548 525 consilium
570 484 601 522 si
622 497 702 522 non
722 483 904 533 placebit,
927 482 1135 533 reperitote
1155 482 1308 521 rectius.

342 551 437 588 mihi
458 550 543 588 istic
564 562 637 587 nec
658 548 794 586 seritur
815 562 887 586 nec
910 547 1076 595 metitur,
1101 547 1175 585 nisi
1195 561 1241 585 ea
1261 561 1362 597 quae
1382 554 1424 584 tu
1444 546 1504 584 uis
1524 546 1627 583 uolo.
1687 542 1752 588 265

280 623 318 663 85
342 619 409 654 PE.
441 615 604 666 gratiam
625 614 753 652 habeo
768 628 778 661 ‚-
806 615 867 651 fac
888 612 1095 662 participes
1117 626 1189 651 nos
1211 621 1300 651 tuae
1321 611 1545 662 sapientiae.

342 683 410 719 ΕΡ.
443 679 633 719 continuo
653 678 858 717 arbitretur
879 692 974 717 uxor
995 686 1063 716 tuo
1082 686 1202 727 gnato
1222 685 1341 727 atque
1361 684 1403 715 ut
1422 676 1623 715 fidicinam

340 747 445 784 illam
466 759 586 796 quam
607 745 638 783 is
659 746 741 783 uolt
762 744 936 791 liberare,
959 757 1060 794 quae
1081 743 1191 781 illum
1211 742 1425 792 corrumpit
1445 741 1528 789 tibi,

339 811 526 850 ulciscare
547 818 665 860 atque
685 809 738 847 ita
759 816 923 856 curetur,
946 822 1072 859 usque
1091 809 1143 847 ad
1164 815 1331 846 mortem
1351 815 1394 846 ut
1414 806 1567 845 seruiat.

340 880 411 915 ΑΡ.
444 876 526 915 fieri
560 882 725 926 oportet.
795 876 862 912 PE.
895 875 1021 913 facere
1055 873 1172 924 cupio
1206 872 1364 923 quiduis
1397 873 1494 911 dum
1528 871 1568 910 id
1602 871 1669 909 fiat
1688 879 1758 915 270

1284 939 1416 976 modo.
1477 938 1546 975 ΕΡ.
1579 950 1642 975 em
1662 940 1669 975 1

278 1023 320 1055 90
340 1020 445 1045 nunc
466 1005 660 1045 occasiost
679 1004 865 1052 faciundi,
887 1004 984 1054 priu'
1005 1017 1123 1054 quam
1144 1003 1184 1041 in
1205 1003 1343 1042 urbem
1363 1001 1579 1048 aduenerst,

340 1072 439 1110 sicut
478 1085 560 1110 cras
599 1070 663 1109 hic
701 1070 836 1116 aderit,
876 1069 996 1108 hodie
1035 1082 1115 1107 non
1158 1068 1277 1107 uenit.
1347 1069 1415 1105 PE.
1457 1066 1525 1117 qui
1567 1066 1671 1105 scis?

1471 1134 1541 1170 ΕΡ.
1575 1132 1668 1170 scio.

338 1202 430 1252 quia
450 1201 546 1240 mihi
566 1201 664 1239 alius
685 1200 781 1239 dixit
801 1199 868 1250 qui
889 1199 996 1238 illinc
1016 1198 1125 1238 uenit
1145 1212 1261 1237 mane
1281 1197 1346 1236 hic
1365 1198 1511 1236 adfore.

341 1270 407 1306 PE.
440 1267 536 1318 quin
563 1275 605 1305 tu
629 1267 824 1316 eloquere,
854 1265 950 1315 quid
977 1265 1194 1303 faciemus?
1251 1265 1322 1302 ΕΡ.
1354 1263 1409 1302 sic
1438 1262 1667 1301 faciundum

1509 1341 1665 1375 censeo,

340 1398 452 1449 quasi
472 1406 513 1436 tu
534 1398 669 1448 cupias
689 1396 852 1435 liberare
873 1395 1072 1435 fidicinam
1093 1395 1214 1434 animi
1234 1394 1355 1445 gratia
1686 1402 1753 1441 275

280 1478 319 1510 95
341 1463 532 1514 quasique
564 1476 673 1501 ames
707 1464 964 1501 uehementer
997 1469 1038 1500 tu
1072 1461 1189 1499 illam.
1249 1462 1320 1498 PE.
1350 1459 1468 1510 quam
1502 1461 1553 1498 ad
1586 1472 1668 1498 rem

1106 1526 1206 1564 istuc
1226 1527 1370 1564 refert?
1427 1528 1496 1563 ΕΡ.
1528 1527 1670 1575 rogas?

338 1602 380 1633 ut
401 1594 506 1633 enim
526 1593 740 1644 praestines
761 1601 932 1643 argento,
956 1592 1191 1643 priu'quam
1213 1590 1345 1629 ueniat
1364 1590 1477 1637 filius,

338 1668 457 1710 atque
477 1667 519 1697 ut
540 1672 627 1697 eam
647 1666 685 1697 te
705 1658 745 1696 in
767 1658 987 1697 libertatem
1008 1657 1115 1696 dicas
1136 1658 1392 1695 emere—PE.
1424 1656 1619 1706 intellego.

340 1727 409 1762 ΕΡ.
442 1724 510 1763 ubi
526 1723 596 1762 erit
610 1731 753 1774 empta,
770 1731 812 1762 ut
824 1723 958 1773 aliquo
971 1736 1017 1761 ex
1030 1723 1126 1760 urbe
1139 1723 1325 1760 amoueas
1339 1736 1350 1769 3
1365 1721 1441 1759 nisi
1454 1721 1550 1771 quid
1563 1728 1666 1759 tuast

338 1791 441 1828 secu’
476 1789 678 1828 sententia.
744 1790 813 1826 PE.
850 1788 973 1826 immo
1002 1789 1119 1826 docte
1138 1790 1145 1825 1
1204 1789 1274 1825 ΕΡ.
1310 1786 1406 1837 quid
1440 1790 1482 1824 tu
1519 1794 1663 1834 autem,
1685 1792 1755 1827 280

1414 1851 1639 1902 Apoecides
1651 1853 1668 1889 ?

261 1937 320 1959 100
339 1922 411 1958 ΑΡ.
445 1920 540 1970 quid
561 1934 633 1971 ego
649 1921 727 1960 iam
742 1921 817 1959 nisi
837 1929 875 1961 te
891 1928 1161 1960 commentum
1177 1919 1293 1958 nimis
1313 1926 1440 1958 astute
1455 1918 1668 1967 intellego?

341 1987 411 2023 EP.
442 1985 519 2023 iam
540 1986 654 2036 igitur
673 1995 806 2025 amota
825 1986 860 2025 ei
880 1986 994 2025 fuerit
1014 1985 1143 2024 omnis
1163 1983 1399 2023 consultatio

383 2092 456 2130 263.
482 2092 544 2130 264
561 2092 611 2122 vel
625 2092 727 2122 utitor
743 2091 929 2131 consilium,
947 2091 977 2122 si
1163 2092 1225 2129 267
1250 2094 1325 2120 ante
1346 2089 1434 2119 hunc
1454 2099 1483 2120 v.
1511 2088 1665 2118 lacunam

338 2134 420 2175 Stgn.
443 2133 539 2165 Goetz
670 2146 729 2175 271
756 2135 935 2166 aduenerit
950 2134 1024 2166 Ital.
1042 2145 1049 2165 ε
1073 2134 1211 2165 aduenit
1228 2133 1292 2164 cod.
1314 2134 1368 2174 (cs.
1390 2131 1469 2173 272)
1603 2141 1665 2171 272

339 2178 434 2209 uenit
451 2178 609 2210 Redslob:
637 2179 770 2210 uenerit
786 2178 852 2211 cod.
871 2179 923 2219 (rs.
943 2178 1023 2218 271)
1113 2188 1175 2218 273
1200 2178 1288 2208 hunc
1306 2187 1383 2208 corr.
1400 2176 1454 2207 hic
1466 2175 1531 2207 cod.
1548 2179 1585 2206 ut
1600 2174 1664 2206 vid.

267 2250 276 2259 X
339 2233 402 2261 279
426 2227 483 2253 tua
500 2221 564 2253 cod.
587 2223 642 2263 (cs.
659 2222 738 2263 280)
858 2223 922 2253 280
946 2222 1114 2253 sententia
1133 2221 1216 2262 [est]
1234 2220 1299 2252 cod.
1323 2221 1376 2261 (cf
1393 2219 1473 2261 279)
1565 2219 1666 2250 immo

339 2266 438 2297 docte
463 2266 518 2296 vix
531 2265 711 2305 ferendum
735 2270 815 2297 esset
836 2277 938 2306 neque
959 2269 1060 2296 Immo
1080 2266 1186 2306 placet
1274 2269 1330 2295 tua
1357 2275 1409 2295 au.
1429 2263 1513 2294 Leo:
1554 2268 1589 2293 tu
1613 2272 1666 2293 au.

339 2308 430 2351 (ais)
443 2308 587 2347 Mueller,
612 2310 730 2348 quibus
750 2310 860 2340 hiatus
876 2314 910 2340 tu
931 2309 936 2348 ί
956 2304 1068 2340 aufem
1089 2308 1228 2349 displicet
1325 2309 1384 2338 281
1409 2308 1467 2348 qui
1487 2306 1552 2338 cod.
1571 2305 1667 2348 (quid

336 2353 378 2395 s)
514 2353 577 2382 282
594 2352 693 2383 fuerit
710 2352 923 2384 Lindemann
938 2365 944 2383 :
969 2353 1032 2384 erit
1050 2353 1114 2383 cod.
