1814 2723
213 43 319 81 11.v
696 42 742 80 T.
776 41 957 81 MACCI
987 42 1191 80 PLAVTI

281 152 354 190 OL.
387 164 492 189 nunc
513 150 552 188 in
572 151 765 189 fermento
786 157 914 197 totast,
937 150 990 188 ita
1010 157 1135 200 turget
1156 149 1261 187 mihi.

280 218 350 255 LY.
383 229 455 266 ego
477 217 618 266 edepol
640 215 745 252 illam
768 215 939 253 mediam
960 214 1177 264 dirruptam
1198 212 1327 251 uelim.

282 282 355 320 OL.
387 282 506 319 credo
527 281 669 330 edepol
691 293 784 326 esse,
809 279 1005 329 siquidem
1027 286 1068 317 tu
1090 278 1187 328 frugi
1209 278 1337 316 bonae
1356 291 1406 316 es.

223 360 264 383 20
282 359 417 384 uerum
439 347 580 395 edepol
601 352 668 382 tua
689 344 785 381 mihi
806 344 944 382 odiosa
964 351 1021 382 est
1041 343 1186 381 amatio
1204 358 1210 380 ι

279 410 438 448 inimica
458 418 515 448 est
537 418 603 447 tua
623 423 719 447 uxor
739 409 846 456 mihi,
869 409 1051 447 inimicus
1072 408 1184 455 filius,

277 474 425 513 inimici
446 474 662 512 familiares.
723 476 793 511 Lv.
826 473 921 523 quid
942 474 983 512 id
1003 475 1116 512 refert
1136 475 1232 511 tua?

278 553 379 578 unus
400 539 470 578 tibi
492 540 555 578 hic
576 540 671 577 dum
692 539 883 589 propitius
905 538 953 577 sit
975 538 1161 588 Iuppiter,

278 612 319 642 tu
340 605 434 643 istos
456 604 629 642 minutos
650 618 747 642 caue
768 605 864 642 deos
885 604 999 642 flocci
1020 603 1166 641 feceris.

218 684 255 714 25
279 670 351 708 OL.
385 682 511 718 nugae
532 676 622 707 sunt
643 668 739 707 istae
761 682 936 718 magnae.
970 668 1080 718 quasi
1102 675 1143 706 tu
1164 668 1315 706 nescias

277 742 437 785 repente
458 742 499 772 ut
519 734 758 772 emoriantur
777 734 941 772 humani
963 735 1091 772 Ioues.

277 801 347 838 sed
368 801 528 838 tandem
550 799 581 837 si
601 807 643 837 tu
666 799 843 849 Iuppiter
864 799 914 837 sis
936 806 1122 845 mortuos,

277 878 397 914 quom
418 866 468 903 ad
490 867 585 904 deos
607 864 778 902 minores
800 864 956 902 redierit
977 877 1139 913 regnum
1161 871 1281 910 tuom,

277 930 363 979 quis
385 929 480 967 mihi
501 929 710 968 subueniet
731 937 839 980 tergo
859 937 925 967 aut
946 929 1063 979 capiti
1083 937 1149 967 aut
1171 928 1346 966 cruribus
1360 930 1377 965 ?

215 1011 257 1041 30
278 997 347 1033 Lv.
381 995 568 1045 opinione
590 995 728 1033 melius
750 1009 809 1033 res
829 995 900 1033 tibi
922 995 1040 1032 habet
1061 1002 1138 1041 tua,

278 1060 309 1098 si
330 1062 405 1099 hoc
426 1061 690 1110 impetramus,
715 1069 757 1099 ut
778 1074 851 1110 ego
872 1074 963 1099 cum
985 1060 1130 1100 Casina
1150 1060 1303 1098 cubem.

278 1127 351 1165 OL.
384 1140 465 1165 non
486 1128 616 1165 hercle
636 1127 777 1176 opinor
797 1140 924 1176 posse,
947 1126 1000 1164 ita
1020 1139 1115 1164 uxor
1134 1125 1272 1163 acriter

277 1200 343 1230 tua
363 1191 480 1229 instat
502 1205 551 1230 ne
572 1191 668 1229 mihi
689 1193 812 1230 detur.
874 1193 944 1229 Lv.
976 1199 1015 1229 at
1036 1204 1108 1242 ego
1129 1191 1184 1229 sic
1204 1203 1317 1241 agam
1334 1205 1340 1227 :

277 1257 471 1296 coniciam
493 1257 605 1295 sortis
626 1257 665 1295 in
687 1257 854 1296 sitellam
876 1265 913 1295 et
935 1257 1071 1295 sortiar

215 1333 255 1365 35
277 1323 347 1361 tibi
368 1330 407 1361 et
428 1323 607 1362 Chalino.
667 1324 719 1360 ita
739 1337 821 1361 rem
842 1331 975 1361 natam
996 1322 1203 1372 intellego:

277 1396 522 1427 necessumst
543 1388 667 1426 uorsis
688 1388 827 1438 gladiis
849 1387 1117 1438 depugnarier.

278 1455 350 1493 OL.
383 1454 479 1504 quid
500 1453 531 1491 si
551 1467 633 1492 sors
653 1453 763 1492 aliter
783 1467 901 1503 quam
923 1455 1032 1492 uoles
1053 1453 1256 1492 euenerit?

278 1522 351 1558 LY.
381 1519 583 1558 benedice.
643 1519 703 1557 dis
724 1532 811 1557 sum
832 1520 962 1566 fretus,
986 1520 1082 1557 deos
1103 1518 1356 1568 sperabimus.

278 1587 352 1624 OL.
385 1598 465 1623 non
486 1598 558 1635 ego
579 1584 678 1622 istuc
700 1585 866 1622 uerbum
887 1584 1063 1634 empsim,
1076 1583 1287 1622 tittibilicio
1302 1598 1312 1631 3

217 1665 260 1698 40
279 1664 369 1688 nam
391 1663 529 1688 omnes
550 1651 733 1688 mortales
754 1649 814 1687 dis
837 1657 927 1687 sunt
947 1649 1044 1696 freti,
1067 1650 1136 1687 sed
1157 1656 1289 1686 tamen

276 1715 357 1754 uidi
379 1729 451 1765 ego
472 1715 532 1753 dis
553 1716 669 1753 fretos
691 1727 807 1764 saepe
828 1715 972 1752 multos
993 1713 1133 1763 decipi.

1627 162 1693 202 3²5

1628 805 1694 843 335

1628 1136 1698 1171 340

1627 1458 1693 1495 345

277 1783 346 1818 Lv.
379 1783 430 1818 st!
456 1788 541 1818 tace
555 1793 773 1830 parumper.
817 1780 889 1818 OL.
920 1778 1017 1828 quid
1030 1778 1119 1816 uis?
1159 1779 1227 1815 Lv.
1257 1789 1395 1815 eccum
1411 1775 1488 1814 exit
1504 1776 1605 1813 foras
1625 1783 1694 1820 350

277 1845 468 1885 Chalinus
489 1845 593 1883 intus
615 1859 704 1883 cum
727 1845 852 1883 sitella
873 1852 911 1882 et
931 1844 1112 1883 sortibus.

277 1925 383 1949 nunc
403 1924 475 1949 nos
496 1910 661 1949 conlatis
682 1910 800 1960 signis
822 1909 1147 1960 depugnabimus.

320 2016 383 2054 326
407 2016 525 2054 edepol
544 2026 609 2054 ego
626 2014 691 2045 cod.
715 2015 795 2055 (ego
813 2014 933 2053 edepol
948 2014 995 2054 J)
1100 2023 1163 2052 335
1188 2013 1235 2043 sis
1252 2016 1399 2042 mortuos
1416 2010 1605 2044 Acidalius:

277 2060 324 2091 sis
341 2064 514 2089 emortuus
531 2058 595 2090 cod.
619 2060 695 2099 (pro
711 2058 781 2088 sies
798 2068 838 2088 m.
852 2058 877 2097 2)
989 2067 1052 2096 337
1077 2057 1258 2087 subueniet
1274 2056 1347 2086 Ital.
1366 2067 1371 2085 :
1398 2055 1606 2086 subueniens

277 2103 342 2134 cod.
478 2103 542 2140 338
566 2102 728 2141 opinione
746 2101 865 2131 melius
883 2100 1070 2131 Saracenus
1086 2112 1093 2130 ε
1118 2100 1312 2139 opinionem
1332 2100 1406 2130 eius
1422 2098 1486 2129 cod.
1508 2099 1544 2139 (i.
1565 2108 1582 2137 7
1598 2109 1605 2135 ;

278 2157 311 2186 p.
331 2148 387 2185 20)
491 2146 592 2176 habet
612 2145 847 2175 Camerarius:
874 2145 997 2174 habeat
1013 2143 1078 2175 cod.
1186 2153 1251 2182 340
1274 2143 1323 2173 vel
1335 2143 1438 2182 opino

278 2190 490 2231 sperauimus
514 2189 578 2219 cod.
766 2198 827 2227 347
853 2188 962 2227 empsi
991 2198 1065 2218 curn
1095 2187 1174 2227 (pro
1203 2187 1421 2225 empsiculem
1434 2186 1459 2225 ἓ)
1488 2185 1604 2216 tittibi-

258 2234 354 2264 *licio
379 2232 466 2264 codd.
489 2232 592 2262 Pauli
607 2233 671 2270 366
689 2232 728 2272 (s.
743 2231 1003 2270 tittibilicium):
1037 2230 1167 2261 emisirn
1193 2230 1258 2270 (vel
1279 2229 1455 2269 emissum>
1480 2228 1520 2259 tit
1544 2228 1605 2259 tibi

279 2277 404 2308 stalitio
421 2275 486 2307 cod.
530 2275 680 2316 (Stalitio
697 2276 730 2305 in
742 2280 963 2315 personarum
981 2274 1119 2309 numina
1135 2284 1167 2303 se
1182 2273 1417 2311 insinuaverat,
1438 2283 1460 2303 e.
1471 2283 1506 2312 g.
1527 2281 1552 2302 11
1570 2272 1605 2302 iii

280 2330 435 2352 STAL1T10
451 2344 459 2351 .
479 2329 589 2349 SENEx
606 2343 613 2350 .
635 2328 771 2349 MVLIER
795 2328 910 2349 cmzos.
927 2330 934 2356 ;
961 2318 997 2355 cs.
1018 2329 1045 2349 v.
1067 2318 1146 2356 960)
1163 2329 1169 2348 :
1194 2317 1333 2356 empsim
1351 2315 1461 2359 (uno)
1478 2316 1542 2346 titt.
1561 2315 1605 2356 (².)

281 2365 345 2395 Leo
441 2372 505 2402 350
530 2373 647 2402 parum
665 2373 709 2393 an
727 2371 910 2401 parumper
925 2363 1030 2392 incert.
1050 2360 1111 2392 cod.
1133 2361 1203 2402 (fii-
1226 2370 1250 2399 1,
1271 2371 1302 2399 p.
1320 2362 1376 2400 91)

1541 2143 1606 2180 346
