1794 2728
206 78 271 117 1.1
675 79 722 117 T.
755 78 935 117 MACCI
967 79 1170 116 PLAVTI

256 200 497 238 quamquam
518 188 628 226 illum
649 195 772 226 mater
792 196 872 226 arte
893 195 1158 237 contenteque
1183 188 1312 235 habet,

256 260 384 303 patres
405 261 447 291 ut
468 261 782 292 consueuerunt:
813 266 885 302 ego
907 252 1020 290 mitto
1041 252 1174 290 omnia
1193 254 1301 291 haec.

257 319 482 368 praesertim
504 332 625 368 quom
647 318 677 355 is
699 331 762 356 me
783 317 946 367 dignum
968 317 1062 367 quoi
1083 318 1336 355 concrederet

194 386 235 430 65
256 383 404 430 habuit,
428 397 491 420 me
511 384 655 421 habere
677 384 868 420 honorem
890 382 973 420 eius
994 382 1151 432 ingenio
1172 384 1312 429 decet,-

257 462 379 498 quom
400 462 463 486 me
482 448 588 494 adiit,
612 456 654 486 ut
675 449 891 498 pudentem
912 455 1075 497 gnatum
1095 453 1302 496 aequomst
1322 453 1483 496 patrem,

258 513 374 564 cupio
395 527 480 552 esse
500 513 649 551 amicae
671 514 779 562 quod
800 514 866 551 det
887 521 1090 562 argentum
1113 526 1216 550 suae.

260 582 318 618 L1.
351 580 461 630 cupis
484 580 522 617 id
544 580 652 628 quod
674 592 817 628 cupere
838 586 876 616 te
897 579 1139 628 nequiquam
1160 578 1355 626 intellego.

257 647 429 683 dotalem
452 658 607 682 seruom
629 645 814 682 Sauream
842 642 958 696 (huc)
978 657 1074 681 uxor
1095 651 1161 682 tua

199 724 237 758 70
256 710 431 756 adduxit,
455 709 547 759 quoi
569 711 655 759 plus
676 709 715 746 in
737 722 856 746 manu
878 707 925 745 sit
947 721 1065 757 quam
1087 706 1168 745 tibi.

261 778 335 814 DE.
366 783 570 825 argentum
591 774 736 824 accepi,
760 776 853 812 dote
874 773 1082 823 imperium
1105 772 1277 811 uendidi.

257 853 363 878 nunc
384 840 505 878 uerba
525 840 563 877 in
585 853 710 889 pauca
730 840 930 876 conferam
952 838 1048 887 quid
1068 845 1105 875 te
1127 837 1258 875 uelim.

257 905 394 955 uiginti
416 905 492 943 iarn
513 912 623 942 usust
644 904 723 942 filio
745 903 893 953 argenti
914 902 1029 940 minis
1047 919 1053 942 :

259 972 343 1008 face
364 970 404 1008 id
426 978 467 1008 ut
488 977 666 1020 paratum
689 969 766 1006 iam
788 968 846 1006 sit.
907 970 966 1005 L1.
1000 968 1106 1005 unde
1126 966 1301 1016 gentium
1315 969 1332 1004 Ρ

199 1049 237 1084 2⁷5
261 1038 335 1074 DE.
369 1049 431 1074 me
452 1037 670 1074 defrudato.
731 1036 792 1072 L1.
825 1046 1026 1071 maxumas
1048 1046 1169 1082 nugas
1190 1032 1270 1082 agis
1288 1048 1294 1070 ε

260 1103 368 1140 nudo
385 1102 589 1139 detrahere
611 1099 846 1138 uestimenta
867 1112 930 1136 me
951 1098 1073 1136 iubes.

258 1167 464 1204 defrudem
485 1165 523 1203 te
544 1167 646 1214 ego?
675 1178 746 1214 age
766 1164 817 1202 sis
839 1171 891 1210 tu,
915 1163 998 1201 sine
1018 1162 1158 1212 pennis
1180 1163 1280 1200 uola.

259 1238 324 1269 ten
346 1244 418 1280 ego
440 1232 657 1277 del'rudem,
680 1231 774 1279 quoi
795 1229 869 1278 ipsi
890 1228 986 1266 nihil
1007 1235 1065 1266 est
1086 1227 1125 1265 in
1146 1241 1265 1265 manu

260 1296 333 1334 nisi
354 1295 449 1345 quid
470 1304 511 1333 tu
533 1308 647 1345 porro
669 1307 829 1332 uxorem
851 1292 1150 1332 defrudaueris?

200 1370 240 1400 80
262 1363 336 1399 DE.
369 1374 447 1411 qua
468 1374 541 1407 me,
565 1373 642 1409 qua
662 1372 837 1406 uxorem,
858 1372 936 1407 qua
956 1365 998 1396 tu
1020 1370 1175 1396 seruom
1197 1358 1382 1395 Sauream

258 1434 381 1476 potes,
405 1425 667 1463 circumduce.
691 1425 823 1470 aufer3
852 1422 1040 1472 promitto
1060 1421 1131 1460 tibi

258 1504 340 1529 non
361 1491 585 1536 offuturum,
609 1489 640 1526 si
668 1489 671 1540 Ι
698 1488 737 1526 id
759 1488 878 1526 hodie
899 1486 1094 1525 ecfeceris.

260 1557 319 1594 L1.
352 1555 488 1593 iubeas
508 1567 725 1607 una-opera
747 1566 810 1590 me
831 1551 971 1602 piscari
992 1551 1031 1589 in
1050 1564 1151 1598 aere,

258 1620 392 1659 uenari
412 1627 545 1658 autem
565 1619 645 1657 rete
666 1618 795 1656 iaculo
815 1618 854 1655 in
877 1617 1009 1655 medio
1031 1614 1136 1654 mari.

199 1696 240 1735 85
260 1688 336 1725 DE.
368 1685 439 1723 tibi
460 1684 663 1734 optionem
685 1682 830 1721 sumito
851 1681 1086 1729 Leonidam,

259 1751 448 1790 fabricare
469 1749 639 1800 quiduis,
662 1748 821 1798 quiduis
842 1747 1166 1786 comminiscere:

259 1816 436 1867 perficito
462 1816 465 1866 Ι
492 1822 696 1864 argentum
718 1813 838 1852 hodie
858 1820 901 1851 ut
922 1812 1065 1850 habeat
1087 1811 1188 1849 filius

259 1882 408 1920 amicae
430 1882 538 1930 quod
559 1881 636 1918 det.
697 1881 756 1917 L1.
790 1878 886 1928 quid
906 1877 961 1916 ais
982 1885 1035 1924 tu,
1061 1876 1334 1915 Demaenete?

262 1948 337 1984 DE.
370 1945 466 1995 quid
485 1944 562 1996 <uis
575 1943 609 1997 Ρ)
665 1946 727 1982 L1.
759 1943 790 1981 si
811 1945 909 1981 forte
931 1942 970 1979 in
991 1941 1152 1979 insidias
1174 1942 1383 1986 deuenero,

306 2059 347 2089 79
364 2053 570 2079 consuerunt
581 2047 647 2078 cod.
664 2048 728 2088 (zze.
745 2052 835 2077 -sue-
848 2048 872 2087 ἓ)
938 2047 979 2084 83
997 2045 1032 2084 cf.
1047 2045 1138 2083 ad51
1236 2042 1278 2081 85
1303 2042 1367 2071 huc
1383 2039 1460 2071 add.
1477 2038 1591 2070 Have(

1456 2091 1516 2111 arte

264 2126 359 2167 (Rev.
378 2126 466 2156 Phil.
486 2136 539 2165 29,
564 2124 640 2164 180)
767 2125 810 2154 86
833 2123 876 2153 sit
892 2133 968 2153 cum
984 2133 1052 2152 var.
1072 2121 1134 2153 lect.
1153 2125 1205 2152 est
1222 2120 1286 2151 cod.
1392 2121 1435 2159 96
1460 2129 1513 2150 me
1524 2118 1588 2150 cod.

263 2170 365 2211 <unde
383 2181 435 2200 me
454 2175 526 2200 arte
547 2169 599 2207 B;
626 2170 668 2200 iv.
690 2169 721 2207 Ι)
879 2168 922 2205 98
947 2166 991 2196 sit
1007 2166 1134 2205 (marg.
1154 2165 1199 2205 si)
1219 2165 1250 2194 h.
1269 2167 1307 2194 ut
1322 2163 1382 2195 vid.
1401 2163 1466 2194 cod.
1489 2162 1591 2204 (unde

248 2214 306 2250 Nsit
333 2214 436 2244 hodie
465 2214 493 2243 si
520 2212 562 2247 D,
592 2213 634 2242 sit
659 2212 693 2242 h.
718 2210 759 2248 E,
785 2211 863 2241 sih.
887 2209 935 2250 Β)
947 2221 958 2252 Αε
983 2209 1011 2239 si
1037 2209 1069 2239 id
1094 2211 1174 2247 (om.
1201 2207 1317 2247 hodie)
1336 2207 1401 2238 cod.
1425 2207 1512 2236 Festi
1528 2208 1589 2245 198

267 2268 329 2288 100
353 2257 425 2297 reti,
444 2256 553 2287 iaculo
570 2256 687 2286 uenari
702 2259 814 2285 autem
832 2254 864 2283 in
883 2264 925 2284 m.
946 2263 989 2284 m.
1014 2251 1137 2282 Vahlen
1258 2261 1317 2289 103
1332 2251 1413 2290 fort.
1434 2250 1589 2290 perficito

264 2306 300 2331 tu
320 2312 347 2331 a.
461 2311 488 2330 a.
517 2300 579 2329 hoc
602 2299 701 2329 hodie
722 2297 861 2338 Bylades
964 2301 1001 2327 ut
1024 2297 1147 2326 habeat
1169 2295 1271 2325 hodie
1294 2293 1426 2325 Guietus

265 2345 316 2376 uis
331 2343 406 2375 add.
423 2343 556 2382 Vahlen,
575 2342 630 2372 sed
643 2342 683 2382 cf.
706 2342 811 2379 Goelz‚
831 2340 957 2371 Sclzoell
967 2340 1069 2380 prcus.

1530 2302 1589 2332 105

1606 971 1653 1006 90

1608 1299 1649 1336 95

1610 1628 1677 1654 100

1611 1940 1674 1978 105
