1742 2718
629 430 1055 477 PROLOGVS

177 573 266 610 Hos
287 584 385 621 quos
406 569 548 608 uidetis
569 576 669 607 stare
690 568 753 607 hic
774 568 952 618 captiuos
972 568 1084 614 duos,

175 637 229 676 illi
251 637 341 687 quia
361 644 499 683 astant,
522 635 562 673 hi
583 642 687 673 stant
706 634 837 680 ambo,
860 647 941 671 non
963 634 1101 671 sedent
1116 647 1126 679 3

176 704 252 741 hoc
272 715 343 740 uos
364 700 460 738 mihi
480 707 598 738 testes
618 699 710 738 estis
731 713 794 737 me
814 712 951 737 uerum
971 697 1090 747 loqui.

177 780 294 805 senex
315 765 381 816 qui
402 765 466 803 hie
486 765 637 816 habitat
660 763 793 814 Hegio
814 771 872 801 est
892 762 1023 801 huiius
1043 770 1161 812 pater.

138 843 155 879 5
177 833 246 870 sed
267 831 298 869 is
319 844 399 881 quo
419 838 536 881 pacto
557 829 699 867 seruiat
721 842 792 866 suo
813 828 886 866 sibi
908 827 1017 878 patri,

176 896 216 934 id
237 910 310 946 ego
330 895 394 933 hic
414 896 520 944 apud
541 907 613 932 uos
635 895 856 943 proloquar,
880 892 910 930 si
931 896 1090 942 Operam
1112 892 1224 931 datis.

176 960 259 999 seni
280 960 371 998 huic
392 961 548 998 fuerunt
568 958 635 996 filii
657 958 737 996 nati
758 959 864 1005 duo,-

176 1028 340 1064 alterum
361 1024 611 1075 quadrimum
635 1037 800 1073 puerum
822 1037 956 1061 seruos
977 1022 1127 1072 surpuit

177 1105 348 1141 eumque
368 1090 460 1128 hinc
480 1088 705 1140 profugiens
725 1087 907 1127 uendidit
927 1087 966 1126 in
988 1087 1104 1125 Alide
1161 1074 1172 1080 ⁶

116 1174 159 1199 10
177 1156 274 1207 patri
301 1155 304 1207 Ι
331 1155 518 1193 huiiusce.
581 1154 659 1192 iam
680 1155 757 1192 hoe
778 1153 948 1192 tenetis?
1003 1160 1213 1203 optumest.

177 1228 291 1271 negat
312 1222 441 1259 hercle
461 1220 540 1258 illic
561 1221 744 1258 ultumus.
803 1218 994 1256 accedito.

177 1287 207 1325 si
229 1301 309 1325 non
329 1285 397 1325 ubi
418 1287 556 1324 sedeas
577 1286 687 1323 locus
708 1291 776 1331 est,
800 1290 858 1322 est
878 1283 946 1321 ubi
966 1283 1157 1329 ambules,

177 1353 338 1403 quando
358 1351 587 1389 histrionem
609 1349 716 1400 cogis
737 1348 1004 1387 mendicarier.

178 1432 250 1468 ego
271 1432 334 1456 me
354 1425 420 1455 tua
440 1430 591 1464 caussa)
612 1429 661 1454 ne
682 1428 795 1462 erres,
817 1428 897 1453 non
918 1415 1092 1464 rupturu'
1113 1427 1211 1452 sum.

118 1494 156 1530 15
177 1497 249 1522 uos
270 1482 337 1533 qui
356 1481 519 1533 potestis
540 1494 616 1530 ope
636 1487 769 1518 uostra
788 1478 981 1518 censerier

177 1548 342 1598 accipite
362 1547 550 1586 relicuom
567 1562 573 1584 :
603 1545 733 1584 alieno
754 1544 809 1583 uti
831 1544 884 1583 nil
902 1558 1044 1583 moror.

178 1613 362 1663 fugitiuos
383 1612 456 1658 ille,
480 1619 523 1649 ut
545 1611 719 1650 dixeram
741 1617 843 1657 ante,
866 1609 996 1648 huiius
1016 1609 1116 1660 patri

178 1681 300 1720 domo
320 1679 439 1731 quem
460 1677 685 1730 profugiens
707 1675 916 1715 dominum
935 1677 1148 1726 apstulerat
1168 1673 1359 1713 uendidit.

178 1746 210 1784 is
230 1754 440 1797 postquam
460 1746 567 1782 hunc
587 1742 694 1789 emit,
717 1741 827 1780 dedit
847 1754 937 1779 eum
958 1740 1050 1778 huic
1070 1747 1189 1790 gnato
1210 1752 1282 1777 suo

114 1826 160 1850 20
178 1812 426 1861 peculiarem,
449 1810 541 1861 quia
561 1808 673 1860 quasi
694 1821 773 1846 una
792 1814 898 1845 aetas
919 1813 1009 1844 erat.

178 1877 242 1916 hic
262 1891 368 1916 nunc
388 1876 498 1916 domi
518 1875 637 1914 seruit
658 1887 731 1912 suo
753 1871 862 1923 patri,
885 1884 959 1909 nec
980 1870 1053 1908 scit
1073 1877 1205 1920 pater3

177 1942 283 1980 enim
304 1957 397 1981 uero
417 1942 458 1981 di
479 1955 550 1980 nos
572 1940 683 1991 quasi
705 1938 804 1990 pilas
825 1936 1007 1976 homines
1027 1935 1187 1974 habent.

178 2007 368 2046 rationem
388 2007 551 2053 habetis,
575 2020 656 2056 quo
677 2006 799 2043 modo
820 2016 944 2041 unum
964 2000 1147 2039 amiserit.

178 2081 387 2124 postquam
406 2073 636 2124 belligerant
656 2070 789 2111 Aetoli
810 2083 901 2109 cum
927 2067 931 2120 Ι
958 2067 1076 2115 Aleis,

221 2187 240 2206 2
263 2177 320 2216 qui
343 2182 455 2207 astant
479 2175 542 2207 cod.
650 2175 702 2215 hi]
721 2173 793 2205 veli
930 2182 970 2202 10
994 2172 1133 2202 huiusce
1150 2172 1205 2201 vix
1218 2169 1398 2210 serendum
1415 2182 1421 2200 ι
1430 2171 1511 2209 sort.

179 2220 330 2251 huiiusce
340 2220 485 2250 hominis
498 2219 557 2259 (iii.
575 2230 605 2258 p.
621 2220 678 2258 51)
762 2221 937 2257 optumum
952 2220 1004 2246 est
1014 2215 1080 2245 cod.
1092 2214 1253 2253 (utStich.
1265 2225 1329 2254 537
1341 2219 1514 2254 optumum

180 2268 232 2294 est
245 2269 306 2304 pro
321 2268 502 2303 optumest,
534 2274 596 2293 120
618 2263 790 2293 minimum
817 2265 869 2291 est
887 2265 947 2300 pro
967 2258 1154 2298 minimest)
1175 2259 1226 2297 (cf.
1243 2258 1289 2288 ad
1299 2257 1415 2289 Bacch.
1434 2258 1513 2297 502)

182 2317 218 2337 11
244 2307 415 2338 abseedito
433 2306 518 2337 Rost
681 2307 720 2335 18
745 2304 933 2344 profugens
959 2303 1036 2333 PBD
1065 2302 1195 2341 (etfort.
1219 2301 1306 2340 cod.)
1327 2301 1381 2338 (vi,
1403 2311 1432 2340 p.
1454 2301 1514 2341 86)

182 2361 221 2389 19
245 2351 273 2381 is
290 2349 462 2381 Fleckeisen
478 2363 485 2382 ς
508 2350 562 2380 hic
579 2349 639 2380 cod
652 2350 728 2389 (pro
743 2349 807 2387 his,
828 2347 846 2378 i.
857 2357 878 2377 e.
899 2347 927 2376 is
939 2346 964 2386 3)
1108 2356 1150 2375 22
1174 2344 1262 2375 enim
1277 2344 1437 2384 Pylades:
1462 2348 1514 2374 est

178 2393 242 2426 cod.
334 2403 375 2432 24
398 2393 497 2424 alidis
512 2391 577 2424 cod.
598 2392 708 2432 (etiam
724 2391 792 2432 ΡΑ)
813 2390 867 2433 (qs.
885 2401 934 2421 vv.
955 2398 1005 2430 59,
1024 2388 1081 2428 93)

1533 1166 1572 1187 10

1534 1492 1571 1523 15

1533 1813 1573 1835 20
