1742 2718
648 62 1004 101 MENAECHMI
1430 60 1482 96 II.
1502 59 1547 96 iii

164 180 238 217 ER.
276 179 418 228 pallam
453 184 491 214 te
525 175 644 214 hodie
674 174 769 213 mihi
804 174 961 214 dedisse
995 172 1133 211 uxoris.
1213 174 1327 210 MEN.
1370 172 1485 210 etiam

1249 250 1353 275 nunc
1374 250 1485 287 nego.

161 308 397 358 egoquidem
436 319 565 356 neque
604 318 794 355 umquam
831 317 992 342 uxorem
1034 302 1154 341 habui
1193 315 1322 351 neque
1360 302 1488 339 habeo

1262 380 1391 416 neque
1411 368 1488 405 huc

75 452 145 485 400
163 451 361 488 umquam,
403 444 612 487 postquam
656 442 770 473 natus
812 447 911 481 sum,
952 433 1052 471 intra
1096 439 1247 482 portam
1287 430 1487 480 penetraui

1333 496 1487 545 pedem.

161 567 300 616 prandi
330 568 369 605 in
400 567 501 614 naui,
534 566 627 605 inde
656 567 733 603 huc
764 578 850 602 sum
881 577 1068 613 egressus,
1100 571 1137 600 te
1171 561 1351 600 conueni.
1414 562 1487 598 ER.

1342 627 1487 671 eccere,

160 698 257 749 perii
293 698 459 736 misera!
488 710 607 747 quam
638 704 679 734 tu
715 695 810 733 mihi
845 708 951 732 nunc
982 707 1124 731 nauem
1155 693 1315 730 narras?
1373 692 1487 728 ΜΕΝ.
1511 704 1551 735 50

1308 756 1488 805 ligneam,

160 841 277 878 saepe
297 828 437 875 tritam,
460 819 583 877 saepe⁴
598 827 725 872 fixam,
750 838 867 874 saepe
887 836 1091 862 excussam
1113 823 1278 868 malle03

161 892 272 942 quasi
293 893 467 942 supellex
487 890 680 941 pellionis,
703 891 815 940 palus
836 890 926 938 palo
947 894 1188 937 proxumust.

74 968 140 1004 405
163 959 238 995 ER.
270 957 389 1003 †iam‚
411 956 565 1002 amabo,
589 955 756 994 desine†
777 955 893 992 ludos
920 954 1047 991 facere
1067 961 1186 1002 atque
1206 951 1218 989 i
1238 953 1312 989 hae
1334 964 1490 989 mecum

1353 1017 1488 1054 semul.

162 1089 276 1126 MEN.
308 1087 443 1125 nescio
469 1100 598 1136 quem,
623 1084 770 1132 mulier,
794 1084 915 1123 alium
941 1083 1156 1130 hominem,
1179 1095 1260 1120 non
1288 1094 1351 1120 me
1377 1094 1490 1131 quae·

1386 1146 1488 1184 ritas.

163 1221 238 1257 ER.
256 1232 336 1257 non
353 1231 426 1268 ego
440 1225 478 1256 te
490 1217 585 1255 noui
601 1215 1106 1263 Menaechmum,Moscho
1119 1220 1354 1264 prognatum
1368 1219 1491 1262 patre,
1511 1223 1551 1255 55

161 1283 229 1334 qui
250 1282 448 1333 Syracusis
468 1281 675 1332 perhibere
695 1289 810 1319 natus
831 1293 916 1319 esse
937 1280 976 1318 in
998 1278 1138 1325 Sicilia,

17 1362 142 1398 409-10
161 1348 229 1387 ubi
249 1362 314 1387 rex
335 1348 574 1398 Agathocles
595 1353 776 1396 regnator
796 1345 868 1383 fuit
888 1352 927 1383 et
947 1344 1087 1383 iterum
1109 1343 1276 1390 Phintia,

161 1413 318 1452 tertium
340 1413 496 1463 Liparo,
516 1411 584 1462 qui
604 1411 644 1448 in
666 1418 791 1448 morte
811 1422 975 1459 regnum
997 1407 1166 1446 Hieroni
1186 1407 1357 1455 tradidit,

162 1493 268 1517 nunc
289 1479 414 1517 Hiero
436 1479 523 1516 est?
580 1478 695 1515 ΜΕΝ.
719 1477 796 1514 hau
818 1477 924 1522 falsa,
947 1474 1096 1521 mulier,
1119 1473 1325 1528 praedicas
1383 1474 1488 1511 MES.

1199 1551 1270 1587 pro
1291 1537 1490 1587 Iuppiter!

163 1612 259 1647 num
279 1608 399 1647 istaec
419 1607 558 1646 mulier
577 1605 684 1643 illinc
704 1604 814 1643 uenit
833 1617 935 1654 quae
955 1611 993 1642 te
1013 1603 1125 1641 nouit
1145 1610 1225 1641 tam
1245 1603 1363 1641 cate?
1511 1609 1553 1640 60

35 1684 121 1720 414-
127 1683 144 1721 5
166 1676 280 1712 ΜΕΝ.
316 1674 446 1712 hercle
490 1671 641 1723 opinor,
681 1669 883 1722 pernegari
924 1682 1006 1707 non
1049 1675 1190 1718 potest.
1291 1668 1396 1705 MEs.
1442 1679 1493 1704 ne

1342 1731 1489 1770 feceris.

161 1803 321 1853 periisti,
341 1803 373 1842 si
393 1803 566 1841 intrassis
587 1802 687 1840 intra
707 1801 839 1840 limen.
899 1802 1014 1838 ΜΕΝ.
1045 1798 1141 1848 quin
1162 1805 1203 1836 tu
1223 1804 1310 1836 tace
1330 1797 1462 1835 modo.

162 1869 264 1907 bene
284 1882 344 1907 res
363 1868 517 1918 geritur.
577 1867 816 1905 adsentabor
837 1864 1033 1915 quidquid
1054 1863 1159 1902 dicet
1179 1862 1342 1910 mulieri,

162 1933 193 1972 si
214 1947 375 1984 possum
396 1932 610 1983 hospitium
631 1931 816 1970 nancisci.
876 1930 954 1968 iam
975 1930 1142 1977 dudum,
1163 1927 1312 1975 mulier,
1335 1926 1405 1965 tibi

20 2010 145 2046 419-20
162 2012 243 2037 non
263 1999 478 2050 inprudens
498 1997 760 2037 aduorsabar:
791 1997 898 2034 hunc
919 1994 1145 2033 metuebam
1166 1993 1207 2031 ni
1227 2005 1339 2031 meae
1510 2000 1551 2042 65

163 2063 272 2102 uxori
292 2062 530 2102 renuntiaret
549 2063 600 2101 de
619 2063 722 2111 palla
741 2068 780 2099 et
800 2062 850 2099 de
870 2059 1047 2111 prandio.

163 2142 282 2177 nunc,
295 2129 456 2178 quando
471 2117 542 2174 uis,
557 2139 692 2165 eamus
708 2125 821 2163 intro.
872 2126 947 2162 ER.
970 2123 1088 2162 etiarn
1104 2122 1317 2173 parasitum
1331 2123 1490 2160 manes?

205 2241 269 2271 405
293 2229 427 2272 desine]
444 2230 568 2262 desiste
584 2228 754 2259 Fleckeisen
886 2236 948 2265 412
974 2225 1058 2257 salsa
1074 2225 1168 2258 Ital.:
1192 2224 1282 2257 salsa
1296 2224 1362 2256 cod.
1380 2224 1411 2263 (s
1429 2229 1491 2265 pro

163 2275 191 2312 s;
216 2275 260 2306 vi.
283 2274 314 2314 1)
414 2284 477 2314 413
501 2274 552 2305 vel
565 2273 648 2304 illim
758 2279 866 2310 414—5
884 2270 934 2301 vel
947 2269 1051 2309 opino
1161 2279 1292 2308 419—20
1315 2267 1364 2308 ni]
1383 2278 1425 2298 ne
1442 2266 1489 2298 3²

162 2328 222 2358 421
249 2317 443 2349 renuntiare
458 2317 523 2349 cod.
545 2317 635 2358 (corr.
655 2313 716 2353 ΒΖ)
