1794 2728
208 98 261 135 II.
283 98 312 133 ii
700 98 746 134 T.
781 97 961 135 MACCI
994 96 1196 133 PLAVTI

283 208 432 248 fortiter
453 210 600 247 malum
622 207 689 258 qui
710 207 865 258 patitur,
887 206 994 245 idem
1016 214 1105 256 post
1126 205 1270 256 patitur
1290 205 1452 244 bonum.

285 276 344 312 L1.
377 274 473 325 quin
493 288 575 313 rem
596 280 774 312 actutum
796 271 1006 311 edisseris?
1035 271 1153 322 cupio
1175 273 1321 310 malum
1343 269 1569 310 nanciscier.
1637 279 1703 317 325

223 343 265 375 60
285 341 355 378 LE.
388 339 542 390 placide
563 352 654 389 ergo
676 336 993 387 unumquicquid
1013 336 1147 387 rogita,
1170 344 1212 374 ut
1231 335 1496 386 adquiescam.
1538 349 1619 374 non

1508 400 1620 439 uides

286 484 349 508 me
388 484 434 509 ex
472 482 631 507 cursura
669 467 887 506 anhelitum
927 466 1045 505 etiam
1080 467 1255 505 ducere?
1325 467 1386 504 LI.
1427 479 1498 516 age
1536 479 1618 515 age,

1439 544 1620 569 mansero

289 604 357 636 tuo
383 596 581 642 arbitratu,
605 597 668 634 uel
693 597 795 634 adeo
822 608 947 644 usque
975 596 1070 633 dum
1095 593 1209 644 peris.
1270 595 1340 631 LE.
1373 593 1535 632 ubinam
1563 600 1621 632 est

1503 671 1590 696 erus
1604 660 1621 696 ?

291 729 350 764 L1.
383 726 506 765 maior
525 726 631 775 apud
653 726 830 771 forumst‚
853 723 981 762 minor
1001 725 1066 762 hic
1085 730 1143 762 est
1164 723 1278 761 intus.
1336 724 1406 761 LE.
1430 722 1506 760 iam
1529 722 1620 760 satis

1432 795 1491 825 est
1511 786 1618 826 mihi.

291 859 350 895 Li.
384 864 466 895 tum
488 856 603 906 igitur
625 862 664 893 tu
687 855 799 894 diues
820 868 861 893 es
882 856 1038 892 factus?
1096 856 1166 891 LE.
1200 852 1310 891 mitte
1331 852 1560 892 ridicularia.
1644 861 1712 895 330

229 927 269 967 65
290 924 375 963 †L1.
408 921 523 960 mitto
539 926 570 961 :†
603 921 703 959 istuc
724 922 833 971 quod
853 921 982 958 adfers
1009 933 1122 957 aures
1143 925 1371 969 exspectant
1391 931 1513 956 meae.

292 989 364 1026 LE.
385 987 561 1025 animum
578 987 754 1032 aduorte,
771 993 813 1024 ut
828 999 954 1035 aeque
970 998 1127 1023 mecum
1144 983 1243 1023 haec
1259 983 1368 1022 scias.
1414 985 1476 1021 L1.
1499 990 1622 1022 taceo.

1414 1050 1484 1088 LE.
1517 1048 1621 1088 beas.

292 1117 533 1157 meministin
554 1116 685 1156 asinos
707 1115 923 1155 Arcadicos
944 1114 1150 1154 mercatori
1173 1116 1306 1154 Pelleo

293 1192 470 1223 nostrum
484 1185 657 1223 uendere
672 1182 913 1221 atriensem?
957 1183 1015 1220 L1.
1040 1180 1213 1219 memini.
1250 1180 1347 1231 quid
1363 1187 1447 1218 tum
1463 1180 1624 1230 postea?

296 1250 364 1287 LE.
398 1248 459 1288 em
481 1262 572 1299 ergo
593 1248 624 1286 is
644 1255 849 1298 argentum
871 1248 948 1285 huc
969 1245 1117 1285 remisit
1137 1246 1246 1296 quod
1267 1246 1424 1284 daretur
1443 1246 1612 1284 Saureae

235 1329 274 1364 70
295 1314 365 1364 pro
384 1313 514 1352 asinis.
569 1314 802 1352 adulescens
825 1311 933 1351 uenit
954 1312 1087 1358 modo,
1111 1310 1178 1361 qui
1199 1310 1239 1349 id
1259 1317 1464 1360 argentum
1485 1308 1622 1348 attulit.

295 1381 354 1417 L1..
386 1378 457 1417 ubi
486 1378 518 1417 is
547 1379 736 1416 homost?
793 1379 864 1415 LE.
896 1376 973 1414 iam
1004 1376 1279 1414 deuorandum
1306 1388 1455 1421 censes,
1478 1374 1509 1413 si
1535 1387 1626 1412 con-

1427 1438 1596 1490 spexeris
1610 1440 1626 1477 ?

295 1510 355 1547 L1.
378 1508 433 1547 ita
453 1508 559 1547 enim
576 1521 681 1546 uero.
732 1508 802 1545 sed
819 1514 951 1545 tamen
973 1513 1014 1544 tu
1031 1519 1175 1556 nempe
1191 1519 1259 1545 eos
1275 1505 1406 1544 asinos
1422 1503 1626 1554 praedicas

295 1575 461 1620 uetulos‚
494 1574 668 1620 claudos,
692 1571 826 1622 quibu’
854 1570 1056 1622 suptritael
1069 1572 1120 1610 ad
1147 1570 1294 1609 femina
1318 1569 1395 1608 iarn
1423 1576 1532 1607 erant
1558 1583 1627 1606 un·
1646 1579 1715 1614 340

1484 1635 1598 1685 gulae
1611 1635 1628 1672 ?

298 1705 368 1742 LE.
401 1703 517 1753 ipsos,
541 1702 607 1753 qui
629 1701 699 1741 tibi
720 1702 1010 1741 subuectabant
1029 1715 1116 1740 rure
1136 1703 1214 1740 huc
1235 1700 1361 1751 uirgas
1381 1701 1542 1738 ulmeas.

239 1778 277 1812 75
299 1769 359 1807 L1.
391 1775 519 1815 teneo,
541 1775 659 1818 atque
686 1767 792 1806 idem
817 1766 855 1805 te‘:
879 1767 972 1806 hinc
998 1766 1188 1806 uexerunt
1215 1766 1393 1805 uinctum
1420 1778 1494 1803 rus.
1555 1765 1625 1802 LE.

1260 1844 1411 1870 memor
1431 1843 1471 1869 es
1492 1829 1625 1880 probe.

296 1912 433 1937 uerum
454 1898 494 1937 in
516 1898 679 1938 tostrina
700 1907 743 1938 ut
764 1901 964 1947 sedebam,
989 1913 1052 1938 me
1073 1898 1158 1937 infit
1178 1895 1441 1949 percontarier

297 1977 462 2014 ecquem
484 1963 608 2002 filium
631 1964 821 2005 Stratonis
843 1964 1022 2003 nouerim
1045 1966 1346 2003 Demaenetum.

297 2028 388 2067 dico
409 2042 472 2067 me
493 2030 652 2069 nouisse
673 2031 870 2080 extemplo
891 2037 929 2068 et
950 2028 1012 2067 me
1033 2028 1116 2068 eius
1137 2028 1292 2067 seruom
1313 2024 1498 2077 praedico
1648 2033 1713 2070 345

298 2107 395 2141 esse,
417 2101 455 2133 et
476 2095 584 2134 aedis
606 2094 875 2134 demonstraui
896 2101 1058 2132 nostras.
1118 2094 1177 2131 L1.
1210 2091 1307 2142 quid
1328 2098 1411 2129 tum
1432 2090 1598 2140 postea?

1644 1163 1712 1198 334

1644 1210 1710 1246 335

343 2210 405 2239 324
431 2199 558 2239 potitur
574 2199 602 2229 b.
623 2198 710 2235 Ital.,
731 2198 789 2229 sed
802 2198 840 2238 cf
852 2198 1028 2229 Abraham
1045 2196 1143 2228 stud.
1162 2196 1212 2227 Pl.
1230 2206 1262 2234 p.
1281 2196 1343 2233 196
1503 2202 1567 2232 325
1589 2192 1627 2232 ef.

250 2243 258 2253 ⁸
301 2243 451 2282 Lz'ndsay
466 2242 565 2281 praef.
588 2243 621 2272 in
641 2242 723 2282 Capt
749 2253 781 2281 p.
801 2243 843 2279 64
1009 2242 1073 2279 326
1097 2240 1258 2279 quidquid
1280 2238 1388 2277 rogita
1408 2237 1630 2274 Camerarius,

301 2287 403 2317 Bothe
420 2298 426 2317 z
450 2286 598 2325 quidque
617 2286 658 2315 de
677 2285 786 2324 rogita
803 2284 867 2316 cod.
961 2295 1020 2323 331
1039 2284 1118 2323 fort.
1137 2281 1386 2318 <Libane.>Lx.
1403 2281 1496 2311 mitto
1516 2280 1574 2320 (iii.
1595 2281 1628 2318 2)

301 2332 387 2362 istuc
404 2328 506 2372 <quid
524 2328 589 2371 sit>
609 2328 713 2369 Goetz,
733 2328 846 2359 Loewe
976 2337 1041 2367 343
1064 2337 1117 2358 me
1130 2325 1290 2366 Pylades:
1314 2335 1367 2356 me
1384 2335 1437 2355 me
1453 2324 1518 2354 cod.
