1742 2718
688 64 1010 105 PRAEFATIO

182 182 287 221 enim
308 180 423 219 aliam
445 194 490 218 ac
511 177 672 218 Graecis
693 173 911 215 comoediis
933 171 1105 222 speciem
1123 170 1271 209 Latinis
1288 170 1515 219 imponere3

182 248 297 285 simul
319 245 415 283 mihi
436 256 666 295 persuasum
693 241 814 279 habui
840 239 927 276 illos
954 237 1086 287 apices
1111 236 1151 274 in
1171 249 1289 273 causa
1309 234 1428 272 fuisse
1448 246 1516 271 cur

181 310 339 362 plurimi
360 309 467 349 docti
487 320 691 358 perperam
705 306 716 326 ¹
740 306 790 343 de
812 304 891 341 ictu
912 301 1077 340 metrico
1104 299 1287 338 Plautino
1315 297 1513 338 sentirent.

184 379 245 415 Eo
283 383 415 414 autem
454 374 584 412 minus
623 369 802 410 dubitavi
841 369 1029 406 molestos
1069 365 1155 404 illos
1193 364 1324 415 apices
1358 363 1408 401 ab
1442 363 1516 400 hac

184 442 359 482 editione
391 440 546 479 abicere
580 450 711 487 neque
743 434 818 473 nisi
849 435 900 472 ad
933 433 1102 471 salebras
1136 431 1234 482 (non
1265 432 1357 469 dico
1391 442 1518 467 corru-

184 508 324 558 ptelas)
349 506 389 544 in
420 513 527 543 textu
554 500 815 541 indicandas²
841 497 1040 544 adbibere,
1064 496 1157 547 quia
1182 509 1250 544 per
1277 493 1518 544 amplissima

185 574 396 611 Schemata
436 572 655 608 Metrorurn
693 565 736 605 in
773 564 978 613 utriusque
1014 562 1225 600 voluminis
1263 561 1342 598 fine
1384 558 1519 598 addita

186 637 278 677 satis
300 636 432 676 lucide
453 642 576 673 metra
597 632 816 671 difficiliora
835 627 1081 679 expedivisse
1101 625 1197 664 mihi
1216 625 1388 663 videbar.

242 702 351 741 Illud
387 699 510 749 magis
549 695 839 736 dubitationem
878 692 1009 732 attulit
1047 705 1221 742 quonam
1260 690 1342 728 iure
1394 703 1519 728 novae

187 766 353 807 editioni
388 765 607 803 fabularum
638 760 907 800 Plautinarum
940 758 1073 796 locum
1102 755 1355 794 vindicarem.
1416 756 1519 793 Nam

188 899 301 924 tamen
320 901 438 923 omnes
457 888 687 929 posteriorem.
731 884 896 925 Equidem
908 882 989 922 quid
1006 881 1150 912 sentiam
1167 880 1267 920 plene
1277 880 1353 911 alibi
1369 881 1519 921 (‘Journ.

191 945 290 975 Phil.'
322 954 373 982 27,
406 944 483 981 200)
517 938 674 979 exposui.
727 937 820 967 Scito
849 935 952 973 igitur
976 944 1031 964 me
1058 934 1091 963 in
1117 937 1215 963 textu
1239 932 1338 963 huius
1364 933 1523 963 editionis

188 996 343 1036 apicibus
368 993 535 1033 appositis
564 991 694 1021 hiatum
722 998 798 1019 meo
824 987 950 1017 iudicio
982 985 1169 1024 legitimum
1201 984 1406 1023 significare,
1435 984 1524 1015 linea

189 1053 301 1078 autem
328 1051 420 1077 recta
443 1045 571 1074 hiatum
590 1046 648 1072 aut
665 1040 803 1071 omnino
822 1038 941 1069 salsum
958 1042 1015 1068 aut
1032 1042 1236 1075 suspectum.
1283 1035 1394 1066 Etiam
1411 1036 1472 1067 hac
1490 1037 1523 1066 in

191 1111 227 1131 re
245 1098 441 1131 continuam
461 1101 495 1127 et
513 1096 714 1125 disiunctam
725 1092 907 1122 verborum
924 1089 1126 1129 scripturam
1139 1088 1180 1118 ad
1192 1087 1388 1119 varietatem
1408 1099 1525 1127 proso-

193 1153 301 1183 dicam
327 1148 490 1186 adhibui3
513 1157 583 1185 v.g.
602 1144 753 1177 circumit
777 1142 843 1183 (vel
860 1142 982 1182 circuit)
1007 1140 1109 1172 habet
1132 1144 1202 1170 tres
1225 1139 1385 1178 syllabas,
1404 1140 1524 1169 circum

192 1206 215 1234 it
247 1203 342 1242 duas,
378 1202 497 1231 introeo
529 1203 699 1237 quattuor,
738 1196 824 1226 intro
851 1204 887 1225 eo
913 1197 993 1226 tres.
1039 1190 1079 1222 In
1107 1191 1333 1221 locutionibus
1350 1190 1525 1231 flagitium

193 1255 350 1292 hominis,
369 1254 414 1283 ita
432 1261 483 1282 me
499 1251 535 1281 di
549 1252 672 1288 ament,
693 1246 867 1284 similibus,
886 1255 973 1284 quae
990 1253 1128 1282 semper
1145 1242 1177 1272 in
1191 1243 1343 1272 versibus
1360 1242 1526 1272 Plautinis

194 1313 245 1349 get
268 1306 427 1338 nimirum
453 1304 485 1333 in
511 1311 668 1333 sermone
694 1299 768 1329 eius
791 1298 868 1328 aevi
889 1295 1076 1332 cotidiano)
1104 1294 1231 1325 hiatum
1258 1293 1431 1331 exhibent,
1457 1304 1525 1325 non

194 1364 266 1390 erat
292 1368 352 1389 cur
373 1357 488 1397 apices
509 1353 725 1389 adhiberem;
751 1360 814 1381 nec
836 1349 946 1388 magis
964 1348 998 1378 in
1019 1346 1241 1386 Argumentis
1260 1356 1346 1385 quae
1371 1345 1528 1376 dicuntur

195 1410 397 1442 acrostichis
423 1409 455 1438 in
482 1407 603 1446 quibus
629 1405 742 1434 hiatus
765 1403 799 1433 in
824 1411 887 1432 usu
911 1406 970 1431 est.
1018 1399 1128 1429 Etiam
1146 1398 1180 1428 in
1201 1397 1361 1439 prologis,
1381 1397 1436 1438 qui
1461 1408 1526 1428 non

195 1472 331 1502 semper
348 1460 494 1491 Plautini
513 1464 602 1497 sunt,
624 1462 658 1487 et
676 1456 791 1486 hiatus
804 1459 839 1485 et
856 1452 921 1483 alia
937 1462 1023 1491 quae
1045 1451 1187 1481 Plautus
1211 1451 1285 1489 ipse
1304 1451 1527 1481 detrectasset

196 1520 272 1545 sunt
291 1514 435 1544 fortasse
454 1509 633 1541 toleranda
652 1507 711 1545 (cs.
729 1507 771 1537 ad
791 1505 868 1536 Cas.
889 1503 974 1544 prol.
987 1513 1041 1542 23,
1060 1502 1143 1533 Cist.
1164 1512 1233 1540 arg.
1250 1512 1300 1539 10,
1315 1501 1439 1541 Amph.
1455 1511 1525 1539 arg.

199 1567 210 1596 1
231 1567 277 1606 7),
290 1565 378 1595 unde
395 1564 432 1594 fit
449 1568 483 1593 ut
501 1562 535 1592 in
555 1560 707 1600 prologis
724 1559 855 1597 apicem
873 1557 918 1586 ibi
935 1566 1038 1595 saepe
1054 1553 1262 1584 adhibuerim
1280 1553 1335 1583 ubi
1351 1553 1384 1582 in
1402 1553 1528 1592 reliqua

197 1617 307 1648 sabula
323 1617 414 1646 linea
430 1615 486 1645 illa
503 1618 595 1644 recta
612 1611 763 1642 adhibita
780 1613 883 1640 esset.

241 1669 253 1689 ¹
281 1669 367 1700 Sunt
383 1667 476 1698 enim
494 1665 596 1695 hodie
616 1663 758 1704 (credite
777 1660 905 1701 posteri
919 1661 939 1699 Γ)
959 1660 1015 1699 qui
1031 1658 1121 1689 serio
1138 1658 1305 1687 affirment
1322 1661 1447 1687 tantam
1461 1656 1529 1686 vim

199 1722 305 1752 fuisse
327 1720 414 1750 ictus
433 1716 562 1748 metrici
583 1721 619 1746 ut
638 1715 671 1745 in
691 1723 791 1745 versu
814 1711 971 1742 Plautino
989 1713 1070 1751 <non
1089 1713 1203 1740 tamen
1221 1708 1254 1738 in
1269 1707 1437 1738 cotidiano
1455 1707 1530 1738 aevi

201 1772 343 1803 Plautini
361 1769 538 1809 sermone)
558 1767 704 1808 potuerit
721 1767 729 1783 ‘
741 1764 866 1795 amica’
883 1774 927 1793 ex
940 1768 1047 1793 amica
1061 1760 1134 1791 fieri
1151 1760 1272 1800 (Stich.
1289 1759 1381 1799 700),
1398 1760 1508 1789 ‘abire
1520 1758 1528 1774 ⁷

201 1836 243 1856 ex
268 1824 353 1854 abire
379 1823 486 1862 (Trin.
516 1821 612 1862 983),
644 1818 802 1849 ‘venire'
829 1827 871 1847 ex
895 1821 1001 1845 venire
1024 1813 1140 1853 (Truc.
1167 1812 1256 1850 504),
1288 1810 1460 1840 ‘duobus’
1487 1820 1530 1840 ex

201 1876 329 1907 duabus
365 1875 456 1914 (Cas.
493 1884 582 1912 1011,
616 1871 684 1902 Mil.
718 1871 810 1910 290),
845 1865 1031 1906 ‘deorum’
1060 1862 1246 1902 ‘dearum‚'
1273 1862 1460 1893 ‘duorum'
1487 1872 1531 1892 ex

201 1929 348 1964 deorum,
376 1927 529 1965 dearum,
558 1925 706 1955 duorum
735 1921 822 1961 (Mil.
851 1921 923 1959 736,
953 1917 1074 1949 Pseud.
1101 1918 1149 1956 5),
1169 1914 1324 1945 ‘eamus’
1344 1925 1387 1945 ex
1413 1918 1532 1944 ecimus

206 1980 307 2018 [Men.
328 1979 418 2018 387),
442 1978 602 2008 ‘diebus’
625 1987 668 2006 ex
689 1974 800 2005 diebus
819 1972 939 2012 (Poen.
965 1970 1072 2009 1207).
1121 1967 1230 1998 Pudet
1252 1967 1347 2006 plura
1367 1966 1529 2006 proferre.

205 2032 417 2070 Ubicumque
442 2031 530 2060 enirn
559 2029 687 2069 syllaba
712 2026 824 2057 brevis
850 2025 883 2055 in
907 2034 1007 2054 versu
1034 2020 1187 2052 Plautino
1211 2024 1363 2059 apparet,
1391 2018 1532 2049 credere

203 2084 363 2114 videntur
388 2083 543 2113 Plautum
568 2081 721 2122 potuisse
742 2090 814 2110 eam
842 2076 1008 2118 syllabam
1029 2074 1108 2105 ‘sub
1129 2074 1194 2104 ictu
1219 2073 1360 2102 metrico
1382 2071 1529 2110 ponere’

207 2136 268 2174 (sic
293 2136 381 2165 enim
408 2136 500 2175 loqui
528 2135 657 2171 solent)
689 2138 724 2164 ut
750 2141 898 2171 sequens
927 2128 1057 2169 syllaba
1088 2137 1131 2158 ex
1157 2126 1258 2164 longa
1287 2124 1383 2154 fieret
1410 2123 1530 2154 brevis.

206 2188 292 2221 Vide
311 2198 350 2218 ea
367 2198 453 2226 quae
472 2186 593 2225 scripsi
612 2185 688 2215 alibi
709 2184 818 2224 (Berl.
839 2183 925 2214 Phil.
943 2180 1066 2212 Woch.
1084 2190 1136 2217 22,
1156 2178 1232 2217 842)
1253 2177 1294 2207 de
1309 2176 1371 2206 hac

294 2240 452 2279 prosodia
471 2248 573 2277 quarn
591 2237 724 2277 perodit
744 2235 850 2274 Musa,
873 2235 1065 2269 inamoena,
1084 2229 1293 2271 perhorrida,
1315 2226 1433 2258 inutili.

250 2291 262 2311 ²
289 2291 390 2321 Unde
407 2291 504 2321 etiam
520 2290 584 2319 hoc
601 2288 812 2318 commodum
827 2286 934 2315 habes
946 2289 982 2314 ut
995 2283 1091 2314 facile
1105 2280 1285 2318 intellegas
1298 2289 1362 2318 quo
1379 2281 1534 2318 spectent

208 2344 424 2374 coniecturae
441 2342 589 2372 virorum
607 2341 780 2370 doctorum
800 2338 833 2367 in
850 2337 1070 2368 adnotatione
1089 2336 1303 2364 memoratae.

839 2392 904 2430 viii
