1742 2718
639 45 995 84 MENAECHMI

669 262 906 309 ACTVS
958 263 976 308 I

654 396 975 433 PEN1CVLvs
1501 402 1565 439 Li

155 476 222 512 PE.
257 475 448 514 quentus
469 489 615 515 nomen
639 476 729 514 fecit
752 475 941 514 Peniculo
962 476 1068 524 mihi,

154 538 244 576 ideo
265 539 356 589 quia
376 554 553 579 mensam
574 542 735 590 quando
755 543 832 580 edo
852 543 1047 591 detergeo.

152 603 333 642 homines
355 605 532 655 captiuos
554 606 620 655 qui
641 606 788 644 catenis
809 606 989 645 uinciunt

90 672 135 706 80
152 676 190 707 et
211 669 277 719 qui
298 669 469 719 fugitiuis
490 671 611 708 seruis
631 670 774 709 indunt
794 672 1009 722 compediS,

152 735 258 772 nimi'
279 737 394 773 stulte
415 735 562 773 faciunt
582 749 670 774 mea
690 737 851 786 quidem
873 736 1076 775 sententia.
1499 751 1516 783 5

152 813 243 837 nam
264 799 415 838 homini
436 799 584 838 misero
598 800 629 838 si
649 801 701 838 ad
721 802 868 839 malum
887 800 1042 839 accedit
1062 801 1220 850 malum,

151 865 273 903 maior
293 864 430 903 lubido
450 872 508 903 est
528 866 659 915 fugere
679 872 717 903 et
738 867 863 904 facere
883 865 1073 916 nequiter.

150 943 241 967 narn
262 943 303 968 se
323 944 369 968 ex
389 930 536 969 catenis
557 929 734 969 eximunt
752 931 885 981 aliquo
906 933 1039 970 modo.

86 1000 128 1044 85
150 1002 233 1033 tum
254 995 468 1045 compediti
487 995 523 1034 ei
543 1009 663 1034 anum
685 996 778 1034 lima
797 1004 1022 1046 praeterunt

148 1068 216 1098 aut
235 1060 366 1111 lapide
386 1061 587 1099 excutiunt
608 1063 774 1100 clauom.
833 1075 960 1112 nugae
981 1069 1072 1100 sunt
1092 1075 1172 1102 eae.
1495 1072 1535 1095 10

149 1139 268 1175 quem
288 1133 330 1164 tu
350 1127 557 1165 adseruare
577 1134 681 1165 recte
701 1140 751 1165 ne
771 1127 943 1177 aufugiat
963 1128 1073 1166 uoles

149 1204 238 1229 esca
257 1198 376 1241 atque
395 1191 557 1241 potione
575 1191 714 1230 uinciri
735 1193 858 1230 decet.

148 1257 254 1307 apud
275 1256 453 1295 me'nsam
473 1258 631 1307 plenam
651 1255 803 1295 homini
823 1263 990 1295 rostrum
1011 1256 1159 1307 deliges
1172 1272 1185 1306 3

84 1333 131 1368 90
149 1322 244 1360 dum
265 1329 306 1359 tu
327 1321 381 1359 illi
401 1323 511 1371 quod
530 1322 611 1360 edit
632 1329 670 1360 et
690 1323 798 1372 quod
818 1329 928 1372 potet
948 1322 1147 1372 praebeas,

149 1400 220 1425 suo
240 1386 427 1424 arbitratu
454 1385 458 1438 Ι
483 1388 534 1425 ad
554 1386 663 1425 fatim
683 1386 856 1434 cottidie,
1496 1400 1536 1434 15

148 1465 366 1502 numquam
386 1452 529 1502 edepol
550 1451 682 1502 fugiet,
704 1459 784 1490 tam
805 1452 877 1490 etsi
897 1451 1040 1502 capital
1059 1451 1203 1500 fecerit,

148 1517 260 1556 facile
279 1517 518 1564 adseruabis‚
541 1518 637 1555 dum
658 1530 706 1555 eo
727 1517 859 1555 uinclo
879 1516 1040 1556 uincies.

147 1582 201 1620 ita
220 1582 339 1621 istaec
359 1582 466 1621 nimi'
486 1584 592 1621 lenta
612 1581 743 1620 uincla
763 1589 853 1620 sunt
873 1581 1042 1620 escaria:

84 1662 127 1699 95
148 1660 268 1697 quam
288 1648 411 1698 magis
431 1649 620 1687 extendas
640 1654 750 1685 tanto
770 1646 988 1697 astringunt
1007 1646 1136 1686 artius.

149 1727 241 1752 nam
261 1726 334 1764 ego
353 1715 405 1752 ad
426 1715 737 1752 Menaechmum
757 1714 864 1751 hunc
884 1711 1027 1765 (nunc)
1046 1726 1105 1760 eo,
1128 1725 1208 1763 quo
1228 1712 1306 1752 iam
1326 1712 1395 1752 diu
1496 1728 1538 1751 20

148 1793 235 1817 sum
256 1779 450 1818 iudicatus
464 1793 475 1826 3
503 1779 605 1817 ultro
625 1792 673 1817 eo
693 1785 736 1816 ut
757 1791 820 1816 me
840 1777 998 1816 uinciat.

147 1858 239 1883 nam
258 1844 336 1883 illic
357 1846 479 1884 homo
498 1844 680 1882 homines
700 1857 781 1882 non
801 1843 880 1891 alit,
902 1856 1040 1882 uerum
1060 1844 1203 1882 educat

146 1917 372 1960 recreatque
389 1925 396 1948 :
426 1910 556 1947 nullus
577 1908 716 1947 melius
737 1908 976 1948 medicinam
997 1907 1100 1947 facit.

193 2023 232 2053 77
258 2012 338 2043 fecit
354 2022 476 2043 nomen
494 2011 583 2044 codd.
600 2012 693 2044 schol.
711 2011 743 2042 V
740 2022 802 2053 erg.
820 2011 932 2053 Georg.
956 2022 981 2050 1,
1004 2021 1063 2051 137
1196 2012 1238 2042 82
1262 2010 1370 2054 (hoc)
1386 2011 1474 2044 hom.

149 2055 290 2087 Mueller
398 2056 440 2095 85
464 2056 474 2085 i
491 2056 557 2088 cod.
577 2060 615 2086 ut
628 2055 693 2087 vid.
711 2067 719 2086 :
741 2066 806 2086 om.
821 2055 862 2097 B,
876 2055 963 2086 codd.
980 2054 1085 2086 Nonii
1097 2064 1162 2096 333
1273 2056 1317 2095 89
1339 2066 1385 2086 an
1400 2053 1479 2098 (ei)

149 2101 205 2132 h.'.²
226 2099 273 2141 (A
294 2110 325 2131 n.
339 2100 379 2139 l.)
493 2110 533 2139 91
549 2099 630 2139 fort.
647 2099 808 2130 arbitratu
825 2098 977 2141 (usque)
995 2098 1042 2138 (A
1062 2109 1094 2130 n.
1109 2099 1145 2140 l.)
1160 2099 1212 2141 (cf
1225 2099 1271 2130 ad
1280 2098 1378 2130 Most.
1398 2102 1475 2138 793)

149 2153 191 2182 92
214 2143 249 2173 in
272 2142 306 2172 A
331 2153 432 2183 usque
453 2142 501 2174 ad
527 2153 556 2174 v.
585 2143 644 2173 108
669 2146 800 2173 tantum
827 2147 1015 2183 paucorum
1041 2153 1198 2173 versuum
1229 2143 1322 2174 initia
1351 2146 1478 2174 servata

149 2186 270 2226 edepol
294 2185 402 2225 fugiet
431 2191 499 2217 tam
526 2186 591 2217 etsi
615 2186 774 2226 Pylades:
815 2187 937 2226 edepol
970 2186 1037 2227 [te]
1070 2186 1176 2226 fugiet
1207 2187 1286 2218 tiam
1318 2191 1352 2217 et
1383 2187 1409 2216 si
1433 2185 1476 2227 P,

148 2230 181 2260 A
201 2241 234 2262 n.
249 2230 269 2261 l.
288 2241 295 2260 z
320 2229 435 2261 hercle
451 2230 588 2269 effugiet
606 2234 672 2260 tam
685 2230 749 2260 etsi
760 2229 848 2261 codd.
863 2229 967 2260 Nonii
979 2230 1022 2268 38
1034 2228 1215 2271 (neglegens
1224 2231 1343 2270 a'tatio)
1433 2241 1477 2269 94

148 2284 188 2304 ea
208 2274 299 2304 enim
322 2273 392 2304 fere
416 2274 510 2305 lenta
533 2273 667 2304 Nonius
693 2274 754 2303 108
772 2272 954 2314 (neglegens
969 2273 1089 2315 a'tatio)
1226 2275 1270 2313 96
1293 2283 1383 2304 nunc
1398 2273 1475 2306 add.

147 2316 286 2348 Mueller
