1794 2728
253 95 282 131 Ι.

225 607 286 637 230

230 1055 288 1087 235

305 95 319 131 i
723 95 768 132 T.
803 94 983 133 MACCI
1016 94 1220 132 PLAVTI

306 207 389 245 ME.
423 205 563 255 quoius
593 206 664 243 es?
720 206 784 243 So.
817 203 1130 254 Amphitruonis,
1162 203 1335 254 inquam,
1367 204 1487 244 Sosia.
1547 206 1631 244 ΜΕ.

1268 283 1359 320 ergo
1379 269 1477 309 istoc
1497 269 1631 321 magis,

305 336 397 386 quia
417 336 674 385 uaniloquo⁷s‚
698 334 927 385 uapulabis:
958 347 1031 383 ego
1052 347 1150 380 sum,
1174 347 1254 373 non
1276 341 1327 382 tu,
1351 334 1472 373 Sosia.

306 403 369 440 So.
402 401 454 439 ita
475 401 514 439 di
535 400 689 446 faciant,
713 407 755 437 ut
779 407 820 437 tu
842 398 972 448 potius
994 399 1045 437 sis
1065 407 1184 448 atque
1205 412 1277 449 ego
1297 406 1335 437 te
1355 406 1397 437 ut
1418 400 1630 438 uerberem.
1655 406 1725 451 380

308 467 389 503 ΜΕ.
440 465 558 504 etiam
601 464 765 502 muttis?
840 465 903 501 So.
947 463 1024 501 iam
1073 463 1224 501 tacebo.
1304 465 1387 501 ΜΕ.
1433 463 1518 513 quis
1563 463 1634 503 tibi

1017 530 1154 566 erust?
1212 529 1276 566 So.
1309 541 1427 577 quem
1448 536 1489 566 tu
1510 531 1628 568 uoles.

309 597 390 633 ΜΕ.
424 595 519 645 quid
549 593 692 644 igitur?
731 593 797 643 qui
824 606 930 631 nunc
957 594 1131 631 uocare?
1188 594 1253 631 SO.
1284 606 1403 631 nemo
1422 592 1495 631 nisi
1516 607 1634 643 quem

1467 657 1632 696 iusseris.

310 727 392 762 ΜΕ.
415 723 717 774 Amphitruonis
738 730 775 761 te
796 736 880 761 esse
901 722 1034 760 aiebas
1051 721 1213 761 Sosiam.
1274 723 1337 760 So.
1367 735 1632 772 peccaueram,

307 802 398 826 nam
421 787 721 838 Amphitruonis
743 787 894 825 socium
916 800 965 824 ne
987 800 1050 824 me
1071 786 1156 824 6556
1176 786 1285 824 uolui
1306 786 1445 824 dicere.

310 855 393 891 ME.
426 853 574 891 scibam
609 852 795 902 equidem
829 853 981 890 nullum
1017 864 1102 889 esse
1131 851 1246 889 nobis
1280 851 1354 889 nisi
1383 865 1446 890 me
1480 865 1635 890 seruom
1655 851 1720 896 385

1470 915 1632 954 Sosiam.

310 983 406 1033 fugit
428 990 464 1021 te
485 982 594 1021 ratio.
654 984 718 1020 So.
751 982 901 1020 utinam
924 981 1023 1019 istuc
1044 981 1163 1031 pugni
1186 981 1368 1019 fecissent
1389 980 1454 1019 tui.

312 1049 394 1084 ΜΕ.
428 1061 500 1096 ego
522 1061 608 1084 sum
631 1046 742 1085 Sosia
762 1046 826 1084 ille
847 1060 965 1096 quem
987 1053 1029 1083 tu
1051 1047 1203 1084 dudum
1225 1059 1309 1084 esse
1329 1045 1460 1084 aiebas
1482 1045 1588 1082 mihi.

312 1114 374 1151 So.
408 1126 572 1162 opsecro
593 1120 635 1149 ut
655 1125 724 1161 per
744 1125 882 1161 pacem
904 1111 1018 1149 liceat
1039 1118 1077 1148 te
1097 1110 1269 1160 adloqui,
1293 1118 1334 1148 ut
1355 1124 1404 1148 ne
1425 1111 1619 1160 uapulem.

312 1179 394 1214 ΜΕ.
427 1177 550 1215 immo
571 1176 746 1215 indutiae
768 1190 977 1226 parumper
997 1177 1103 1223 fiant,
1127 1175 1158 1213 si
1179 1175 1274 1225 quid
1295 1175 1354 1213 uis
1375 1175 1492 1225 loqui.

311 1243 374 1280 So.
410 1256 489 1280 non
511 1243 649 1291 loquar
669 1241 742 1279 nisi
764 1255 860 1291 pace
882 1243 994 1287 facta,
1018 1242 1178 1291 quando
1199 1241 1340 1291 pugnis
1360 1242 1447 1291 plus
1468 1242 1584 1279 uales.
1659 1250 1728 1285 390

313 1308 395 1344 ΜΕ.
427 1306 548 1345 dicito
570 1304 635 1358 [si]
657 1305 753 1356 quid
774 1305 844 1353 uis,
860 1319 941 1344 non
958 1306 1123 1344 nocebo.
1184 1307 1248 1344 So.
1280 1313 1370 1344 tuae
1390 1307 1468 1344 fide
1489 1306 1639 1344 credo?

1399 1373 1481 1409 ΜΕ.
1514 1384 1635 1409 meae.

312 1438 375 1474 So.
409 1436 504 1485 quid
526 1436 557 1474 si
578 1438 718 1474 falles?
776 1438 858 1474 ΜΕ.
892 1443 977 1474 tum
1000 1436 1218 1474 Mercurius
1241 1436 1374 1476 Sosiae
1396 1436 1513 1474 iratus
1535 1435 1616 1474 siet.

312 1503 374 1540 So.
408 1501 583 1539 animum
605 1503 779 1540 aduorte.
840 1515 946 1540 nunc
967 1501 1057 1540 licet
1078 1501 1131 1539 mi
1152 1501 1272 1541 libere
1294 1501 1450 1552 quiduis
1471 1501 1589 1551 loqui.

311 1566 611 1616 Amphitruonis
633 1581 705 1617 ego
727 1581 814 1605 sum
835 1581 969 1605 seruos
991 1567 1112 1624 Sosia.
1174 1569 1256 1605 ΜΕ.
1290 1567 1406 1606 etiam
1428 1568 1589 1605 denuo?

313 1633 377 1670 So.
410 1646 549 1681 pacem
571 1632 654 1679 feci,
679 1634 819 1671 foedus
840 1632 925 1671 feci.
985 1646 1077 1671 uera
1098 1632 1199 1671 dico.
1260 1634 1343 1671 ΜΕ.
1375 1633 1527 1682 uapula.
1660 1640 1724 1677 395

313 1698 376 1734 So.
410 1704 452 1734 ut
472 1697 580 1735 lubet
601 1696 696 1746 quid
718 1697 789 1735 tibi
810 1697 919 1735 lubet
940 1698 1010 1744 fac,
1032 1697 1219 1747 quoniam
1241 1696 1380 1747 pugnis
1400 1698 1487 1746 plus
1508 1697 1614 1734 uales
1632 1710 1640 1742 3

229 1785 243 1794 a
272 1793 282 1802 .
312 1775 461 1809 uerum,
494 1769 580 1799 utut
609 1776 649 1800 65
680 1763 862 1810 facturus,
897 1764 973 1800 hoc
1009 1762 1170 1812 quidem
1202 1763 1331 1800 hercle
1360 1762 1437 1799 hau
1467 1760 1640 1799 reticebo

1494 1833 1636 1864 tamen.

313 1893 395 1930 ΜΕ.
429 1899 469 1930 tu
492 1905 554 1930 me
574 1891 688 1930 uiuos
711 1892 831 1931 hodie
854 1907 1071 1943 numquam
1094 1893 1211 1932 facies
1233 1892 1327 1944 quin
1348 1891 1420 1930 sim
1442 1890 1562 1930 Sosia.

256 1970 264 1990 ι
312 1958 376 1995 So.
409 1964 513 1995 certe
529 1957 671 2006 edepol
687 1965 727 1995 tu
747 1972 811 1996 me
824 1958 1014 1997 alienabis
1029 1972 1246 2009 numquam
1260 1957 1354 2008 quin
1371 1964 1503 1995 noster
1518 1955 1615 1994 siem
1630 1970 1640 2004 3

311 2034 385 2059 nec
406 2028 609 2070 praesente
633 2021 747 2060 nobis
769 2022 867 2061 alius
890 2023 1137 2073 quisquamst
1157 2036 1290 2061 seruos
1311 2021 1430 2061 Sosia.
1661 2029 1731 2062 400

313 2085 379 2135 qui
406 2098 495 2122 cum
525 2083 528 2136 Ι
555 2086 845 2135 Amphitruone
867 2087 960 2125 hinc
982 2101 1061 2125 una
1082 2087 1228 2126 sueram
1249 2085 1287 2123 in
1309 2085 1532 2124 exercitum.

355 2190 420 2227 380
434 2189 514 2227 sort.
530 2189 549 2219 f.
566 2191 599 2219 tu
612 2199 641 2227 p.
659 2199 683 2219 5.
702 2200 729 2219 a.
743 2200 806 2228 ego
819 2191 874 2220 ted
890 2194 967 2221 utu.
983 2191 1048 2228 (vel
1061 2202 1088 2221 a.
1106 2195 1143 2221 ut
1156 2194 1220 2229 ego
1235 2194 1268 2220 te
1282 2191 1328 2220 uA
1418 2189 1481 2227 384
1503 2187 1552 2218 vel
1567 2188 1642 2218 med

246 2240 254 2250 ⁸
312 2230 426 2271 neme]
447 2237 571 2262 memet
590 2232 800 2263 Lindemann
819 2245 825 2263 ε
851 2244 932 2263 sane
949 2244 1002 2264 me
1017 2234 1154 2265 Palmer
1239 2243 1299 2273 391
1327 2232 1389 2263 Dic
1406 2231 1642 2261 Lindemann:

311 2276 339 2306 si
358 2275 415 2306 del.
439 2275 650 2306 Camerarius
803 2286 865 2315 395
891 2277 954 2308 soe.
975 2277 1016 2312 ici
1035 2278 1113 2316 (ei-5
1134 2277 1211 2308 Otto
1374 2286 1439 2314 400
1463 2279 1642 2315 praesente

312 2319 412 2349 nobis
430 2319 495 2356 (vel
509 2329 541 2349 n.
561 2319 630 2358 pr&
647 2323 782 2349 tes-tatur
797 2319 928 2349 Nonius
945 2322 986 2359 76
1001 2332 1007 2351 ι
1034 2321 1131 2352 nobis
1148 2325 1283 2360 praeter
1299 2329 1352 2350 me
1371 2319 1406 2361 (i.
1421 2329 1444 2350 e.
1465 2318 1558 2359 med)
1574 2317 1639 2348 cod.

312 2373 374 2402 401
402 2362 569 2403 una]sort.
585 2362 698 2392 simitu
712 2366 753 2403 (v.
775 2367 810 2403 2)
900 2363 1001 2394 ieram
1021 2364 1085 2395 cod.
1559 2366 1563 2369 ’
