1742 2718
688 108 1015 145 AVLVLARIA
1521 121 1634 146 PROL.

183 224 250 256 aut
271 224 355 256 ture
375 224 441 255 aut
462 216 557 255 uino
577 223 644 255 aut
664 216 784 267 aliqui
806 230 960 267 semper
981 216 1187 267 supplicat,

120 296 161 333 25
183 284 252 322 dat
272 281 367 320 mihi
388 295 564 320 coronas.
623 281 706 320 eius
727 281 888 320 honoris
908 281 1030 332 gratia
1539 298 1552 318 2
1559 297 1576 328 5

183 347 257 386 feci
279 348 532 385 thensaurum
554 353 597 384 ut
617 346 681 385 hic
702 346 885 397 reperiret
908 346 1060 394 Euclio,

185 426 264 462 quo
285 411 390 450 illam
412 410 562 449 facilius
583 418 761 461 nuptum,
785 411 816 449 si
838 413 966 458 uellet,
990 413 1110 450 daret.

184 491 276 516 nam
297 476 529 527 compressit
549 490 637 516 eam
657 477 708 515 de
729 489 886 515 summo
906 478 1140 515 adulescens
1161 478 1260 516 loco.

184 542 216 581 is
237 542 309 581 scit
328 543 561 581 adulescens
582 555 684 592 quae
704 541 753 579 sit
773 555 893 591 quam
914 541 1199 592 compresserit,

119 620 165 656 30
184 607 249 646 illa
269 607 378 645 illum
400 606 536 653 nescit,
560 620 690 657 neque
711 620 978 657 compressam
999 615 1131 646 autern
1153 614 1271 658 pater.
1536 621 1580 652 30

184 686 271 711 eam
293 685 365 722 ego
387 672 507 710 hodie
528 671 669 710 faciam
690 680 732 710 ut
754 671 818 710 hic
839 686 957 710 senex
978 673 1028 710 de
1048 686 1242 722 proxumo

184 737 258 776 sibi
279 737 439 776 uxorem
461 744 609 787 poscat.
668 736 708 776 id
730 751 776 776 ea
796 736 936 776 faciam
958 737 1079 787 gratia

184 817 264 854 quo
285 803 349 842 ille
370 817 457 842 eam
479 803 630 842 facilius
650 805 771 842 ducat
792 803 859 853 qui
880 810 1174 854 compresserat.

184 876 223 907 et
243 869 307 908 hic
328 869 394 919 qui
415 876 553 919 poscet
573 883 660 908 eam
682 869 755 908 sibi
777 882 938 907 uxorem
959 882 1090 916 senex,

118 943 163 980 35
185 933 216 972 is
236 933 499 973 adulescentis
521 933 622 972 illius
643 941 702 973 est
721 935 953 980 auonculus,
1537 943 1575 976 35

183 999 252 1050 qui
271 999 377 1038 illam
399 999 590 1050 stuprauit
610 1006 742 1046 noem,
767 999 919 1039 Cereris
940 998 1092 1050 uigiliis.

183 1065 254 1103 sed
275 1063 338 1102 hic
359 1077 477 1103 senex
497 1064 575 1102 iam
596 1065 739 1103 clamat
759 1064 864 1103 intus
885 1071 928 1102 ut
948 1066 1057 1103 solet.

183 1143 304 1168 anum
325 1131 427 1169 foras
448 1130 627 1177 extrudit,
651 1144 700 1169 ne
722 1130 770 1169 sit
791 1130 960 1169 conscia.

184 1197 304 1235 credo
323 1209 461 1235 aurum
482 1195 674 1246 inspicere
695 1197 789 1244 uolt,
812 1210 862 1235 ne
883 1203 1108 1248 surruptum
1129 1196 1211 1236 siet.

701 1438 937 1486 ACTVS
989 1439 1007 1485 Ι

536 1555 750 1593 EVCLlo
861 1555 1156 1592 STAPHYLA
1537 1559 1599 1597 I.i

121 1665 168 1699 40
186 1654 283 1692 Evc.
304 1653 386 1700 Exi,
396 1653 569 1704 inquam,
579 1667 650 1704 age
665 1652 742 1692 exi:
760 1651 985 1691 exeundum
999 1654 1129 1692 hercle
1144 1652 1214 1691 tibi
1228 1652 1320 1692 hinc
1328 1660 1387 1692 est
1400 1654 1512 1701 foras,

183 1719 544 1770 circumspectatrix
563 1733 653 1758 cum
675 1717 799 1758 oculis
820 1717 1035 1757 emissiciis.

183 1786 274 1823 STA.
307 1798 399 1822 nam
420 1798 493 1835 qur
512 1798 576 1823 me
597 1784 779 1823 miseram
801 1783 1014 1822 uerberas?
1071 1785 1169 1822 EVC.
1202 1790 1245 1822 ut
1266 1783 1406 1823 misera
1426 1783 1478 1823 sis

183 1857 302 1900 atque
322 1857 364 1888 ut
384 1857 422 1888 te
443 1850 603 1900 dignam
627 1851 730 1888 mala
750 1850 894 1888 malam
914 1855 1084 1887 aetatem
1105 1848 1244 1899 exigas.

186 1916 277 1953 STA.
309 1929 401 1954 nam
422 1928 500 1965 qua
520 1929 584 1954 me
600 1929 706 1954 nunc
727 1929 866 1954 caussa
885 1914 1080 1953 extrusisti
1100 1928 1147 1953 ex
1166 1914 1361 1954 aedibus?
1533 1925 1550 1957 5

122 1989 165 2026 45
188 1983 285 2019 Evc.
317 1980 388 2020 tibi
409 1994 481 2031 ego
502 1980 693 2019 rationem
714 1981 889 2027 reddam,
912 1980 1160 2019 stimulorum
1181 1982 1321 2030 seges?

185 2044 277 2084 illuc
297 2047 499 2096 regredere
518 2045 568 2084 ab
589 2045 703 2084 ostio.
760 2045 853 2084 illuc
873 2044 924 2084 sis
944 2045 1047 2092 uide,

184 2118 227 2149 ut
246 2111 403 2150 ince'dit.
462 2118 502 2149 at
522 2110 605 2149 scin
626 2124 705 2161 quo
727 2112 848 2150 modo
869 2110 940 2148 tibi
961 2124 1021 2149 res
1042 2123 1083 2149 se
1104 2110 1252 2149 habet?

183 2176 215 2215 si
234 2178 364 2216 hercle
384 2176 504 2215 hodie
524 2178 667 2215 fustem
688 2189 830 2227 cepero
850 2183 918 2214 aut
939 2176 1141 2214 stimulum
1163 2176 1203 2214 in
1225 2190 1398 2223 manum,

227 2264 270 2294 28
293 2274 367 2294 eam
397 2264 597 2304 compressit
628 2263 739 2302 Bothe,
774 2263 826 2294 cui
849 2265 1050 2303 compressit
1083 2274 1156 2294 eam
1189 2263 1332 2304 displicet
1471 2272 1512 2302 35

184 2311 238 2338 est
264 2306 353 2338 illius
382 2307 456 2347 Leo,
485 2317 567 2338 nam
587 2308 774 2338 auunculus
801 2306 987 2346 quadm‘syll.
1019 2311 1204 2347 suspectum
1376 2317 1417 2345 40
1430 2307 1511 2346 fort.

183 2350 308 2381 delend.
332 2350 388 2381 exi
413 2351 469 2392 (iv.
486 2350 522 2390 3)
713 2352 756 2390 46
780 2351 924 2390 regrede
946 2350 1012 2381 cod.
1203 2351 1245 2389 48
1269 2349 1383 2382 hercle
1411 2349 1512 2381 hodie

183 2394 409 2435 Kampmann
426 2405 433 2427 ε
459 2394 561 2425 hodie
581 2394 697 2426 hercle
713 2393 792 2434 cod.,
811 2394 967 2425 inusitato
985 2393 1157 2425 verborum
1175 2393 1285 2424 ordine
