1742 2718
46 93 165 121 PROL.
605 87 651 122 T.
686 85 865 124 MACCI
898 85 1102 122 PLAVTI

194 206 274 231 non
304 192 425 231 minu’
455 206 573 243 quam
603 200 780 231 uostrum
811 192 940 242 quiuis
970 191 1154 230 formidat
1182 193 1354 231 malum:

193 258 367 295 humana
396 265 517 295 matre
547 264 672 303 natus,
704 258 880 295 humano
909 263 1018 306 patre

192 321 321 360 mirari
351 336 431 361 non
461 330 519 360 est
547 336 717 372 aequom
749 321 822 359 sibi
853 321 883 359 si
913 320 1143 371 praetimet3

134 398 173 428 30
191 393 310 436 atque
339 399 412 436 ego
442 400 601 436 quoque
631 386 760 432 etiam,
793 385 859 435 qui
892 385 1000 424 Iouis
1029 399 1116 424 sum
1147 385 1260 432 filius,
1543 404 1588 437 30

192 450 427 500 contagione
457 450 535 489 mei
564 450 683 501 patris
714 458 848 489 metuo
878 452 1036 489 malum.

192 523 398 565 propterea
426 529 523 566 pace
551 516 724 555 aduenio
754 523 791 554 et
821 529 959 566 pacem
989 517 1040 554 ad
1069 530 1141 554 uos
1171 517 1276 555 fero:

191 580 333 619 iustam
362 595 444 620 rem
474 589 512 620 et
541 581 695 620 facilem
726 595 810 620 esse
840 588 988 619 oratam
1017 595 1041 620 a
1069 581 1184 620 uobis
1213 583 1317 628 uolo,

193 659 284 683 nam
313 645 437 684 iustae
465 646 516 684 ab
545 645 655 684 iustis
685 645 808 684 iustus
839 659 924 683 sum
955 653 1083 684 orator
1112 647 1236 685 datus.

132 726 171 758 35
192 724 284 749 nam
314 710 457 749 iniusta
485 711 535 749 ab
565 711 674 749 iustis
705 710 902 761 impetrari
932 725 1012 750 non
1042 712 1167 758 decet,
1542 729 1583 765 35

191 776 291 815 iusta
319 784 451 815 autem
480 777 531 815 ab
561 776 714 815 iniustis
743 784 875 826 petere
905 776 1128 826 insipientia
1157 784 1215 815 est
1229 792 1240 825 3

190 841 336 892 quippe
365 840 419 879 illi
449 840 572 891 iniqui
602 841 661 879 ius
692 841 871 891 ignorant
901 854 1030 891 neque
1059 848 1205 880 tenent.

189 921 296 947 nunc
324 907 401 945 iam
431 909 509 945 huc
538 907 714 945 animum
744 920 883 945 omnes
910 920 1011 957 quae
1039 908 1178 957 loquar
1204 905 1410 946 aduortite.

189 972 342 1012 debetis
372 974 473 1011 uelle
503 986 604 1022 quae
633 972 824 1011 uelimus:
865 972 1079 1011 meruimus

130 1054 173 1084 40
191 1045 229 1076 et
258 1051 331 1087 ego
361 1045 398 1076 et
427 1044 536 1086 pater
565 1038 615 1075 de
645 1036 760 1075 uobis
790 1044 828 1075 et
857 1050 898 1075 re
927 1036 1086 1087 publica
1100 1051 1110 1084 3
1539 1051 1586 1088 40

190 1116 282 1140 nam
312 1101 408 1151 quid
438 1114 511 1151 ego
541 1114 757 1139 memorem
789 1101 848 1153 (ut
876 1100 974 1139 alios
1003 1100 1043 1138 in
1073 1100 1282 1151 tragoediis

189 1167 282 1214 uidi,
316 1169 559 1217 Neptunum,
592 1166 798 1214 Virtutem,
832 1165 1060 1214 Victoriam,

189 1234 371 1279 Martem,
404 1232 609 1270 Bellonam
639 1245 950 1270 commemorare
979 1244 1080 1281 quae
1109 1231 1216 1269 bona

188 1296 302 1336 uobis
332 1295 530 1345 fecissent)
561 1295 648 1345 quis
678 1295 893 1334 benefactis
922 1297 1024 1333 meu'
1053 1302 1173 1345 pater,

129 1375 169 1407 ⁴5
189 1363 353 1401 deorum
383 1368 573 1411 regnator,
603 1360 856 1399 architectust
886 1360 1101 1399 omnibus?
1539 1374 1582 1410 45

188 1428 259 1466 sed
288 1441 374 1466 mos
404 1439 621 1476 numquam
649 1424 750 1478 (ille)
778 1426 833 1464 illi
863 1425 934 1464 fuit
962 1425 1062 1476 patri
1091 1439 1182 1465 meo

189 1499 230 1530 ut
260 1491 508 1541 exprobraret
538 1491 647 1541 quod
676 1490 793 1529 bonis
823 1492 966 1529 faceret
995 1490 1091 1529 boni
1106 1505 1117 1539 3

187 1564 339 1607 gratum
368 1555 574 1594 arbitratur
602 1569 687 1594 esse
717 1555 757 1594 id
786 1570 809 1594 a
838 1555 953 1594 uobis
983 1555 1057 1595 sibi

189 1620 407 1670 meritoque
436 1620 550 1659 uobis
580 1620 687 1659 bona
715 1635 756 1659 se
786 1622 913 1659 facere
942 1634 1043 1671 quae
1072 1620 1174 1659 facit.

128 1702 170 1735 50
243 1688 361 1725 Nunc
381 1699 499 1735 quam
520 1700 601 1724 rem
623 1693 775 1724 oratum
798 1687 876 1724 huc
901 1686 993 1725 ueni
1014 1686 1184 1736 primum
1205 1687 1416 1738 proloquar
1431 1702 1441 1734 3
1538 1698 1583 1735 50

187 1758 276 1801 post
304 1758 578 1800 argumentum
608 1751 723 1789 huius
755 1753 916 1802 eloquar
946 1751 1179 1802 tragoediae.

187 1815 313 1866 quid?
352 1816 597 1854 contraxistis
627 1818 796 1856 frontem
828 1817 920 1867 quia
949 1817 1190 1868 tragoediam

187 1880 266 1919 dixi
296 1882 464 1919 futuram
494 1882 626 1920 hanc?
667 1883 756 1920 deu'
787 1896 886 1930 sum,
918 1890 1227 1921 commutauero.

187 1949 354 1987 eandem
384 1949 498 1995 hanc,
530 1947 561 1986 si
591 1948 719 1995 uoltis,
752 1949 892 1987 faciam
920 1948 1036 2001 (iarn)
1063 1963 1109 1987 ex
1138 1948 1338 1998 tragoedia

230 2055 337 2094 27—28
356 2058 431 2095 post
458 2058 564 2093 patre,
594 2064 659 2084 non
682 2057 757 2093 post
784 2054 906 2085 malum
935 2054 1146 2095 distinguunt
1169 2054 1224 2085 aliz
1378 2064 1419 2093 32
1444 2054 1514 2085 fero

187 2098 380 2129 Acidalius:
406 2098 510 2128 affero
527 2096 592 2128 cod.
611 2097 663 2136 (cf
686 2096 774 2128 Trin.
794 2100 834 2136 67
853 2098 895 2128 ad
913 2102 947 2129 te
970 2098 1173 2139 [ad]uenio;
1204 2101 1234 2128 et
1250 2097 1372 2128 similia
1395 2098 1513 2137 mulla)

187 2151 306 2182 pacem
327 2138 384 2180 (ita
401 2141 467 2181 PE)
482 2141 629 2171 aduenio
650 2145 683 2171 et
700 2141 743 2171 ad
768 2151 829 2171 uos
849 2142 954 2171 affero
972 2141 1183 2172 Lindemann
1273 2151 1314 2180 34
1340 2141 1428 2171 iuste
1444 2141 1513 2172 cod.

189 2186 250 2225 (tle.
269 2195 322 2215 -ae
338 2186 360 2225 Z)
377 2196 385 2215 ε
408 2184 496 2215 iusta
513 2184 614 2214 Bothe
724 2185 768 2222 36
791 2183 841 2214 vel
856 2185 971 2215 -tiaest
987 2184 1053 2215 cod.
1102 2186 1139 2223 cf.
1157 2184 1273 2215 Amer.
1284 2184 1409 2222 soum.
1424 2183 1510 2215 Phil.

190 2238 240 2268 14,
257 2238 318 2267 321
411 2238 451 2267 37
470 2228 515 2258 illi
533 2227 598 2257 0²:
627 2226 709 2256 inilli
727 2226 793 2258 c72d.
812 2227 868 2263 (iv.
886 2229 923 2266 3)
1013 2229 1055 2267 38
1078 2227 1213 2269 omnes]
1231 2228 1274 2258 ad
1291 2238 1330 2258 ea
1346 2227 1397 2258 PE
1416 2234 1458 2263 (v.
1482 2228 1513 2265 ι)

185 2283 228 2312 39
252 2272 396 2303 uelimus
413 2275 447 2301 et
465 2282 506 2302 m.
522 2269 569 2300 Β3
690 2279 731 2309 45
756 2270 959 2301 architectus
977 2271 1043 2303 cod.
1064 2272 1097 2311 (i.
1117 2272 1150 2311 7)
1295 2272 1338 2310 46
1362 2271 1418 2301 ille
1435 2270 1511 2301 add.

189 2316 312 2356 Ussing
419 2315 488 2345 Sed
513 2324 587 2344 mos
611 2324 755 2352 nequam
781 2314 827 2344 illi
855 2314 918 2353 (vel
939 2315 1009 2355 ille)
1033 2315 1095 2346 fuit
1120 2314 1207 2354 patri
1232 2324 1411 2354 numquam
1434 2324 1511 2344 meo

183 2359 335 2397 Redslob‚
354 2359 409 2389 cui
422 2358 553 2388 iambus
570 2357 656 2396 patri
674 2361 749 2388 ante
764 2357 915 2388 iambum
932 2368 1007 2389 meo
1023 2357 1163 2399 dtsplicet
1260 2382 1262 2385 .
1279 2369 1322 2397 49
1346 2358 1425 2389 fecit
1441 2357 1511 2389 cod.

183 2414 224 2444 54
248 2403 313 2434 iam
331 2401 406 2433 add.
426 2401 623 2432 Lachmann
