1814 2723
232 43 261 80 Ι.
285 42 314 79 ii
704 39 748 75 T.
783 37 964 75 MACCI
995 37 1198 74 PLAVTI

340 163 431 187 nam
453 148 521 186 tibi
543 148 720 185 amantes
742 144 1001 196 propitiantes
1022 144 1159 182 uinum
1181 145 1277 182 dant
1298 150 1480 193 potantes

340 228 488 261 omnes,
512 212 607 251 mihi
629 213 707 249 hau
728 224 845 260 saepe
868 207 1093 262 [e]ueniunt
1114 210 1210 247 tales
1231 208 1478 247 hereditates.
1639 223 1700 259 125

225 295 263 326 35
287 282 355 317 ΡΑ.
387 281 463 318 hoc
498 278 589 317 uide
624 285 666 315 ut
698 275 905 326 ingurgitat
937 274 1077 325 inpura
1105 274 1145 312 in
1178 288 1218 312 se
1253 287 1404 312 merum
1438 272 1617 320 amariter,
1640 279 1749 321 126-7

1287 338 1457 377 faucibu'
1478 337 1614 388 plenis.

287 412 360 448 PH.
393 408 487 459 perii
508 409 638 447 hercle
656 410 662 444 !
694 405 785 444 huic
807 404 904 454 quid
926 404 1095 454 primum
1113 404 1243 443 dicam
1265 403 1410 442 nescio.
1453 405 1521 440 PA.
1554 416 1617 440 em
1641 409 1752 452 128—9

1126 469 1238 515 istuc,
1261 470 1370 518 quod
1391 467 1487 506 mihi
1508 467 1615 506 dixti.

287 543 361 579 PH.
395 540 489 590 quid
511 539 551 577 id
572 540 658 576 est?
716 539 784 575 ΡΑ.
817 536 978 587 periisse
1000 543 1043 574 ut
1072 543 1109 573 te
1137 535 1256 574 dicas,
1318 537 1392 572 PH.
1425 535 1527 571 male
1547 533 1618 572 tibi
1642 548 1706 582 130

1072 599 1112 637 di
1133 599 1299 637 faciant!
1358 601 1427 636 PA.
1459 597 1523 636 dic
1543 597 1617 635 isti.

288 673 357 709 LE.
389 671 438 707 ah
457 673 463 707 ἱ
520 671 587 706 ΡΑ.
621 667 717 718 quid
751 669 838 705 est?
877 665 1021 716 ecquid
1056 665 1195 703 lubet?
1257 666 1327 701 LE.
1360 663 1479 702 lubet.
1549 665 1617 701 PA.

662 731 780 770 etiam
801 730 898 769 mihi
920 744 1079 780 quoque
1101 729 1260 767 stimulo
1283 729 1419 767 fodere
1439 728 1548 766 lubet
1568 734 1617 766 te.

289 803 363 838 PH.
395 807 491 838 tace.
552 800 620 836 PA.
654 796 745 843 noli,
769 804 892 835 taceo.
954 795 1046 834 ecce
1075 802 1208 832 autem
1238 793 1338 831 bibit
1366 806 1489 839 arcus,
1512 794 1620 842 pluet
1643 801 1726 841 131a

1195 859 1314 897 credo
1335 858 1467 896 hercle
1487 856 1618 895 hodie.

224 947 266 977 40
291 933 363 968 PH.
407 929 537 968 iamne
571 941 644 978 ego
675 926 767 965 huic
801 927 921 964 dico?
992 927 1060 962 ΡΑ.
1107 923 1203 974 quid
1237 923 1344 962 dices
1364 924 1381 959 ?
1451 924 1525 960 PH.
1558 935 1621 960 me

691 991 861 1042 periisse.
923 992 991 1028 PA.
1025 1003 1095 1040 age
1116 988 1214 1027 dice.
1276 990 1350 1026 ΡΗ.
1382 1000 1495 1034 anus,
1514 985 1618 1025 audi.

452 1061 529 1098 hoc
550 1060 643 1097 uolo
664 1057 760 1095 scire
781 1064 818 1094 te
835 1071 842 1094 ε
873 1054 1049 1106 perditus
1071 1067 1157 1092 sum
1179 1052 1305 1091 miser.

506 1126 576 1162 LE.
609 1130 648 1161 at
668 1123 734 1172 pol
755 1135 828 1171 ego
849 1120 1000 1171 oppido
1025 1126 1187 1158 seruata.

453 1190 524 1230 sed
545 1188 641 1239 quid
663 1189 752 1226 est?
782 1186 878 1236 quid
899 1186 1009 1224 lubet
1029 1184 1228 1235 perditum
1249 1183 1380 1222 dicere
1645 1191 1707 1227 135

562 1262 600 1292 te
620 1266 705 1291 esse
721 1254 738 1289 ?
794 1253 867 1289 ΡΗ.
901 1250 994 1300 quia
1014 1249 1054 1288 id
1075 1249 1184 1299 quod
1204 1261 1296 1286 amo
1317 1260 1441 1286 careo.

231 1340 271 1370 45
510 1321 581 1357 LE.
613 1318 861 1355 Phaedrome
881 1315 945 1361 mi,
969 1329 1019 1353 ne
1039 1316 1159 1364 plora,
1181 1313 1334 1352 amabo.

294 1395 336 1426 tu
363 1400 427 1425 me
457 1392 592 1423 curato
623 1396 673 1421 ne
705 1381 843 1427 sitiam,
874 1393 947 1431 ego
978 1379 1050 1418 tibi
1079 1379 1188 1429 quod
1216 1391 1325 1416 amas
1352 1377 1429 1416 iam
1457 1379 1535 1415 huc
1560 1377 1625 1415 ad·

1412 1444 1623 1481 ducam.—

296 1520 369 1555 ΡΗ.
402 1517 525 1555 tibine
555 1528 641 1564 ego,
662 1513 693 1552 si
717 1513 836 1551 fidem
868 1524 1000 1550 seruas
1030 1523 1197 1555 mecum,
1221 1508 1379 1547 uineam
1409 1521 1480 1558 pro
1508 1520 1625 1545 aurea

1295 1581 1422 1612 statua
1442 1579 1621 1619 statuam,

511 1659 612 1696 quae
633 1653 702 1683 tuo
721 1642 867 1694 gutturi
888 1642 936 1680 sit
957 1648 1272 1680 monumentum.
1648 1650 1713 1684 140

297 1713 365 1763 qui
385 1726 448 1750 me
468 1711 508 1749 in
529 1718 629 1749 terra
648 1722 773 1759 aeque
790 1709 1009 1746 fortunatus
1030 1705 1111 1753 erit,
1135 1705 1167 1743 si
1186 1705 1252 1743 illa
1271 1705 1321 1743 ad
1342 1717 1406 1742 me
1425 1702 1533 1750 bitet‚

237 1789 276 1820 50
299 1778 511 1816 Palinure?
568 1777 637 1813 PA.
670 1774 812 1824 edepol
843 1772 910 1822 qui
939 1771 1055 1818 amat,
1088 1770 1120 1809 si
1149 1770 1246 1821 eget,
1278 1768 1458 1807 adficitur
1486 1767 1627 1805 misera

1425 1846 1623 1872 aerumna.

298 1911 372 1947 ΡΗ.
396 1922 476 1946 non
492 1907 546 1945 ita
560 1920 620 1945 res
637 1913 705 1952 est,
721 1918 813 1943 nam
830 1904 990 1942 confido
1004 1901 1213 1953 parasitum
1228 1901 1349 1940 hodie
1363 1901 1625 1938 aduenturum

297 1988 389 2013 cum
409 1980 570 2023 argento
590 1972 640 2010 ad
662 1984 735 2009 me.
796 1972 864 2007 PA.
898 1981 1085 2018 magnum
1106 1967 1292 2016 inceptas,
1312 1967 1341 2003 si
1364 1965 1405 2002 id
1426 1963 1626 2013 e'xspectas

1253 2031 1360 2080 quod
1381 2034 1624 2078 nusquamst.

346 2154 406 2182 124
423 2142 649 2182 propitiantes
661 2140 776 2171 Bothe:
797 2139 1020 2178 propinantes
1031 2137 1095 2168 cod.
1158 2136 1278 2175 propit.
1292 2139 1445 2165 amantes
1455 2133 1627 2164 Fleckeisen

301 2192 370 2227 pot.
388 2188 470 2216 dant
486 2185 551 2215 cod.
567 2196 573 2215 :
598 2185 669 2215 imi.
689 2183 860 2214 Fleckeisen
877 2193 883 2212 :
908 2192 940 2221 p.
960 2182 1088 2211 danunt
1103 2180 1173 2211 edd.
1298 2188 1359 2217 125
1383 2178 1536 2208 homines
1552 2180 1581 2207 et
1595 2176 1627 2206 in

274 2252 283 2261 x
302 2241 368 2271 mg.
391 2229 460 2260 ‘vel
473 2238 591 2259 omnes
603 2227 609 2239 '
627 2227 693 2258 cod.
803 2225 946 2256 ueniunt
965 2225 1083 2264 scripsi,
1105 2235 1143 2255 ne
1163 2226 1363 2263 anapaestus
1378 2220 1511 2252 claudat
1526 2220 1626 2251 hemi-

300 2274 450 2305 stichium
465 2284 472 2303 :
493 2277 644 2302 euenunt
661 2270 843 2308 Fleckeisen,
864 2268 962 2298 dubia
969 2268 1089 2309 sogma
1181 2276 1240 2305 132
1264 2266 1314 2296 vel
1328 2266 1405 2296 hu'r'c
1497 2273 1557 2302 135
1581 2262 1630 2294 vel

301 2318 391 2358 quod
407 2318 427 2348 l.
444 2316 526 2355 (PE)
631 2325 690 2353 142
715 2317 804 2344 emat
820 2312 886 2343 cod.
908 2312 1011 2349 (amat
1023 2311 1071 2352 J)
1142 2310 1215 2341 mis.
1235 2309 1301 2340 ads.
1315 2308 1381 2339 cod.
1400 2319 1406 2338 ε
1425 2308 1496 2339 irai.
1514 2307 1625 2338 Goetz:

303 2362 374 2394 mis.
392 2360 561 2399 adfligitur
576 2357 715 2389 Skutsch
735 2356 865 2397 (Rhein.
883 2354 971 2386 Mus.
991 2364 1044 2394 54,
1061 2355 1139 2395 483)
1229 2351 1331 2395 (ere)
1348 2362 1416 2383 aer.
1433 2351 1605 2382 Buecheler
