1742 2718
632 51 1005 93 CISTELLARIA
1435 47 1486 82 II.
1512 45 1518 51 '

190 173 677 209 ALCESIMARCHVS
790 164 1135 201 CYMNASIVM
1248 160 1461 196 SERVVS

630 245 648 265 >k
815 243 833 262 *
1003 241 1020 260 *

75 314 142 348 273
164 300 274 352 (AL.)
305 299 400 348 quid
421 297 451 335 si
471 297 592 334 amo?
770 306 788 327 ’κ
902 304 919 324 *
980 289 1091 340 (Gv.)
1125 303 1142 323 »ε
1166 295 1223 326 est
1244 300 1356 325 amor

166 381 182 400 *
298 379 315 399 κε
346 372 463 412 atque
484 361 590 398 illam
611 372 730 409 quam
750 357 824 409 (te)
842 370 973 395 amare
994 355 1178 403 intellego

77 446 118 479 27
126 445 141 480 5
167 445 183 464 *
299 443 315 462 ss
374 426 404 464 si
425 426 634 464 conclusos
655 437 726 461 uos
746 420 845 473 (me)
863 421 1009 459 habere
1029 419 1069 457 in
1090 432 1243 457 carcere

165 510 182 529 εει
297 508 313 525 »ε
429 505 446 524 *
558 489 702 527 amoris
724 495 939 536 noctesque
961 493 997 523 et
1019 484 1102 523 dies

164 559 203 596 ni
225 566 424 596 emortuos
510 570 527 590 ηε
642 569 659 589 >k
774 568 790 587 ψ
906 565 923 584 *
1038 564 1055 583 »ε
1171 563 1187 582 a<

165 623 259 663 mihi
282 634 498 671 numquam
520 620 728 670 quisquam
774 631 791 651 *
907 631 924 651 a<
1040 630 1057 650 »κ

759 683 870 734 (ΟΥ.)
902 682 1025 719 immo
1046 692 1263 718 maxumus.

80 758 148 792 280
166 767 257 792 nam
279 754 346 803 qui
366 758 500 790 amant
521 751 637 788 stulte
657 757 776 799 atque
797 748 1020 785 inmodeste
1040 753 1158 795 atque
1180 743 1345 794 inprobe

80 822 144 855 281
169 833 186 852 »κ
301 831 318 851 >κ
433 830 451 850 *
566 830 583 850 *
698 828 715 848 ss
830 826 848 846 21<
906 825 970 850 -ne
991 818 1135 849 ament.

79 885 147 928 283
168 884 277 935 (AL.)
308 897 361 920 un
391 897 408 917 *
524 896 542 916 *
590 893 699 919 anus.
769 876 1016 929 Th<yni>sce‚
1055 875 1123 913 ubi
1171 882 1212 912 tu
1255 876 1328 912 es?
1403 874 1496 911 SER.

1309 951 1401 976 ecce
1423 950 1496 975 me.

168 1016 240 1052 AL.
282 1013 304 1060 i,
345 1013 454 1051 adfer
493 1010 589 1048 mihi
627 1023 734 1047 arma
784 1007 895 1059 <SER.
937 1007 1073 1044 arma?
1130 1003 1223 1056 AL.)
1261 1011 1297 1042 et
1338 1002 1497 1041 loricam

1295 1067 1494 1107 adducito.

81 1150 146 1194 285
169 1146 262 1183 SER.
295 1143 455 1181 loricam
475 1142 702 1180 adducam?
761 1155 778 1174 ³1<
892 1151 909 1171 *
1026 1151 1043 1171 21<
1154 1132 1397 1187 <add>ueere.

169 1211 241 1247 AL.
275 1209 296 1255 i,
330 1220 450 1253 curre,
474 1219 619 1256 equom
649 1206 767 1242 adfer.
848 1205 941 1241 SER.
975 1201 1066 1252 peri,
1100 1202 1232 1238 hercle
1261 1199 1324 1238 hic
1356 1198 1499 1236 insanit

1370 1278 1497 1303 miser.

169 1341 241 1376 AL.
273 1337 338 1376 abi
359 1345 477 1387 atque
498 1338 671 1374 hastatos
693 1335 849 1380 multos,
872 1334 1017 1371 multos
1038 1332 1187 1379 uelites,

169 1405 314 1442 multos
335 1417 425 1441 cum
447 1401 689 1440 multis—nil
711 1413 841 1438 moror
861 1398 1044 1449 precario.

170 1468 238 1507 ubi
258 1475 349 1506 sunt
370 1481 470 1518 quae
492 1466 617 1505 iussi?
673 1467 766 1503 SER.
800 1477 917 1502 sanus
938 1463 1002 1500 hic
1022 1475 1103 1501 non
1124 1469 1182 1500 est
1203 1461 1305 1500 satis.

83 1547 151 1582 290
171 1535 244 1572 Gv.
278 1547 397 1571 manu
418 1547 503 1571 esse
524 1533 644 1570 credo
666 1530 853 1576 nocitum,
877 1542 999 1579 quom
1020 1528 1132 1566 illaec
1153 1527 1208 1566 sic
1228 1522 1330 1565 faci't.

169 1600 263 1637 SER.
296 1606 426 1636 utrum
447 1597 598 1644 deliram,
622 1608 782 1646 quaeso,
805 1608 854 1633 an
875 1601 1006 1632 astans
1027 1593 1212 1639 somnias,

168 1663 236 1713 qui
256 1677 402 1713 equom
423 1677 486 1702 me
506 1664 656 1701 adferre
676 1661 800 1707 iubes,
823 1659 983 1698 loricam
1004 1659 1212 1704 adducere,

169 1730 314 1766 multos
335 1729 519 1774 hastatos,
542 1727 674 1777 postid
695 1727 839 1763 multos
860 1723 1010 1770 uelites,

172 1794 316 1831 multos
337 1807 428 1831 cum
449 1792 610 1830 multis?
638 1793 736 1830 haec
757 1798 798 1828 tu
820 1787 1064 1839 peruorsario

85 1869 150 1905 295
172 1858 268 1896 mihi
289 1859 506 1896 fabulatu’s.
566 1860 637 1896 AL.
671 1856 779 1895 dixin
799 1868 873 1905 ego
893 1854 1024 1900 istaec,
1048 1853 1242 1902 opsecro?

173 1925 266 1962 SER.
301 1925 422 1961 modo
442 1923 603 1973 quidem
625 1923 755 1959 hercle
785 1922 883 1958 haec
912 1917 1053 1958 dixisti.
1114 1920 1186 1956 AL.
1219 1930 1299 1955 non
1321 1929 1504 1967 praesens

1329 1982 1502 2032 quidem.

175 2056 268 2093 SER.
301 2053 568 2104 praestigiator
589 2067 641 2100 es,
666 2051 862 2101 siquidem
884 2049 948 2088 hic
969 2062 1050 2087 non
1071 2061 1112 2087 es
1133 2055 1252 2098 atque
1271 2048 1377 2086 ades.

220 2157 284 2194 283
308 2156 357 2186 vel
370 2166 412 2186 ua
457 2155 630 2196 Thynisce
642 2154 769 2185 Schoell
855 2153 917 2188 284
941 2151 1045 2192 suppl.
1060 2150 1187 2182 Sclzoell
1265 2152 1328 2190 285
1352 2153 1506 2183 sententia

176 2203 309 2240 apparet
323 2210 362 2230 ex
372 2198 493 2230 Pseud.
511 2208 569 2239 711
662 2199 727 2228 286
743 2206 842 2236 equm
861 2194 929 2226 cod.
1008 2194 1084 2235 peri
1100 2194 1158 2226 del.
1171 2193 1384 2225 Studemund
1395 2196 1451 2235 (iv.
1467 2197 1504 2234 35

177 2254 242 2282 290
266 2243 344 2273 facit
369 2253 415 2272 an
439 2243 520 2274 sacis
542 2243 650 2273 incert.
676 2240 740 2272 cod.
844 2249 908 2279 292
932 2248 1030 2278 equm
1047 2237 1114 2269 cod.
1216 2249 1280 2278 293
1303 2239 1354 2269 vel
1372 2244 1450 2278 post
1473 2240 1503 2268 id

177 2298 240 2326 294
264 2296 487 2326 peruorsaruo
506 2286 570 2323 (vel
584 2285 753 2323 -semod0)
772 2282 838 2314 cod.
950 2283 1014 2321 296
1037 2281 1088 2313 vel
1102 2282 1184 2312 dixti
1297 2292 1358 2322 297
1385 2293 1421 2313 es
1444 2282 1502 2313 del.

179 2329 400 2369 Studemund,
417 2330 470 2360 cui
483 2329 779 2369 praestigiator-es
794 2326 934 2367 displicet
