1742 2718
721 67 927 107 CASINA

167 184 332 235 rogitare
353 189 506 234 oportet
526 181 632 231 prius
653 187 691 218 et
711 178 904 218 contarier

168 249 322 288 adsitne
343 248 377 286 ei
398 247 551 286 animus
572 258 697 284 necne
716 242 787 296 (ei)
806 243 907 282 adsit
927 255 1045 292 quem
1065 241 1234 279 aduocet
1251 254 1257 277 :

170 315 201 353 si
222 321 337 364 neget
357 314 505 359 adesse,
529 310 793 350 exanimatum
813 308 966 347 amittat
987 308 1161 346 domum.

170 381 240 418 sed
262 380 421 418 uxorem
442 384 532 415 ante
552 375 660 414 aedis
681 388 827 413 eccam.
877 374 912 411 ei
934 372 1075 410 misero
1097 370 1215 409 mihi!

83 457 146 494 575
170 453 304 483 metuo
325 458 374 482 ne
395 456 475 480 non
497 441 544 480 sit
565 442 681 480 surda
701 447 819 489 atque
839 440 937 476 haec
957 436 1160 476 audiuerit.

171 511 241 548 CL.
272 508 406 547 audiui
428 515 579 546 ecastor
599 519 689 544 cum
712 506 815 542 malo
836 516 980 553 magno
1001 510 1080 540 tuo.

172 576 241 612 Lv.
265 574 452 612 accedam
474 571 644 622 propius.
704 570 800 620 quid
821 569 912 619 agis,
937 581 1024 606 mea
1046 566 1264 605 festiuitas?

173 641 242 679 CL.
275 647 313 677 te
333 626 485 677 ecastor
505 635 779 687 praestolabar.
841 636 909 671 Lv.
943 633 1072 671 iamne
1093 639 1229 670 ornata
1250 631 1355 668 rest?

173 705 303 743 iamne
324 706 426 742 hanc
446 702 615 741 traduxti
637 703 715 739 huc
734 701 786 738 ad
807 713 879 737 nos
900 698 1072 737 uicinam
1094 705 1202 735 tuam

88 774 155 818 580
173 784 274 820 quae
295 778 332 808 te
352 768 573 807 adiutaret?
629 768 699 806 CL.
731 764 927 811 arcessiui,
950 772 992 802 ut
1013 763 1188 801 iusseras.

174 849 310 873 uerum
331 834 395 872 hic
416 822 681 878 sodalistuos‚
703 831 852 869 amicus
873 836 1070 879 optumus,

174 899 406 949 nescioquid
426 912 467 937 se
487 896 656 952 sufflauit
676 895 785 934 uxori
806 908 922 933 suae:

174 964 331 1015 negauit
351 977 478 1014 posse,
501 961 689 1012 quoniam
710 973 875 1006 arcesso,
900 959 1063 997 mittere.

176 1032 246 1068 Lv.
278 1029 419 1068 uitium
440 1028 511 1067 tibi
531 1027 631 1066 istuc
652 1039 880 1065 maxumum
901 1032 970 1071 est,
994 1024 1139 1062 blanda
1159 1035 1199 1060 es
1221 1034 1369 1072 parurn,

88 1100 152 1145 585
176 1096 246 1135 CL.
279 1108 361 1133 non
382 1101 648 1132 matronarum
669 1091 890 1137 officiumst,
913 1090 982 1128 sed
1004 1087 1279 1134 meretricium,

175 1160 266 1199 uiris
286 1160 433 1207 alienis,
458 1159 511 1196 mi
531 1158 600 1205 uir,
623 1155 920 1195 subblandirier.

176 1226 186 1263 i
207 1228 248 1263 tii
269 1233 388 1275 atque
407 1237 559 1262 arcesse
580 1223 685 1260 illam
702 1238 709 1261 :
739 1235 812 1271 ego
832 1221 936 1258 intus
957 1220 1065 1269 quod
1086 1219 1226 1257 factost
1246 1230 1346 1266 opus

177 1292 269 1329 uolo
289 1303 482 1337 accurare,
506 1288 559 1326 mi
580 1288 647 1326 uir.
708 1289 779 1325 Lv.
810 1298 975 1336 propera
996 1297 1097 1334 ergo.
1158 1284 1228 1323 CL.
1262 1282 1362 1320 licet.

178 1357 255 1395 iam
276 1358 342 1406 pol
363 1369 436 1405 ego
457 1354 548 1392 huic
568 1354 740 1403 aliquem
762 1352 801 1390 in
822 1358 959 1401 pectus
980 1349 1138 1388 iniciam
1159 1355 1308 1386 metum
1323 1362 1334 1395 3

93 1433 160 1471 590
178 1422 452 1460 miserrumum
474 1419 593 1458 hodie
614 1431 686 1468 ego
707 1419 813 1456 hunc
833 1416 991 1455 habebo
1010 1414 1270 1453 amasium—-

460 1532 785 1568 ALCES1Mvs
896 1527 1224 1564 LYS1DAMvs

179 1616 252 1652 AL.
284 1613 381 1651 Viso
402 1613 490 1659 huc,
513 1618 665 1650 amator
685 1609 716 1648 si
736 1622 759 1647 a
779 1610 864 1646 foro
884 1606 998 1646 rediit
1017 1607 1195 1652 domum,

179 1679 247 1729 qui
268 1692 331 1717 me
350 1685 469 1728 atque
489 1689 651 1715 uxorem
670 1674 921 1720 ludificatust,
944 1674 1062 1710 larua.

180 1745 251 1782 sed
271 1757 409 1782 eccum
429 1750 520 1781 ante
540 1741 659 1780 aedis.
719 1741 770 1778 ad
791 1746 829 1777 te
849 1739 979 1776 hercle
999 1736 1105 1775 ibam
1127 1735 1395 1774 commodum.

181 1810 252 1846 ΙΝ.
284 1815 322 1846 et
342 1809 472 1846 hercle
493 1820 566 1857 ego
585 1807 636 1845 ad
656 1813 705 1844 te.
764 1803 861 1854 quid
881 1803 947 1849 ais,
971 1801 1029 1840 uir
1048 1800 1201 1839 minimi
1222 1798 1349 1849 preti?

97 1888 160 1925 595
183 1873 279 1923 quid
300 1873 370 1912 tibi
392 1873 608 1912 mandaui?
636 1871 733 1922 quid
754 1878 886 1909 tecum
907 1867 1045 1906 oraui?
1100 1868 1173 1904 AL.
1206 1864 1302 1915 quid
1323 1865 1410 1902 est?

184 1941 253 1977 Lv.
286 1947 328 1977 ut
348 1940 450 1978 bene
471 1938 632 1977 uociuas
652 1937 761 1976 aedis
781 1934 907 1974 fecisti
928 1932 1035 1979 mihi,

184 2012 226 2042 ut
246 2004 449 2043 traduxisti
469 2005 546 2042 huc
566 2005 618 2042 ad
638 2016 710 2041 nos
730 2014 892 2040 uxorem
913 2007 1020 2037 tuam
1039 2001 1045 2035 1

185 2069 285 2120 satin
305 2077 462 2120 propter
481 2076 520 2108 te
539 2081 657 2119 pereo
678 2080 750 2117 ego
770 2073 889 2115 atque
909 2062 1095 2103 occasio?

188 2137 260 2173 AL.
270 2124 281 2127 .‚
293 2134 388 2184 quin
408 2142 449 2172 tu
470 2133 678 2184 suspendis
699 2133 765 2170 te?
794 2130 924 2179 nemp'
945 2136 1027 2166 tute
1047 2127 1198 2166 dixeras

231 2248 290 2278 571
326 2239 560 2278 percontarier
589 2236 738 2277 Pylades,
774 2234 827 2265 cui
856 2237 949 2273 prius
982 2231 1122 2272 displicet
1284 2241 1346 2270 572
1380 2230 1412 2261 ei

1411 61 1487 98 ΙΙΙ.
1510 60 1556 96 iii

1517 248 1556 270 10

1523 577 1559 608 15

1525 899 1565 922 20

1528 1231 1565 1263 25

1528 1519 1575 1556 iv

1437 2228 1513 2260 add.

185 2281 318 2323 Seyffert
462 2283 525 2321 578
559 2292 614 2312 res
642 2286 693 2311 est
723 2277 835 2310 codd.:
875 2287 928 2307 res
958 2276 1061 2306 Bothe
1206 2284 1270 2313 579
1294 2275 1358 2305 huc
1381 2284 1446 2304 om.
1480 2272 1514 2303 A

186 2327 250 2365 585
276 2325 469 2366 officiumst]
488 2324 640 2366 [parum]
659 2329 711 2355 est
729 2322 873 2353 officium
887 2319 986 2360 P(iv.
999 2319 1034 2359 3)
1113 2318 1176 2357 587
1201 2318 1323 2349 factust
1335 2317 1368 2348 A

1453 2326 1519 2355 590

186 2371 275 2400 hunc
291 2380 356 2408 ego
373 2368 483 2400 habeo
500 2368 531 2399 P
627 2377 688 2408 594
712 2367 757 2397 At
776 2363 902 2406 (Atque
918 2363 988 2403 PE)
1006 2372 1070 2401 ego
1086 2361 1200 2392 hercle
1211 2360 1244 2390 P
1360 2371 1424 2400 599
1447 2369 1518 2390 sus-

187 2414 317 2453 pendes
334 2411 367 2442 P
