1742 2718
698 73 1014 113 MERCATOR
1477 70 1521 105 V.
1543 67 1571 102 ii

197 189 275 228 CH.
311 187 407 239 quid
461 186 660 226 manebo?
736 187 806 223 Ev.
843 192 999 234 tempus
1038 196 1118 221 non
1158 190 1215 220 est
1251 181 1352 219 intro
1391 179 1522 218 eundi.

1274 248 1351 285 CH.
1381 245 1523 283 enicas.

198 320 269 356 Ev.
303 332 382 356 non
404 331 503 368 opus
524 324 593 364 est,
612 316 786 366 inquam,
803 329 909 352 nunc
930 313 1032 352 intro
1053 320 1090 351 te
1112 312 1175 351 ire.
1228 313 1308 350 CH.
1329 311 1525 360 responde

1416 375 1523 421 mihi,

197 462 275 498 qua
296 449 462 486 caussa?
510 449 582 485 Ev.
605 459 746 496 operae
766 458 847 483 non
868 452 937 483 est.
984 445 1062 483 CH.
1086 444 1187 492 qur?
1238 443 1310 479 Ev.
1333 440 1425 490 quia
1445 453 1525 478 non

1101 515 1159 546 est
1180 507 1234 544 illi
1255 506 1523 545 commodum.

195 581 273 617 Cu.
307 579 439 617 itane?
473 579 730 616 commodum
760 576 814 614 illi
843 589 924 614 non
954 582 1024 621 est,
1047 587 1149 624 quae
1177 586 1239 610 me
1268 579 1384 618 amat,
1408 584 1525 621 quam

1159 651 1232 687 ego
1253 644 1389 675 contra
1407 649 1498 673 amo
1513 637 1529 673 ?

109 724 178 758 9²0
197 709 382 747 omnibus
403 721 466 745 me
487 707 708 745 ludificatur
728 706 791 743 hic
812 704 952 743 modis.
1012 717 1085 753 ego
1106 702 1259 740 stultior
1549 706 1589 736 80

197 774 264 824 qui
286 774 347 811 isti
368 774 539 811 credam.
575 820 578 823 Δ
598 778 873 810 commoratur.
933 770 1184 819 chlamydem
1206 781 1359 805 sumam
1380 768 1524 805 denuo.

200 841 270 877 Ev.
304 851 419 877 mane
439 851 648 888 parumper
667 844 786 887 atque
806 837 904 874 haec
923 834 1027 873 audi.
1088 835 1166 873 CH.
1197 846 1294 883 cape
1314 832 1376 879 sis,
1395 846 1526 882 puere,

1255 899 1332 936 hoc
1353 897 1525 947 pallium.

200 971 271 1007 Ev.
304 977 427 1007 mater
447 968 541 1006 irata
562 975 620 1006 est
641 966 739 1017 patri
759 967 1026 1011 uehementer,
1049 964 1142 1014 quia
1162 971 1334 1002 scortum
1356 962 1429 1000 sibi

199 1036 251 1073 ob
272 1036 408 1073 oculos
427 1033 633 1072 adduxerit
653 1032 693 1070 in
714 1031 833 1078 aedis,
856 1032 953 1069 dum
974 1030 1050 1068 ruri
1071 1029 1155 1079 ipsa
1173 1029 1285 1067 abest
1302 1044 1309 1067 :

111 1112 176 1148 925
199 1099 418 1150 suspicatur
438 1099 543 1137 illam
564 1097 732 1136 amicam
753 1110 838 1135 esse
859 1095 924 1134 illi.
985 1096 1062 1135 CH.
1096 1107 1235 1132 zonam
1257 1093 1405 1131 sustuli.
1551 1097 1591 1137 85

202 1166 271 1202 Ev.
305 1177 391 1203 earn
427 1177 508 1202 rem
541 1176 646 1201 nunc
678 1161 844 1212 exquirit
877 1160 993 1199 intus.
1067 1160 1145 1199 CH.
1178 1159 1255 1197 iam
1288 1160 1530 1196 machaerast

1336 1224 1376 1260 in
1397 1237 1527 1261 manu.

202 1297 273 1334 Ev.
303 1308 394 1333 nam
416 1294 445 1332 si
467 1307 516 1332 eo
537 1294 603 1332 ted
624 1293 727 1331 intro
747 1291 1027 1330 ducam—CH.
1061 1291 1157 1328 tollo
1177 1290 1391 1339 ampullam
1413 1296 1531 1338 atque

1358 1353 1449 1391 hinc
1470 1367 1529 1391 eo.

203 1426 273 1462 Exn
307 1437 432 1470 mane,
465 1437 591 1469 mane,
624 1422 805 1461 Charine.
879 1422 957 1461 CH.
990 1423 1103 1468 erras,
1133 1418 1225 1472 (sic)
1254 1433 1316 1457 me
1351 1418 1533 1468 decipere

1308 1485 1385 1528 hau
1407 1490 1529 1533 potes.

201 1556 272 1592 Ev.
307 1567 436 1604 neque
465 1555 607 1603 edepol
637 1554 741 1591 uolo.
801 1553 879 1591 CH.
912 1552 1008 1601 quin
1039 1558 1079 1589 tu
1111 1563 1202 1601 ergo
1229 1549 1344 1588 itiner
1373 1548 1533 1598 exsequi

1171 1628 1304 1653 meum
1326 1615 1389 1653 me
1411 1613 1535 1652 sinis?

114 1699 184 1734 930
204 1686 275 1722 Ev.
307 1697 389 1721 non
409 1683 506 1721 sino.
567 1683 644 1721 CH.
677 1689 833 1731 egomet
854 1694 918 1720 me
938 1693 1078 1719 moror.
1139 1687 1180 1718 tu
1201 1692 1332 1731 puere,
1355 1678 1420 1717 abi
1442 1678 1534 1716 hinc
1553 1693 1597 1727 90

1288 1744 1391 1783 intro
1411 1743 1531 1783 ocius.

202 1814 279 1852 iarn
301 1814 340 1851 in
362 1826 518 1851 currum
539 1811 710 1858 escendi,
734 1811 812 1849 iam
834 1813 916 1849 lora
936 1812 975 1849 in
997 1824 1136 1848 manus
1158 1809 1245 1859 cepi
1268 1822 1385 1847 meas.

204 1881 275 1917 Ev.
308 1891 425 1916 sanus
460 1891 541 1916 non
576 1890 627 1916 es.
703 1877 779 1916 CH.
813 1876 920 1927 quin,
952 1877 1086 1927 pedes,
1119 1889 1190 1914 uos
1226 1875 1266 1912 in
1298 1874 1534 1913 curriculum

1356 1939 1535 1978 conicitis

204 2009 243 2046 in
265 2010 439 2059 Cyprum
461 2017 576 2056 recta,
601 2009 928 2059 quandoquidem
950 2016 1059 2059 pater
1080 2007 1176 2046 mihi
1198 2006 1375 2045 exsilium
1398 2006 1536 2055 parat?

246 2124 310 2154 917
335 2119 370 2145 te
385 2125 454 2146 om.
469 2115 503 2146 Β
634 2115 699 2154 918
723 2115 889 2146 commodi
913 2114 978 2146 cod.
1112 2124 1177 2154 919
1200 2118 1317 2144 eontra
1341 2122 1416 2142 amo
1437 2110 1536 2141 Ilal.:

204 2162 323 2189 contra
339 2168 394 2189 am
409 2158 476 2190 cod.
598 2170 664 2199 920
688 2159 742 2189 hic
758 2158 949 2189 ludificatur
965 2167 1018 2188 me
1031 2157 1097 2188 cod.
1115 2168 1122 2188 :
1146 2157 1218 2189 trai.
1243 2156 1457 2187 Gulielmius:
1483 2154 1536 2184 hic

204 2201 350 2245 (homo)
366 2202 388 2234 l.
407 2214 458 2233 me
471 2201 538 2232 Leo
555 2214 561 2233 :
588 2203 663 2233 istic
679 2202 699 2234 l.
718 2212 772 2232 me
788 2201 928 2233 Skutsch
946 2201 1079 2241 (Herm.
1099 2211 1150 2241 32,
1168 2201 1225 2240 92)
1282 2222 1284 2225 -
1364 2209 1429 2239 922
1452 2207 1538 2238 puer

205 2246 270 2278 cod.
393 2258 457 2286 924
483 2246 588 2277 oculis
612 2245 677 2277 cod.
814 2256 878 2285 925
903 2256 1016 2275 sonam
1034 2244 1100 2276 cod.
1212 2254 1275 2284 927
1304 2243 1401 2273 Nunc
1413 2241 1540 2272 Ritsclzl

205 2291 270 2329 928
293 2291 341 2320 sic
358 2291 432 2322 add.
449 2290 578 2322 Schoell
642 2294 755 2329 potest
771 2289 837 2320 cod.
857 2290 950 2329 (corr.
967 2288 1018 2328 D)
1108 2288 1160 2317 uis
1178 2297 1230 2318 me
1247 2288 1297 2323 d.;
1321 2287 1406 2317 haud
1426 2290 1536 2325 potest

206 2333 342 2374 Seyffert
449 2345 515 2373 929
539 2334 618 2365 uolo
644 2333 768 2373 edepol
793 2332 867 2362 PCD
979 2332 1072 2362 sines
1100 2331 1202 2373 (sine)
1231 2330 1317 2362 codd.
1346 2330 1450 2360 Nonii
1473 2330 1536 2368 482

206 2387 273 2416 930
298 2382 431 2416 egomet
444 2377 532 2410 codd.
550 2377 716 2408 Prisciani
731 2386 758 2416 1,
778 2386 838 2415 301
854 2389 860 2408 ;
885 2386 949 2415 ego
966 2374 1031 2406 cod.
1334 2390 1337 2393 ⁴
