1742 2718
690 89 1014 127 PRAEFATIO

240 199 359 247 Quod
403 211 495 237 vero
541 198 667 235 iussus
716 210 802 234 sum
851 196 1037 234 iuvenum
1085 197 1350 235 studiosorum
1399 209 1517 234 causa

185 262 507 313 orthographiam
531 275 759 310 exaequare,
784 261 930 311 placuit
955 274 1023 311 per
1044 274 1182 299 omnes
1209 261 1361 299 fabulas
1388 262 1518 299 ortho-

184 328 387 379 graphiam
427 341 526 375 eam,
561 341 679 376 quam
715 340 761 364 ex
801 326 952 375 optimo
991 325 1218 364 testimonio
1253 325 1437 364 codicum
1477 325 1516 363 in

185 393 466 444 posterioribus
497 392 637 432 sabulis
668 391 856 441 expiscari
886 404 1108 440 possumuS‚
1132 390 1249 428 etiam
1277 404 1345 440 per
1369 398 1517 429 ceteras

186 459 338 497 fabulas
359 459 601 497 continuare.
660 459 718 495 Ea
748 456 853 494 enim
889 455 985 493 ratio
1018 456 1056 493 in
1087 455 1313 494 huiusmodi
1343 455 1518 494 editione

185 525 349 562 fortasse
378 523 516 562 melior
545 530 604 561 est
633 535 751 572 quam
787 535 855 571 per
885 529 977 559 octo
1010 520 1157 570 priores
1192 529 1447 570 exaequatam
1478 521 1518 559 in

186 590 416 640 scriptorio¹
456 588 673 638 nescioquo
713 587 832 625 medii
871 586 955 625 aevi
1002 585 1124 636 sequi.
1203 587 1343 636 Itaque
1382 586 1517 637 scripsi

186 669 340 705 semper
359 667 504 700 caussa,
521 655 620 702 (suos,
638 661 792 702 opsccro,
812 653 968 702 optineo,
992 664 1212 697 maxumus,
1235 656 1410 700 optumus
1432 651 1518 701 (sed

187 722 395 770 minimus),
438 717 578 756 similia
593 732 603 765 3
651 717 777 755 sicubi
824 724 956 755 autem
1004 716 1169 754 varietas
1218 716 1519 766 orthographiae

186 785 375 836 apparuit,
399 791 441 822 ut
462 783 503 822 in
529 784 592 821 aio
612 790 650 820 et
671 784 757 829 aiio,
780 783 914 831 quoius
936 782 1135 831 (genetivo
1156 781 1266 831 casu)
1294 789 1331 819 et
1357 781 1516 830 quoiius,

185 860 252 890 aut
282 850 466 890 codicum
496 849 725 898 scripturam
756 855 913 885 secutus
946 860 1032 884 sum
1064 846 1143 896 (aio
1174 846 1288 895 Capt.
1323 857 1410 894 710,
1441 847 1520 884 aiio

187 917 276 956 Cas.
296 916 359 965 71)
374 924 441 952 aut
462 913 603 963 arripui
620 912 870 951 occasionem
887 911 1099 950 lectoribus
1120 909 1355 949 consulendi
1375 918 1413 949 et
1426 910 1519 949 vari-

187 988 290 1019 etate
310 978 610 1029 orthographica
632 977 880 1028 prosodicam
896 976 1123 1014 varietatem
1141 975 1353 1026 designavi.
1412 975 1519 1014 Scito

186 1046 301 1096 igitur
322 1046 510 1095 scriptura
531 1043 672 1081 usitata
692 1043 826 1091 quoius
853 1041 1037 1080 usitatam
1065 1040 1235 1092 genetivi
1264 1040 1490 1091 prosodiam
1505 1042 1519 1062 ²

187 1110 361 1161 exprimi,
394 1109 581 1158 scriptura
618 1109 768 1156 quoiius
806 1108 1044 1145 trochaicam
1061 1122 1071 1155 ;
1118 1119 1234 1157 porro
1272 1107 1517 1144 immutatum

191 1179 406 1213 ‘mutatum
421 1176 429 1192 ⁷
450 1173 678 1224 significare,
703 1173 937 1209 inmutatum
958 1175 965 1191 ‘
982 1185 1065 1210 non
1085 1172 1305 1209 mutatum.’
1357 1172 1518 1209 Formas

187 1248 321 1278 tamen
350 1247 416 1277 aut
446 1238 560 1276 nimis
592 1237 809 1287 incognitas
840 1236 891 1287 (v.
914 1250 949 1287 g.
971 1237 1315 1286 quomqueneiscam
1344 1249 1414 1286 pro
1440 1249 1519 1273 con-

187 1307 394 1355 quiniscam
409 1305 503 1344 Cist.
520 1306 613 1353 657)
628 1311 695 1341 aut
711 1302 915 1352 ambiguas
932 1302 983 1352 (v.
999 1316 1032 1352 g.
1047 1316 1158 1352 quom
1172 1301 1515 1352 praepositionem,

187 1373 272 1421 quit
298 1379 336 1410 et
364 1371 493 1419 nequit
519 1382 589 1418 pro
616 1369 712 1417 quid
735 1375 773 1405 et
798 1369 944 1416 nequid,
960 1368 1136 1418 perierat
1162 1380 1233 1417 pro
1250 1366 1464 1417 pei(z')erat‚
1486 1368 1522 1405 ei

188 1450 258 1486 pro
279 1437 297 1474 ἱ
318 1437 435 1485 longa
459 1434 499 1472 in
521 1435 558 1472 ei
579 1432 820 1482 imperativo,
842 1435 971 1471 aureis
990 1446 1069 1472 acc,
1092 1435 1204 1484 plur.‚
1226 1432 1377 1483 deicere)
1399 1433 1517 1470 malui

187 1509 254 1540 aut
284 1502 423 1539 tacitus
452 1499 606 1538 abicere
635 1506 712 1545 aut,
738 1497 873 1547 siquae
903 1500 1046 1549 dignae
1075 1512 1178 1548 quae
1208 1507 1518 1537 memorarentur
1569 1501 1571 1504 ’

188 1566 432 1612 videbantur,
449 1579 470 1603 e
491 1565 597 1602 textu
618 1563 657 1601 in
674 1563 972 1602 adnotationem
989 1565 1160 1614 relegare
1175 1578 1185 1612 3
1214 1577 1307 1601 narn
1327 1563 1367 1601 in
1388 1563 1518 1602 huius-

190 1631 297 1670 modi
327 1630 501 1669 editione
530 1631 616 1679 plus
646 1630 772 1666 valere
800 1628 926 1666 visum
953 1637 1011 1667 est
1038 1630 1229 1667 lectorum
1259 1631 1517 1668 commodum

189 1710 307 1746 quarn
329 1708 463 1734 severa
488 1703 554 1732 aut
581 1694 801 1732 constantia
815 1695 826 1713 ³
847 1702 914 1732 aut
941 1694 1105 1733 traditae
1133 1694 1345 1745 scripturae
1365 1708 1518 1733 conser-

189 1760 303 1798 vatio.
362 1760 584 1797 Verborum
608 1759 724 1797 etiam
747 1759 981 1798 divisionem
1009 1761 1059 1798 ad
1082 1759 1193 1798 metri
1215 1759 1516 1809 explicationem

190 1824 443 1870 conformavi,
459 1830 501 1862 ut
520 1832 553 1861 si
567 1825 715 1872 quidem
730 1826 740 1844 ⁴
763 1832 801 1862 et
816 1826 1009 1873 quuz'dem,
1027 1828 1068 1862 ίιῖ
1088 1825 1236 1873 qm'dem
1253 1831 1291 1862 et
1313 1824 1514 1873 tzzqm‘dem,

232 1945 244 1964 ¹
269 1944 320 1974 Cf.
340 1944 380 1974 ad
398 1943 492 1973 Asin.
515 1945 590 1982 589,
612 1953 685 1982 593.
720 1943 875 1983 Vestigia
892 1944 1100 1984 antiquitatis
1119 1954 1194 1974 raro
1211 1943 1243 1974 in
1258 1944 1320 1973 hac
1339 1947 1435 1982 parte
1452 1941 1518 1972 nisi

190 2006 251 2035 per
267 1995 433 2026 inscitiam
451 2000 595 2033 servata,
613 1999 648 2025 ut
666 1995 744 2026 illud
762 2007 827 2035 quo
844 1997 981 2027 iusserat
1000 1997 1111 2037 (Capt.
1130 1996 1208 2036 887)
1226 2006 1289 2035 pro
1307 1995 1424 2035 quoius
1439 1998 1515 2033 erat,

191 2059 266 2079 cum
281 2053 452 2078 corrector
469 2047 523 2078 ille
542 2047 619 2088 (3³)
637 2048 794 2087 antiquae
812 2049 1074 2090 orthographiae
1089 2047 1278 2079 incuriosus
1298 2052 1400 2078 esset.

230 2100 243 2120 2
268 2100 334 2131 Seu
368 2099 671 2140 monosyllabicam
707 2102 714 2115 ί
726 2091 867 2140 ςυοῖυ5’
897 2111 958 2132 seu
989 2100 1163 2132 bibrevem
1197 2097 1374 2140 ‘qubyt'is.‘
1431 2098 1517 2130 Nam

193 2153 422 2192 ‘grammatici
441 2158 573 2183 certant
592 2158 625 2184 et
645 2154 753 2184 adhuc
772 2155 835 2185 sub
852 2155 960 2185 iudice
977 2155 1019 2185 lis
1035 2155 1110 2186 est.⁷

217 2205 246 2223 *3
269 2204 352 2235 Vaco
368 2215 503 2244 semper
516 2205 650 2244 scripsi,
665 2206 726 2236 sed
740 2206 773 2236 in
789 2206 866 2238 Cas.
879 2216 942 2245 527
955 2217 1022 2237 non
1041 2206 1134 2246 potui
1146 2216 1214 2236 non
1229 2205 1380 2236 scribere
1391 2207 1517 2235 vocent:

193 2257 256 2287 Fac
272 2256 419 2287 habeant
438 2257 585 2295 linguam
604 2262 682 2287 tuae
699 2258 813 2288 aedes.
854 2257 1028 2296 Quid‘ita‘?
1053 2257 1166 2296 Quom
1183 2256 1330 2295 ueniam,
1351 2259 1486 2286 nocent.

235 2308 247 2328 ⁴
274 2308 483 2339 Disiunctam
512 2308 725 2347 scripturam,
760 2313 879 2348 utpote
909 2309 1018 2348 magis
1045 2308 1212 2347 usitatam,
1246 2307 1379 2338 servavi
1410 2304 1517 2337 sicubi

192 2360 353 2391 dubitatio
378 2364 496 2390 extare
516 2359 703 2391 videbatur.

834 2412 872 2451 vi
