1814 2723
195 74 301 113 1V.i
706 74 753 111 T.
786 72 967 111 MACCI
1000 73 1204 110 PLAVTI

290 196 412 234 quom
429 190 575 233 surgat:
601 196 731 233 neque
745 180 904 234 <quom)
918 181 959 219 in
979 183 1125 220 lectum
1146 182 1351 221 inscendat
1372 195 1619 233 proxumum,

290 262 420 299 neque
440 262 562 299 quom
584 248 800 287 descendat
820 247 924 294 inde,
948 248 1016 285 det
1036 247 1251 297 quoiquam
1273 261 1435 286 manum
1453 262 1459 285 :

291 315 551 364 spectandum
573 327 622 351 ne
644 312 752 362 quoii
772 314 934 350 anulum
956 313 1023 350 det
1043 326 1173 362 neque
1194 320 1312 362 roget.

291 380 390 417 talos
411 393 461 417 ne
481 377 711 428 quoiiquam
732 376 884 414 homini
904 377 1117 415 admoueat
1137 376 1212 415 nisi
1233 375 1314 415 tibi.

231 458 269 490 35
291 457 381 482 curn
403 443 527 490 iaciat,
553 444 634 481 ‘te'
655 456 706 480 ne
727 441 856 480 dicat:
887 455 1033 480 nomen
1054 442 1242 480 nominet.
1642 444 1712 486 780

290 509 405 547 deam
427 508 586 546 inuocet
606 506 681 545 sibi
702 520 820 557 quam
842 506 994 544 lubebit
1014 506 1238 557 propitiam,

290 575 410 612 deum
432 575 583 611 nullum
599 587 609 621 3
639 572 670 610 si
691 571 805 622 magi'
825 571 1005 622 religiosa.
1025 571 1149 619 fuerit,

290 637 361 677 tibi
382 638 486 677 dicat
503 654 509 677 :
540 645 582 676 tu
603 650 674 688 pro
695 637 760 675 illa
780 650 866 676 ores
887 644 930 674 ut
950 636 998 674 sit
1019 636 1220 687 propitius.

290 717 420 754 neque
441 703 505 741 illa
524 702 592 740 ulli
613 701 765 741 homini
785 709 907 749 nutet,
930 701 1062 748 ructet,
1084 702 1243 740 adnuat.

231 787 273 819 40
291 769 423 819 postid
444 770 602 807 lucerna
622 768 654 806 si
675 767 865 806 exstincta
886 774 954 815 est,
977 781 1027 805 ne
1048 766 1144 817 quid
1165 766 1225 805 sui
1644 768 1708 814 785

292 833 459 873 membri
480 840 732 872 commoueat
753 832 965 883 quicquam
986 832 1026 870 in
1047 831 1243 871 tenebris?
1302 833 1367 870 D1.
1400 838 1609 881 optumest.

290 900 344 938 ita
363 899 512 938 scilicet
532 900 731 937 facturam.
792 911 929 936 uerum
950 897 990 935 in
1011 897 1250 936 cubiculo—

290 967 406 1003 deme
427 964 771 1014 istuc—equidem
792 962 899 1001 illam
921 962 1071 1001 moueri
1091 962 1227 1012 gestio.

292 1031 386 1068 nolo
407 1029 512 1067 illam
534 1029 679 1068 habere
699 1041 878 1066 caussam
900 1034 938 1066 et
958 1027 1124 1066 notitam
1144 1027 1286 1066 dicere.

231 1113 272 1145 45
294 1096 363 1133 ΡΑ.
396 1094 487 1142 scio,
507 1094 709 1145 captiones
726 1093 878 1132 metuis.
940 1094 1005 1131 D1.
1038 1106 1186 1131 uerum.
1246 1094 1315 1130 PA.
1348 1105 1440 1141 ergo
1456 1099 1498 1130 ut
1514 1091 1625 1130 iubes
1646 1097 1715 1134 790

292 1161 439 1198 tollam.
491 1161 556 1198 D1.
580 1159 677 1209 quid
693 1158 763 1196 ni?
810 1159 879 1195 PA.
901 1157 995 1197 audi
1008 1156 1162 1196 relicua.
1215 1158 1280 1195 Dr.
1303 1158 1477 1206 loquere,
1492 1155 1622 1195 audio.

292 1227 361 1263 PA.
396 1229 404 1244 ‘
418 1238 549 1275 neque
569 1226 693 1262 ullum
714 1224 881 1263 uerbum
901 1223 1017 1262 faciat
1038 1221 1312 1274 perplexabile‚

290 1304 421 1341 neque
440 1292 519 1329 ulla
539 1289 671 1341 lingua
692 1289 787 1328 sciat
808 1288 916 1339 loqui
937 1287 1011 1327 nisi
1030 1287 1173 1327 Attica.

291 1357 377 1394 fort'
398 1355 430 1394 si
450 1355 589 1394 tussire
609 1354 798 1404 occepsit,
818 1368 868 1393 ne
889 1353 944 1392 sic
965 1353 1102 1392 tussiat

230 1438 274 1470 50
291 1429 335 1460 ut
355 1421 571 1472 quoiquam
592 1420 766 1470 linguam
787 1419 827 1458 in
848 1419 1052 1458 tussiendo
1072 1426 1258 1470 proserat.
1645 1423 1711 1460 795

292 1488 401 1537 quod
421 1486 486 1525 illa
504 1490 637 1525 autem
659 1485 816 1524 simulet
835 1484 947 1535 quasi
967 1486 1140 1535 grauedo
1161 1485 1340 1534 profluat,

292 1553 368 1591 hoc
388 1566 438 1591 ne
459 1552 514 1590 sic
535 1551 650 1606 faciat
667 1566 674 1589 :
704 1558 746 1589 tu
762 1551 949 1589 labellum
970 1558 1192 1600 apstergeas

291 1617 421 1668 potius
442 1631 561 1667 quam
582 1616 798 1667 quoiquam
820 1615 973 1654 sauium
995 1610 1111 1654 fac‘iat
1131 1616 1271 1665 palam.

293 1696 367 1721 nec
387 1690 510 1721 mater
529 1683 619 1721 lena
638 1683 689 1720 ad
710 1681 848 1719 uinum
868 1682 1032 1719 accedat
1052 1679 1219 1726 interim,

232 1765 271 1799 55
293 1762 368 1786 nec
388 1747 455 1786 ulli
476 1748 598 1786 uerbo
620 1748 721 1786 male
741 1746 856 1785 dicat.
916 1746 947 1784 si
968 1745 1117 1792 dixerit,
1644 1745 1714 1780 800

293 1815 391 1852 haec
411 1814 535 1851 multa
555 1812 591 1851 ei
611 1820 706 1859 esto,
729 1811 824 1850 uino
844 1811 983 1862 uiginti
1003 1811 1087 1850 dies

292 1886 334 1917 ut
355 1880 506 1917 careat.'
566 1880 630 1917 D1.
662 1879 826 1928 pulchre
847 1877 1009 1927 scripsti.
1070 1876 1210 1915 scitum
1233 1876 1516 1926 syngraphum!

292 1945 360 1982 PA.
396 1946 501 1981 ‘tum
522 1943 553 1981 si
574 1956 750 1989 coronas,
775 1950 886 1989 serta,
910 1949 1111 1992 unguenta
1130 1940 1284 1979 iusserit

291 2008 474 2047 ancillam
495 2010 591 2047 ferre
611 2007 757 2046 Veneri
783 2006 787 2059 Ι
813 2015 880 2045 aut
901 2006 1100 2057 Cupidini,

336 2114 399 2152 776
422 2122 520 2151 quom
539 2111 615 2142 add.
635 2110 772 2141 Mueller
860 2119 920 2149 777
946 2109 995 2140 vel
1009 2109 1077 2140 ind'
1096 2109 1127 2139 d.
1146 2108 1339 2148 quoiiquam
1431 2109 1493 2146 780
1517 2107 1623 2138 iaceat

292 2156 357 2188 cod.
506 2156 568 2194 785
592 2155 619 2185 si
638 2156 700 2185 luc.
720 2153 788 2185 cod.
809 2153 880 2194 (sed
901 2154 967 2184 luc.
987 2153 1043 2183 vix
1056 2152 1253 2192 ferendum)
1359 2156 1435 2190 post
1453 2152 1512 2192 (ita
1529 2151 1577 2191 Β)
1595 2152 1622 2181 si

292 2200 317 2230 l.
334 2211 362 2230 e.
379 2200 423 2229 sit
449 2199 585 2237 Merula,
611 2198 732 2228 Thulin
759 2197 795 2227 de
819 2197 1015 2227 com'uuctz'vo
1040 2207 1070 2235 p.
1090 2206 1131 2236 97
1221 2195 1286 2225 erit
1307 2194 1430 2234 Ussing
1561 2195 1623 2234 789

257 2244 266 2254 ⁸
293 2243 383 2274 illam
401 2243 526 2273 habere
543 2241 629 2271 codd.
648 2241 754 2272 Nonii
765 2251 806 2280 45
824 2251 831 2270 :
855 2240 982 2271 habere
1000 2239 1090 2270 illam
1108 2238 1173 2270 cod.
1310 2248 1373 2277 792
1398 2238 1622 2277 perplexibile

292 2286 378 2317 cod.:
405 2285 624 2326 perpexabile
645 2284 776 2315 Nonius
801 2293 856 2322 151
989 2293 1066 2322 q94
1090 2283 1156 2313 fors
1177 2283 1256 2313 Rezz
1399 2283 1463 2311 802
1486 2281 1622 2321 scripsti

292 2330 396 2361 Pius:
421 2329 557 2368 scriptis
573 2327 632 2358 cod
660 2329 705 2368 (v,
726 2338 760 2368 p.
775 2328 832 2369 78)
965 2327 1030 2366 804
1054 2326 1109 2357 uel
1126 2326 1228 2357 Reiz:
1253 2325 1316 2367 <ab
1338 2323 1398 2367 se>
1413 2329 1471 2355 aut
1490 2323 1625 2355 Mueller

294 2373 431 2415 (Rhein.
448 2371 537 2403 Mus.
554 2382 607 2411 54,
628 2373 704 2412 383)
