1814 2723
163 87 309 126 111.vi
672 87 718 123 T.
753 84 934 124 MACCI
967 83 1172 122 PLAVTI

268 198 365 234 Evc.
399 209 479 234 non
500 203 634 245 potem
656 195 728 244 ego
750 193 911 243 quidem
932 194 1072 230 hercle.
1134 193 1216 230 ME.
1249 191 1288 230 at
1308 204 1381 241 ego
1401 190 1550 229 iussero
1616 206 1682 243 570

206 276 246 308 35
269 262 412 299 cadum
433 274 556 298 unum
578 259 659 297 uini
681 258 822 296 ueteris
842 271 865 295 a
886 271 949 295 me
969 256 1161 295 adferrier.

269 328 367 364 EVC.
399 328 493 364 nolo
514 327 655 371 hercle,
679 337 769 361 narn
791 322 887 361 mihi
908 322 1043 361 bibere
1066 323 1268 361 decretum
1290 329 1348 360 est
1367 334 1522 371 aquam.

269 392 352 428 ME.
385 404 458 441 ego
479 398 516 428 te
536 389 656 428 hodie
677 390 840 427 reddam
862 387 1080 436 madidum,
1101 387 1132 425 si
1153 387 1256 434 uiuo,
1281 386 1415 437 probe,

267 456 337 495 tibi
359 455 453 506 quoi
473 457 675 494 decretum
703 460 760 492 est
783 453 915 491 bibere
935 466 1090 503 aquam.
1142 454 1239 490 Evc.
1272 451 1353 490 scio
1375 464 1492 501 quam
1515 464 1595 488 rem

1485 523 1573 566 agat
1590 531 1595 553 :

269 594 311 624 ut
332 600 394 624 me
415 587 589 636 deponat
609 584 714 631 uino,
738 597 825 622 earn
846 584 1018 621 adfectat
1037 581 1154 629 uiam,
1620 593 1683 630 575

205 666 249 697 40
269 659 357 701 post
378 652 454 688 hoc
475 651 583 699 quod
605 650 733 687 habeo
754 656 796 687 ut
817 656 1034 686 commutet
1055 647 1261 686 Coloniam.

269 730 342 766 ego
364 716 403 754 id
424 715 586 761 cauebo,
611 728 702 752 nam
723 713 868 752 alicubi
889 714 1117 763 apstrudam
1138 713 1240 751 foris.

269 794 341 830 ego
362 782 449 818 faxo
471 787 509 818 et
530 793 688 830 operam
711 787 748 817 et
769 779 905 817 uinum
927 778 1139 828 perdiderit
1160 778 1285 816 simul.

272 848 354 884 ME.
387 859 469 895 ego,
494 845 567 882 nisi
589 844 683 894 quid
706 857 769 882 me
789 843 859 891 uis,
883 857 930 882 eo
950 845 1136 890 lauatum,
1158 850 1201 881 ut
1221 843 1517 880 sacruficem.—

272 913 368 949 Evc.
402 911 544 960 edepol
565 923 614 947 ne
635 917 686 956 tn,
710 910 808 955 aula,
833 910 977 946 multos
997 908 1178 946 inimicos
1198 907 1320 945 habes
1622 907 1688 951 580

208 989 247 1019 45
270 984 388 1026 atque
409 975 509 1013 istuc
529 988 667 1013 aurum
689 976 797 1024 quod
819 974 889 1012 tibi
909 973 1180 1012 concreditum
1201 980 1269 1011 est.

271 1055 376 1079 nunc
397 1042 473 1079 hoc
495 1040 590 1078 mihi
611 1042 753 1079 factust
773 1047 994 1089 optumum,
1017 1046 1059 1077 ut
1080 1040 1146 1078 ted
1166 1040 1351 1084 auferam,

270 1108 370 1154 aula,
392 1106 432 1144 in
454 1105 565 1144 Fidei
586 1107 745 1144 fanum:
775 1104 829 1143 ibi
849 1106 1077 1154 apstrudam
1098 1104 1232 1154 probe.

273 1172 400 1219 Fides,
424 1171 569 1210 nouisti
590 1170 654 1209 me
674 1178 712 1209 et
733 1184 806 1221 ego
827 1178 887 1208 te:
918 1183 1015 1208 caue
1036 1170 1086 1208 sis
1108 1169 1179 1208 tibi

272 1252 322 1276 ne
343 1246 384 1276 tu
405 1237 644 1276 immutassis
665 1250 824 1283 nomen,
847 1236 879 1274 si
900 1237 976 1274 hoc
997 1236 1231 1274 concreduo.
1625 1233 1688 1277 585

210 1318 252 1348 50
272 1303 339 1341 ibo
359 1303 410 1341 ad
432 1310 469 1341 te
489 1303 608 1341 fretus
629 1309 705 1348 tua,
731 1301 860 1349 Fides,
882 1300 1094 1340 fiducia-—

765 1503 1000 1551 ACTVS
1041 1503 1113 1550 IV

157 1605 255 1642 IV.i
602 1602 609 1607 ”
662 1606 982 1643 LYCONIDIS
1030 1606 1244 1644 S¹Evas

275 1692 317 1729 L.
337 1692 373 1730 S.
402 1693 494 1730 Hoc
515 1698 573 1730 est
594 1692 695 1730 serui
712 1691 862 1730 facinus
879 1692 987 1742 frugi,
1007 1694 1133 1731 facere
1154 1693 1262 1743 quod
1284 1705 1356 1742 ego
1377 1703 1600 1741 persequor,

273 1769 323 1794 ne
344 1770 476 1795 morae
497 1757 780 1807 molestiaeque
800 1757 1008 1808 imperium
1029 1758 1121 1796 erile
1140 1758 1284 1796 habeat
1305 1756 1389 1796 sibi.

275 1835 366 1859 nam
388 1821 455 1871 qui
475 1835 542 1860 ero
563 1836 609 1860 ex
629 1822 823 1860 sententia
844 1822 987 1862 seruire
1008 1837 1141 1862 seruos
1162 1824 1344 1873 postulat,

276 1887 315 1925 in
336 1900 445 1925 erum
467 1895 628 1934 matura,
650 1887 690 1925 in
711 1901 752 1926 se
768 1891 858 1926 ‘sera
877 1890 1071 1927 condecet
1092 1902 1304 1939 capessere.
1407 1912 1409 1916 ν
1624 1890 1691 1928 590

239 1969 256 2000 5
276 1953 335 1991 sin
356 1953 552 2001 dormitet,
575 1954 628 1992 ita
649 1954 833 1993 dormitet
854 1969 1010 1994 seruom
1031 1969 1116 1994 sese
1137 1963 1179 1994 ut
1199 1955 1353 2005 cogitet.

275 2032 367 2057 nam
389 2019 455 2069 qui
475 2020 623 2058 amanti
644 2034 710 2059 ero
732 2021 959 2060 seruitutem
981 2022 1109 2068 seruit,
1133 2025 1244 2072 quasi
1265 2035 1338 2071 ego
1358 2019 1496 2066 serui0‚

275 2083 306 2122 si
327 2098 436 2123 erum
457 2085 565 2123 uidet
582 2100 763 2136 superare
783 2101 969 2135 amorem,
988 2089 1064 2126 hoc
1085 2087 1186 2126 serui
1206 2100 1291 2125 esse
1312 2085 1484 2125 officium
1505 2097 1600 2131 reor,

275 2149 440 2188 retinere
460 2151 510 2188 ad
532 2153 709 2200 salutem,
732 2166 813 2191 non
835 2153 940 2191 enim
962 2166 1041 2203 quo
1062 2152 1265 2191 incumbat
1285 2165 1333 2190 eo
1353 2151 1564 2201 impellere.

319 2264 383 2294 570
398 2255 454 2285 vix
471 2256 610 2295 potitem
714 2259 775 2296 581
802 2258 1035 2295 congreditum
1059 2256 1123 2289 cod.
1148 2257 1190 2294 (G
1211 2261 1272 2296 pro
1294 2256 1335 2295 C)
1441 2256 1505 2295 583
1529 2255 1603 2286 aula

274 2296 468 2330 Scutarins:
500 2301 609 2330 aulam
634 2300 699 2332 cod.
857 2303 919 2340 584
944 2299 1140 2333 vel‘nouisti
1168 2300 1287 2337 (nosti)
1315 2300 1390 2330 med
1539 2299 1602 2337 585

277 2342 529 2373 inmemutassis
546 2343 633 2374 codd.
650 2355 655 2373 :
681 2355 760 2377 corr.
773 2344 946 2376 Acidalius
958 2345 1008 2384 (iv
1031 2345 1066 2383 3)
1159 2345 1223 2384 589
1248 2343 1298 2374 eri
1315 2342 1403 2374 codd.
1423 2342 1526 2373 Nonii
1539 2351 1602 2381 375

277 2395 338 2425 591
365 2396 402 2416 se
420 2395 496 2416 esse
514 2384 650 2416 Mueller
780 2389 886 2426 592-8
909 2388 1036 2418 seclusit
1050 2387 1134 2418 Brz'x
