1742 2718
672 85 1019 122 AMPHITRVO
1474 85 1503 121 Ι.
1527 84 1571 119 iii

96 205 158 242 505
182 195 295 233 citius
315 196 424 245 quod
446 208 526 233 non
546 196 650 233 facto
670 202 729 232 est
749 208 841 232 usus
859 195 900 232 fit
921 207 1039 244 quam
1061 195 1170 244 quod
1191 195 1294 232 sacto
1316 202 1374 232 est
1395 207 1504 243 opus.

181 262 263 298 ME.
301 259 416 297 nimis
454 259 519 298 hic
558 259 695 297 scitust
729 260 982 309 sycophanta,
1015 259 1081 309 qui
1121 258 1283 309 quidem
1323 261 1424 297 mcu'
1459 259 1506 296 sit

1386 331 1503 373 pater.

178 397 438 441 opseruatote,
459 388 537 442 (ut)
555 403 674 440 quam
695 390 841 428 blande
862 389 1012 427 mulieri
1036 388 1268 438 palpabitur.

179 458 251 494 AL.
284 463 436 494 ecastor
456 463 494 493 te
515 455 691 504 experior
711 454 848 504 quanti
869 454 987 492 facias
1009 467 1170 492 uxorem
1193 462 1311 491 tuam.
1531 466 1570 487 10

180 522 238 558 Iv.
271 520 371 558 satin
401 520 523 558 habes
553 519 584 557 si
620 519 852 558 feminarum
890 520 997 557 nulla
1027 527 1084 557 est
1115 532 1234 569 quam
1265 531 1391 568 aeque
1426 518 1508 556 dili-

1390 597 1478 633 gam
1493 585 1508 620 Ρ

97 663 164 697 510
182 652 266 689 ΜΕ.
298 652 440 701 edepol
461 664 510 689 ne
532 650 596 688 illa
616 650 648 688 si
669 649 751 688 istis
773 650 888 688 rebus
910 657 948 688 te
969 649 1065 688 sciat
1087 662 1246 699 operam
1269 650 1372 695 dare,

180 730 252 766 ego
272 715 389 754 faxim
411 716 477 754 ted
498 714 831 765 Amphitruonem
854 714 938 752 e'sse
960 714 1071 752 malis
1093 728 1210 764 quam
1235 716 1385 752 Iouem.

181 784 254 820 AL.
286 780 449 830 experiri
470 780 569 823 istuc
591 781 800 818 mauellem
823 793 886 818 me
907 793 1026 829 quam
1049 779 1102 816 mi
1123 778 1384 817 memorarier.

180 846 286 898 prius
305 845 389 884 abis
410 858 529 895 quam
550 846 673 883 lectus
695 844 762 883 ubi
783 844 953 883 cubuisti
975 844 1172 883 concaluit
1194 846 1313 882 locus.
1532 856 1567 887 15

181 911 264 951 heri
285 910 427 949 uenisti
448 909 578 948 media
598 917 726 957 nocte,
750 924 855 948 nunc
875 910 971 948 abis.
1032 910 1174 948 hoccin
1196 912 1352 959 placet?

97 985 160 1021 515
184 979 267 1015 ΜΕ.
299 977 486 1014 accedam
507 983 626 1025 atque
647 976 748 1013 hanc
769 975 980 1025 appellabo
1001 982 1039 1013 et
1061 975 1378 1025 subparasitabor
1399 974 1507 1025 patri.

182 1054 399 1091 numquam
426 1041 568 1090 edepol
595 1053 837 1090 quemquam
865 1042 1071 1079 mortalem
1102 1041 1220 1078 credo
1247 1053 1320 1090 ego
1352 1053 1511 1078 uxorem

1401 1119 1511 1144 suam

184 1173 238 1211 sic
259 1172 441 1210 ecflictim
461 1185 602 1219 amare,
626 1171 792 1221 proinde
812 1180 854 1210 ut
875 1171 938 1210 hic
960 1180 998 1210 te
1018 1171 1201 1210 ecflictim
1222 1171 1381 1222 deperit.

186 1239 244 1276 IV.
276 1238 471 1284 carnufex,
494 1250 575 1274 non
597 1250 669 1286 ego
691 1244 728 1274 te
749 1237 873 1275 noui?
902 1236 995 1274 abin
1016 1250 1037 1275 e
1058 1244 1273 1286 conspectu
1295 1238 1415 1275 meo?
1535 1248 1574 1270 20

185 1302 280 1352 quid
301 1301 371 1340 tibi
392 1303 494 1340 hanc
515 1301 664 1340 curatio
686 1310 743 1340 est
764 1316 857 1350 rem,
880 1303 1057 1349 uerbero,
1079 1310 1147 1340 aut
1168 1301 1369 1340 muttitio?

99 1381 167 1417 520
186 1367 293 1418 quoii
327 1381 400 1418 ego
439 1367 516 1406 iam
551 1369 628 1406 hoc
668 1367 974 1418 scipione—AL.
1010 1369 1062 1405 ah
1096 1367 1188 1405 noli.
1263 1369 1321 1404 IV.
1357 1367 1513 1405 muttito

1380 1433 1511 1471 modo.

187 1500 271 1537 ME.
304 1499 484 1549 nequiter
503 1513 630 1549 paene
651 1498 851 1550 expediuit
871 1498 996 1549 prima
1016 1498 1251 1548 parasitatio.
1304 1520 1312 1524 -

187 1566 246 1602 IV.
278 1578 415 1603 uerum
437 1566 545 1615 quod
566 1573 607 1603 tu
632 1565 742 1612 dicis,
766 1578 854 1603 mea
873 1577 980 1611 uxor,
1003 1577 1084 1602 non
1105 1571 1142 1602 te
1164 1563 1217 1601 mi
1238 1563 1349 1602 irasci
1366 1564 1490 1601 decet.

187 1631 410 1668 clanculum
430 1629 532 1669 abii:
563 1630 584 1668 a
604 1630 758 1680 legione
780 1631 938 1679 operam
961 1630 1062 1667 hanc
1083 1629 1262 1678 surrupui
1284 1629 1365 1675 tibi,
1537 1641 1575 1674 25

188 1708 235 1732 ex
255 1708 317 1733 me
338 1695 465 1744 primo
484 1693 562 1747 (ut)
580 1695 706 1745 prima
725 1694 842 1734 scires
864 1708 945 1733 rem
966 1702 1008 1732 ut
1028 1694 1235 1744 gessissem
1256 1694 1466 1744 publicam.

103 1768 167 1805 525
189 1773 234 1797 ea
254 1759 324 1798 tibi
345 1759 478 1798 omnia
498 1760 684 1798 enarraui.
745 1760 819 1798 nisi
840 1768 878 1798 te
898 1773 1070 1798 amarem
1092 1761 1329 1808 plurumum,

188 1838 269 1863 non
303 1826 481 1864 facerem.
554 1827 637 1863 ME.
670 1825 814 1864 facitne
849 1833 892 1863 ut
923 1824 1032 1863 dixi?
1071 1824 1251 1863 timidam
1285 1826 1403 1874 palpo
1437 1837 1519 1874 per-

1409 1897 1516 1927 cutlt.

190 1955 248 1993 IV.
280 1968 397 2002 nunc,
427 1969 476 1994 ne
506 1955 607 2006 legio
636 1955 903 2006 persentiscat,
932 1956 1033 1994 clam
1063 1955 1154 1994 illuc
1184 1956 1432 1994 redeundum
1462 1961 1520 1992 est

221 2065 223 2068 v
1411 2018 1517 2066 mihi,

189 2098 239 2123 ne
260 2098 323 2124 me
344 2098 505 2124 uxorem
526 2085 785 2136 praeuortisse
806 2086 939 2125 dicant
961 2100 1052 2136 prae
1073 2100 1113 2125 re
1133 2086 1303 2136 publica.
1538 2097 1579 2128 30

234 2197 296 2228 507
323 2193 358 2219 ut
375 2199 473 2227 quam
489 2188 620 2228 scripsi:
646 2199 744 2228 quam
762 2188 828 2220 cod.
861 2200 937 2219 cum
955 2189 1018 2220 cod.
1035 2189 1142 2221 Schol.
1163 2189 1250 2229 Verg.
1267 2189 1354 2220 Aen.
1370 2199 1402 2225 2,
1421 2187 1519 2228 725):

191 2236 228 2262 ut
244 2231 333 2262 codd.
351 2231 632 2272 DonatiAdelplz.
655 2233 736 2272 prol.
757 2243 776 2262 2
793 2244 800 2263 :
825 2245 835 2262 c
847 2243 899 2263 um
918 2243 1017 2272 quam
1038 2233 1138 2263 Bothe
1225 2233 1302 2264 mul.
1325 2234 1416 2273 palp.
1430 2232 1494 2263 cod.
1512 2243 1518 2262 :

192 2275 613 2315 suppalpaturspalpetur,
638 2276 716 2307 mul.
735 2275 822 2307 codd.
845 2276 952 2307 Sclzol.
986 2275 1076 2312 γαρ.
1103 2280 1133 2306 et
1153 2275 1283 2308 Donati
1456 2285 1521 2314 520

192 2319 338 2358 quolego
355 2318 420 2349 cod.
445 2319 471 2358 (1
482 2324 544 2359 pro
557 2319 586 2360 j)
741 2329 804 2359 523
828 2321 866 2359 cf.
887 2319 1009 2358 Journ.
1038 2319 1125 2352 Phil.
1145 2321 1197 2360 26,
1227 2331 1292 2359 292
1457 2329 1519 2357 524

193 2366 230 2392 ut
246 2362 322 2393 add.
341 2362 513 2393 Fleckeisen
