1742 2718
662 54 979 92 MERCATOR
1436 55 1488 91 II.
1511 53 1556 90 iii

161 174 202 205 ut
232 166 510 205 emerem—ad
540 164 664 203 istanc
695 163 845 202 faciem.
906 164 983 203 CH.
1016 163 1054 202 at
1086 163 1180 202 mihi
1206 163 1366 213 quidam
1397 164 1490 202 adu·
1509 176 1553 209 90

1183 230 1346 275 lescens,
1370 236 1486 279 pater,

163 295 366 334 mandauit
387 296 438 335 ad
459 294 564 333 illam
586 294 737 340 faciem,
762 296 814 332 ita
835 302 876 332 ut
897 293 963 332 illa
983 301 1051 340 est,
1076 307 1247 333 emerem
1269 293 1353 332 sibi.

164 361 238 398 DE.
271 359 407 409 uiginti
429 359 544 398 minis
565 359 705 408 opinor
725 372 841 409 posse
858 372 920 397 me
942 358 1047 396 illam
1070 360 1253 397 uendere.

71 436 142 470 430
161 426 238 463 CH.
270 433 309 463 at
330 438 402 474 ego
423 424 454 462 si
475 424 607 470 uelim,
630 423 706 462 iarn
729 425 872 462 dantur
893 431 1044 473 septem
1065 432 1103 462 et
1124 423 1262 473 uiginti
1284 422 1423 461 minae.

163 491 238 528 DE.
269 498 307 527 at
338 491 544 540 ego—CH.
579 489 674 538 quin
705 503 788 539 ego,
812 489 1109 538 inquam—DE.
1143 490 1203 536 ah,
1237 488 1364 527 nescis
1394 488 1490 538 quid

1073 554 1248 593 dicturus
1269 567 1370 601 sum,
1391 561 1486 592 tace.

159 618 225 657 tris
246 619 371 658 minas
391 620 584 658 accudere
604 619 722 658 etiam
744 632 916 669 possum,
941 626 983 657 ut
1003 619 1160 669 triginta
1181 619 1293 658 sient.
1508 630 1549 662 95

159 684 236 722 CH.
269 697 349 733 quo
378 683 559 722 uortisti?
616 686 692 722 DE.
724 685 774 722 ad
796 683 904 722 illum
926 685 994 734 qui
1015 685 1119 723 emit.
1181 685 1259 723 CH.
1291 684 1491 723 ubinamst

1089 749 1120 788 is
1144 750 1266 788 homo
1286 749 1492 799 gentium?

22 824 135 860 434—5
160 815 234 851 DE.
268 813 448 852 eccillum
471 810 600 852 uideo.
660 814 769 853 iubet
789 815 966 866 quinque
994 830 1057 854 me
1077 816 1224 853 addere
1245 813 1362 852 etiam
1385 828 1490 853 nunc

1350 880 1486 918 minas.

154 945 232 983 CH.
266 945 394 982 hercle
422 944 542 983 illunc
563 945 602 983 di
629 943 634 995 Ι
661 944 872 993 infelicent,
902 946 1080 997 quisquis
1101 953 1170 984 est.
1231 947 1306 983 DE.
1339 944 1488 984 ibidem

1391 1010 1487 1048 mihi

155 1073 272 1112 etiam
294 1088 399 1112 nunc
419 1076 585 1113 adnutat
605 1076 750 1114 addam
772 1089 838 1114 sex
860 1076 996 1115 minas.
1058 1078 1135 1116 CH.
1169 1083 1319 1126 septem
1341 1075 1448 1114 mihi.

158 1140 233 1176 DE.
266 1153 482 1190 numquam
517 1141 659 1190 edepol
695 1154 757 1179 me
792 1141 924 1180 uincet
959 1141 1089 1181 hodie.
1154 1142 1232 1181 CH.
1265 1142 1486 1180 commodis
1509 1156 1572 1179 100

1205 1206 1342 1256 poscit,
1366 1214 1484 1256 pater.

159 1270 233 1307 DE.
258 1269 498 1319 nequiquam
519 1269 670 1320 poscit:
700 1284 773 1321 ego
794 1272 963 1311 habebo.
1015 1274 1092 1312 CH.
1116 1279 1155 1310 at
1176 1271 1253 1310 illic
1274 1271 1488 1322 pollicitust

1369 1337 1484 1386 prior.

67 1407 137 1442 440
157 1400 232 1437 DE.
265 1399 375 1437 nihili
396 1399 507 1438 facio.
568 1400 645 1440 CH.
678 1399 964 1451 quinquaginta
988 1401 1125 1452 poscit.
1188 1404 1263 1440 DE.
1296 1414 1376 1440 non
1398 1415 1486 1439 cen·

1253 1473 1337 1504 tum
1359 1468 1483 1505 datur.

153 1528 289 1578 potine
309 1536 352 1567 ut
373 1543 423 1568 ne
444 1528 591 1568 licitere
612 1531 827 1569 aduorsum
849 1529 963 1583 (mei)
982 1531 1104 1570 animi
1127 1525 1391 1570 sententiam?

154 1606 377 1632 maxumam
398 1595 529 1634 hercle
549 1595 714 1634 habebis
732 1597 919 1646 praedam
939 1613 945 1635 :
976 1596 1029 1635 ita
1051 1596 1115 1635 ille
1131 1604 1200 1644 est,
1219 1598 1313 1647 quoi
1330 1596 1482 1645 emitur,

1340 1674 1484 1709 senex3

154 1738 271 1763 sanus
292 1739 373 1765 non
394 1734 452 1765 est
471 1740 519 1765 ex
538 1740 672 1766 amore
693 1726 805 1766 illius.
868 1728 977 1777 quod
999 1741 1137 1777 posces
1156 1729 1264 1766 feres.
1508 1743 1567 1775 105

155 1790 232 1829 CH.
256 1798 359 1829 certe
373 1792 515 1842 edepol
528 1793 762 1831 adulescens
779 1792 854 1839 ille,
871 1793 966 1842 quoi
982 1806 1055 1842 ego
1068 1805 1169 1838 emo,
1187 1792 1369 1831 ecflictim
1386 1792 1486 1843 perit

67 1866 132 1902 445
153 1853 237 1893 eius
256 1868 400 1895 amore.
471 1859 546 1895 DE.
578 1859 704 1896 multo
724 1858 854 1896 hercle
874 1857 939 1896 ille
959 1857 1072 1908 magi’
1094 1871 1222 1904 senex,
1246 1857 1277 1895 si
1298 1865 1339 1896 tu
1360 1857 1469 1896 scias.

154 1920 231 1959 CH.
263 1934 480 1971 numquam
501 1923 644 1972 edepol
664 1921 737 1961 fuit
756 1936 886 1973 neque
907 1924 974 1962 fiet
994 1922 1060 1962 ille
1080 1937 1199 1962 senex
1220 1922 1392 1962 insanior

151 1998 198 2022 ex
226 1998 359 2024 amore
388 2000 507 2037 quam
527 1987 591 2026 ille
611 1987 845 2027 adulescens
875 1989 971 2038 quoi
995 2001 1068 2038 ego
1098 1989 1151 2027 do
1175 1989 1278 2027 hanc
1307 2001 1479 2038 operam,

1358 2061 1479 2104 pater.

197 2164 260 2193 427
283 2152 383 2197 (aut)
407 2156 448 2186 ad
474 2154 540 2186 Leo
681 2157 745 2194 428
769 2156 941 2187 mandauit
966 2155 1046 2199 (ut)
1076 2157 1200 2199 Ussing
1313 2159 1363 2188 vel
1385 2158 1481 2189 illaec

153 2208 217 2238 429
240 2198 289 2228 vel
303 2199 403 2238 opino
492 2210 552 2238 431
579 2200 642 2230 sim
658 2199 735 2232 Ital.
826 2201 892 2239 436
915 2199 972 2231 vix
986 2201 1124 2232 hercule
1213 2201 1263 2232 vel
1285 2202 1353 2232 diui
1422 2201 1479 2233 inf.

152 2240 185 2270 di
203 2240 329 2272 Ritschl
396 2242 458 2273 DE.
478 2243 537 2274 del.
556 2243 682 2274 Ritsclzl
773 2253 835 2283 437
853 2243 938 2284 CH.]
959 2244 1019 2275 DE.
1042 2245 1138 2275 Goetz
1225 2255 1289 2284 439
1312 2245 1420 2275 habeo
1437 2244 1478 2283 B,

151 2284 239 2315 unde
253 2283 395 2328 (quam)
411 2297 474 2326 ego
490 2287 598 2318 habeo
618 2287 658 2325 (3)
684 2285 750 2317 Leo
896 2297 957 2326 441
983 2287 1111 2320 licitere
1138 2288 1355 2327 Camerarius,
1379 2289 1477 2318 etiam

150 2327 216 2359 cod.
236 2332 273 2358 ut
287 2328 349 2360 vid.
369 2329 513 2370 (litigere
529 2331 615 2369 PG),
637 2331 755 2361 liceret
776 2330 822 2368 Β)
841 2330 877 2371 (i.
897 2332 928 2370 8,
949 2341 980 2370 p.
1003 2333 1059 2372 27)
1149 2333 1216 2363 mei
1238 2331 1314 2363 add.
1333 2331 1480 2373 Scaliger

149 2381 213 2412 445
237 2372 288 2403 vel
300 2383 399 2412 mage
531 2376 595 2413 446
619 2375 668 2404 vel
681 2374 725 2404 ill’
