1814 2723
265 29 335 67 IV.
357 32 387 69 ii
766 35 813 72 T.
847 35 1027 74 MACCI
1061 36 1265 74 PLAVTI

293 158 336 189 30
356 148 431 185 ΡΗ.
464 146 560 197 quid
590 147 621 185 si
642 160 756 186 seruo
775 147 886 187 aliter
907 148 1036 186 uisum
1058 155 1126 206 est,
1150 162 1231 186 non
1251 155 1407 199 poteras
1427 148 1595 196 nouisse,
1618 162 1684 199 op-

1546 216 1686 253 secro?

355 279 422 315 ΡΕ.
456 277 551 328 quid
590 291 674 328 ego,
704 278 771 328 qui
804 278 911 316 illam
941 286 983 317 ut
1008 279 1204 328 preimum
1234 279 1327 327 uidi,
1357 291 1574 330 numquam
1601 277 1683 317 uidi
1702 280 1773 314 600

1516 352 1654 395 postea
1668 345 1685 382 ?

355 410 428 447 PH.
461 408 557 459 perii
592 408 754 446 misera!
827 411 895 447 PE.
928 423 977 447 ne
1016 410 1075 456 fle,
1114 409 1261 447 mulier.
1332 409 1434 448 intro
1470 408 1546 455 abi,
1583 408 1686 446 habe

1316 474 1490 513 animum
1511 473 1662 512 bonum
1677 487 1687 520 ς

354 552 426 588 ego
465 539 570 577 illam
610 539 810 589 reperiam.
885 541 958 577 PH.
992 538 1084 577 hinc
1124 538 1292 577 Athenis
1330 538 1427 577 ciuis
1466 551 1553 577 eam
1591 536 1686 576 emit

1507 602 1686 640 Atticus:

351 670 646 707 adulescentem
667 668 853 718 equidem
874 669 1060 707 dicebant
1075 668 1226 707 emisse.
1269 670 1337 706 PE.
1359 667 1571 715 inueniam,
1589 674 1684 706 tace.

293 743 333 775 35
353 732 418 771 abi
438 735 559 771 modo
580 733 683 771 intro
702 741 822 783 atque
842 735 944 771 hanc
964 734 1131 772 adserua
1152 732 1308 772 Circam
1329 732 1429 771 Solis
1450 732 1580 770 filiam.

352 811 426 848 ego
446 798 588 837 relictis
609 799 725 837 rebus
748 798 961 848 Epidicum
983 811 1143 848 operam
1164 799 1392 848 quaerendo
1413 798 1519 836 dabo
1538 812 1545 835 :
1703 799 1769 844 605

352 863 384 902 si
399 863 561 903 inuenio
582 863 819 902 exitiabilem
842 877 914 914 ego
935 863 989 901 illi
1010 863 1151 902 faciam
1172 864 1278 902 hunc
1299 869 1342 901 ut
1361 862 1427 901 fiat
1448 863 1622 902 diem.—

855 1056 1089 1104 ACTVS
1138 1057 1184 1103 V

245 1169 329 1207 V.i
413 1170 877 1208 STRATIPPOCLES
990 1171 1264 1207 Emmcvs
1377 1170 1631 1207 DAleTA

878 1236 1157 1272 TELESTIS

349 1318 410 1355 ST.
445 1318 554 1355 Male
583 1316 798 1366 morigerus
826 1315 923 1354 mihi
950 1323 1008 1354 est
1035 1316 1200 1364 danista,
1230 1315 1322 1366 quei
1345 1329 1368 1354 a
1392 1328 1455 1354 me
1480 1323 1685 1365 argentum

1486 1394 1567 1419 non
1587 1380 1686 1431 petit

351 1460 480 1497 neque
511 1447 617 1486 illam
648 1446 812 1485 adducit
846 1460 965 1497 quam
999 1445 1113 1499 (emi)
1140 1459 1187 1484 ex
1216 1447 1372 1496 praeda.
1446 1447 1516 1484 sed
1545 1458 1684 1483 eccum

1311 1510 1459 1549 incedit
1481 1510 1681 1562 Epidicus.

350 1578 446 1628 quid
466 1578 558 1617 illuc
578 1585 636 1617 est
657 1579 766 1628 quod
786 1578 841 1616 illi
862 1584 1036 1628 caperrat
1056 1578 1161 1626 firons
1182 1575 1478 1615 seueritudine?

351 1645 420 1681 ΕΡ.
453 1643 484 1681 si
505 1643 691 1682 undecim
712 1645 809 1682 deos
829 1642 981 1692 praeter
1001 1655 1086 1680 sese
1107 1655 1241 1680 secum
1261 1642 1434 1680 adducat
1456 1639 1643 1691 Iuppiter,
1700 1642 1769 1676 610

309 1718 326 1749 5
349 1708 402 1746 ita
420 1722 502 1746 non
522 1722 660 1747 omnes
681 1722 728 1747 ex
748 1708 921 1746 cruciatu
942 1714 1126 1758 poterunt
1146 1706 1314 1745 eximere
1336 1705 1558 1756 Epidicum.

350 1774 611 1825 Periphanem
633 1787 762 1813 emere
783 1776 865 1812 lora
886 1773 980 1821 uidi,
1003 1773 1058 1812 ibi
1078 1774 1212 1812 aderat
1232 1786 1312 1811 una
1331 1771 1556 1822 Apoecides
1573 1786 1584 1820 ;

349 1853 455 1877 nunc
475 1839 657 1878 homines
679 1853 742 1878 me
764 1839 981 1890 quaeritare
1002 1839 1132 1877 credo.
1191 1845 1408 1885 senserunt,
1431 1836 1560 1875 sciunt

349 1904 422 1942 sibi
443 1905 535 1943 data
555 1918 639 1943 esse
660 1905 791 1944 uerba.
834 1906 897 1943 ST.
921 1903 1018 1954 quid
1037 1903 1129 1954 agis,
1153 1916 1241 1941 mea
1262 1901 1537 1942 Commoditas
1554 1904 1570 1940 ?
1609 1903 1679 1940 ΕΡ.

1423 1968 1531 2017 quod
1552 1966 1679 2005 miser.

389 2086 453 2116 599
477 2077 613 2109 seruolo
636 2080 724 2119 (cum
745 2076 862 2116 nosse)
882 2076 1024 2115 Hasper,
1045 2072 1191 2113 rhythmi
1203 2081 1302 2102 causa
1429 2071 1490 2100 601
1516 2069 1685 2100 habetoP

348 2119 400 2160 (cf
414 2119 533 2152 Pseud.
551 2131 642 2160 1073,
659 2121 758 2152 Stich.
772 2122 852 2162 256)
933 2121 998 2157 603
1012 2128 1075 2148 exc
1090 2117 1156 2156 (vel
1164 2117 1242 2155 ego)
1257 2116 1324 2145 inu.
1341 2113 1374 2144 A
1459 2115 1524 2152 604
1538 2114 1681 2144 obserua

346 2164 379 2194 A
470 2165 556 2195 circa
572 2164 606 2194 P
618 2168 654 2194 ut
670 2164 735 2196 vid.
827 2164 920 2195 solus
937 2162 970 2192 A
1113 2161 1180 2190 606
1203 2158 1410 2188 exitiabilem
1428 2168 1492 2196 ego
1509 2157 1626 2187 faciam
1644 2162 1679 2187 ut

347 2208 400 2238 hic
417 2208 475 2238 fiat
493 2209 566 2239 dies
583 2208 616 2238 A
637 2209 661 2248 (ἓ
675 2213 737 2248 pro
754 2212 791 2238 ut
809 2207 875 2238 illic
895 2208 963 2242 hic)
1096 2205 1160 2242 607
1186 2202 1265 2242 quid
1283 2212 1336 2232 me
1353 2201 1387 2232 P
1401 2201 1471 2240 (qui
1489 2202 1531 2231 de
1548 2210 1601 2230 me
1617 2199 1678 2239 B3)

347 2252 432 2292 non]
461 2263 482 2282 n
508 2251 540 2282 A
696 2253 761 2282 608
785 2262 884 2291 quam
911 2250 977 2280 emi
997 2259 1039 2278 ex
1063 2247 1191 2288 praeda
1218 2245 1334 2276 Goetz:
1366 2255 1453 2284 quae
1477 2256 1495 2275 e
1521 2246 1681 2283 (sequente

345 2297 462 2335 spatio)
482 2295 609 2335 praeda
631 2298 668 2325 ut
683 2295 744 2326 vid.
764 2294 797 2325 P
812 2296 913 2335 (quae
930 2298 982 2324 est
997 2302 1048 2331 pr.
1075 2290 1136 2331 3³)
1156 2288 1203 2329 (A
1223 2299 1256 2319 n.
1283 2289 1320 2327 l.)
1461 2290 1527 2328 609
1550 2287 1600 2318 vel
1612 2287 1678 2318 illic

347 2342 410 2369 612
434 2340 552 2369 aderat
569 2338 658 2368 ibiP
786 2340 848 2377 614
872 2337 971 2377 agitis
987 2336 1020 2366 Α
