1814 2723
261 71 289 107 Ι.
311 70 340 106 ii
733 67 779 103 T.
813 65 994 103 MACCI
1026 64 1229 101 PLAVTI

311 181 390 220 CH.
412 178 508 231 perii
525 181 531 216 ἕ
554 187 594 217 tu
611 178 772 228 quidem
789 178 1043 215 thensaurum
1060 177 1138 214 huc
1155 174 1249 213 mihi
1266 173 1523 225 adportauisti
1536 173 1638 212 mali.

310 246 440 283 nullus
471 258 568 282 sum.
629 245 702 281 AC.
735 242 858 280 immo
886 242 1063 280 es-CH.
1095 240 1177 279 scio
1207 240 1296 286 iam,
1319 239 1503 278 miserum
1534 239 1642 278 dices

1086 313 1137 343 tu.
1197 307 1269 343 Ac.
1303 304 1382 342 dixi
1403 318 1474 354 ego
1495 312 1639 342 tacens.

252 391 291 422 55
315 377 392 415 CH.
425 375 522 425 quid
544 375 643 413 istuc
665 381 723 413 est
750 372 873 411 mali?
929 373 1001 410 Ac.
1034 385 1084 409 ne
1105 370 1257 421 rogites,
1282 383 1509 408 maxumum
1530 368 1644 407 infor·
1667 370 1728 413 165

520 489 525 492 .
1399 434 1552 472 tunium
1573 441 1642 472 est.

313 507 391 545 CH.
423 519 598 556 opsecro,
622 503 796 542 dissolue
817 502 894 540 iam
917 516 1005 548 me3
1034 501 1141 539 nimi'
1161 500 1229 540 diu
1250 499 1370 539 animi
1393 501 1558 550 pendeo.

313 573 384 609 Ac.
408 570 574 621 placide,
592 571 715 608 multa
730 568 931 618 exquirere
945 567 1062 605 etiam
1080 567 1176 617 priu’
1193 568 1286 604 uolo
1306 579 1425 615 quam
1447 567 1642 615 uapulem.

314 638 393 675 CH.
424 637 555 674 hercle
577 648 672 673 uero
693 633 899 684 uapulabis
920 632 994 671 nisi
1015 632 1091 670 iam
1114 634 1274 682 loquere
1294 638 1361 669 aut
1382 631 1474 669 hinc
1493 630 1589 669 abis.

314 704 386 740 Ac.
418 703 495 739 hoc
529 700 581 739 sis
614 700 719 747 uide,
755 706 798 737 ut
835 700 1024 749 palpatur.
1085 699 1243 745 nullust,
1280 698 1441 747 quando
1479 695 1646 747 occepit,

1450 761 1642 800 blandior.

251 839 294 870 60
315 833 392 872 CH.
426 845 591 882 opsecro
612 831 743 869 hercle
760 843 909 879 oroque
927 836 968 867 ut
984 828 1084 866 istuc
1101 827 1197 878 quid
1219 827 1266 866 sit
1287 834 1463 865 actutum
1480 826 1644 875 indices,
1668 836 1733 870 170

313 896 640 947 quandoquidem
662 895 757 933 mihi
779 894 1083 945 supplicandum
1105 894 1260 932 seruolo
1281 892 1399 932 uideo
1420 906 1521 931 meo.

314 964 386 1000 Ac.
410 963 570 1000 tandem
591 959 776 1011 indignus
794 959 963 997 uideor?
1011 959 1088 998 CH.
1112 957 1236 996 immo
1251 957 1402 1008 dignus.
1444 959 1516 996 Ac.
1540 957 1646 1007 equi-

1370 1023 1461 1061 dem
1483 1022 1642 1061 credidi.

315 1095 393 1132 CH.
426 1106 601 1143 opsecro,
621 1105 717 1130 num
738 1090 850 1130 nauis
867 1090 1008 1141 periit?
1065 1091 1136 1128 Ac.
1162 1090 1306 1127 saluast
1326 1087 1449 1135 nauis,
1467 1102 1517 1126 ne
1538 1087 1642 1126 time.

315 1160 392 1198 CH.
425 1157 522 1208 quid
551 1156 627 1195 alia
655 1156 931 1194 armamenta?
988 1156 1059 1193 AC.
1094 1155 1203 1193 salua
1227 1161 1266 1193 et
1289 1168 1385 1193 sana
1404 1161 1505 1192 sunt.
1565 1154 1642 1193 CH.

1306 1218 1401 1269 quin
1423 1226 1464 1257 tu
1485 1218 1645 1269 expedis

252 1296 294 1337 65
315 1289 411 1341 quid
432 1288 505 1328 siet
524 1289 634 1339 quod
654 1301 719 1326 me
738 1301 807 1338 per
826 1286 964 1325 urbem
986 1299 1144 1324 currens
1164 1285 1381 1335 quaerebas
1401 1285 1553 1322 modo?
1669 1290 1731 1327 175

315 1358 387 1394 Ac.
420 1353 628 1404 tuquidem
648 1366 696 1391 ex
715 1365 783 1390 ore
802 1350 1021 1390 orationem
1044 1350 1097 1389 mi
1118 1350 1245 1401 eripis.
1298 1351 1376 1390 CH.
1399 1356 1521 1388 taceo.
1571 1350 1643 1386 Ac.

1547 1421 1643 1452 tace.

315 1485 445 1531 credo,
468 1483 499 1522 si
519 1482 615 1522 boni
637 1481 733 1533 quid
752 1482 804 1521 ad
824 1488 863 1520 te
883 1480 1078 1526 nuntiem,
1097 1480 1218 1520 instes
1238 1480 1386 1527 acriter,
1607 1531 1609 1535 V

315 1549 384 1600 qui
404 1563 521 1597 nunc,
540 1561 662 1599 quom
684 1548 831 1585 malum
853 1546 1149 1595 audiendumst‚
1164 1545 1314 1597 flagitas
1335 1559 1398 1584 me
1414 1553 1457 1584 ut
1472 1547 1642 1596 eloquar.

317 1616 395 1655 CH.
427 1600 744 1664 opsecro-hercle
763 1620 802 1651 te
822 1611 923 1651 istuc
942 1611 1000 1650 uti
1020 1609 1063 1650 td
1082 1610 1179 1650 mihi
1200 1613 1348 1650 malum
1363 1610 1482 1649 facias
1500 1612 1642 1662 palam.

259 1692 300 1724 70
317 1682 390 1719 Ac.
422 1680 593 1729 eloquar,
634 1675 961 1728 quandoquidem
1006 1690 1070 1715 me
1116 1690 1213 1715 oras.
1283 1677 1363 1715 tuo'
1400 1676 1644 1730 pater—CH.
1670 1677 1735 1711 180

1271 1741 1367 1792 quid
1389 1742 1490 1780 meu'
1510 1742 1648 1791 pater?

318 1812 391 1850 AC.
423 1818 532 1849 tuam
551 1808 856 1848 amicam—CH.
881 1806 978 1857 quid
994 1809 1112 1846 earn?
1159 1810 1231 1846 Ac.
1254 1806 1364 1845 uidit.
1416 1807 1492 1846 CH.
1517 1805 1648 1844 uidit?

1137 1886 1212 1911 uae
1231 1872 1374 1910 misero
1394 1871 1490 1909 mihi
1507 1873 1513 1909 Ξ
1571 1871 1647 1908 hoc

294 1947 297 1950 '
319 1943 428 1994 quod
449 1949 488 1980 te
508 1941 705 1991 interrogo
725 1939 930 1988 responde.
991 1940 1063 1977 Ac.
1096 1937 1191 1988 quin
1213 1945 1254 1975 tu
1275 1937 1306 1975 si
1327 1936 1423 1986 quid
1444 1936 1502 1974 uis
1523 1949 1625 1985 roga.

320 2009 398 2049 CH.
431 2005 499 2057 qui
518 2004 648 2057 potuit
667 2003 832 2042 uidere?
879 2003 952 2039 AC.
976 2001 1111 2040 oculis.
1166 2002 1242 2040 CH.
1267 2014 1346 2050 quo
1366 2001 1483 2051 pacto
1498 2002 1515 2037 Ρ
1570 2001 1643 2038 AC.

1432 2064 1644 2104 hiantibus.

320 2139 399 2180 CH.
431 2136 482 2175 in’
503 2134 596 2174 hinc
616 2133 841 2173 dierectus?
870 2145 1016 2181 nugare
1037 2131 1077 2170 in
1098 2145 1138 2170 re
1158 2130 1313 2182 capitali
1335 2144 1432 2169 mea.

365 2245 426 2283 163
449 2243 538 2273 hunc
555 2240 632 2270 PCD
721 2239 770 2270 vel
784 2238 828 2268 mi
922 2239 981 2276 164
1006 2242 1122 2269 tacens
1141 2237 1275 2268 Becker:
1309 2241 1402 2267 taces
1427 2234 1492 2267 cod.
1587 2234 1648 2272 169

318 2288 475 2328 palpator
490 2284 564 2315 PCD
701 2293 760 2322 174
784 2281 1041 2313 ornamentaAE
1175 2282 1236 2320 176
1259 2280 1330 2311 sace
1349 2279 1451 2310 Bothe
1586 2278 1644 2308 181

318 2333 381 2362 hoe
399 2332 432 2361 in
450 2329 539 2360 initio
555 2339 583 2358 v.
603 2337 665 2366 seq.
685 2326 752 2357 cod.
847 2326 907 2355 182
926 2329 1003 2365 post
1018 2325 1078 2365 185
1086 2324 1199 2366 posuit
1213 2323 1387 2355 Acidalt'us
1454 2321 1644 2361 interrogo]

319 2385 400 2415 rogo
418 2373 557 2411 Bentley,
563 2371 646 2410 fort.
666 2373 740 2400 recte
756 2369 808 2410 (cf.
828 2370 899 2408 185‚
921 2369 1000 2410 214)
1093 2370 1154 2409 184
1177 2367 1227 2399 vel
1240 2370 1335 2399 mea?
1354 2366 1608 2408 (interrogative)
