1814 2723
158 49 272 87 111.i
677 49 724 86 T.
757 47 938 87 MACCI
969 47 1172 85 PLAVTI

257 176 381 214 egone
397 170 439 201 ut
455 164 552 201 haec
568 163 755 201 conclusa
768 168 917 211 gestem
932 161 1185 200 clanculum?
1214 166 1256 197 ut
1277 159 1402 197 celem
1421 164 1583 209 patrem,
1607 169 1671 207 375

255 228 477 275 Pistoclere,
501 235 568 266 tua
588 227 731 277 flagitia
750 234 817 264 aut
838 227 983 264 damna
1002 233 1069 264 aut
1090 224 1364 264 desidiabula?

197 308 235 330 10
257 291 408 346 [quibu’
428 301 578 344 patrem
600 300 637 330 et
658 306 721 330 me
742 299 859 341 teque
879 290 1107 340 amicosque
1128 289 1257 329 omnis
1277 289 1451 328 adfectas
1472 295 1560 326 tuos

254 360 305 398 ad
326 359 524 409 probrum,
548 359 752 405 damnum,
774 356 963 407 flagitium
984 357 1179 406 appellere
1200 368 1278 393 una
1299 361 1336 393 et
1357 350 1550 405 perdere]

254 437 384 473 neque
406 423 481 462 mei
502 437 631 473 neque
652 431 690 461 te
712 422 768 460 tui
789 422 893 459 intus
913 421 1134 471 puditumst
1154 419 1265 458 factis
1287 432 1387 469 quae
1407 417 1512 465 facis,

255 489 390 539 quibu’
411 497 520 527 tuom
542 496 691 538 patrem
714 501 857 537 meque
878 500 966 532 una,
989 485 1148 532 amicos,
1172 484 1313 523 adfinis
1335 492 1423 523 tuos
1608 484 1676 529 380

255 561 322 592 tua
341 553 500 592 infamia
521 553 645 591 fecisti
665 552 928 602 gerulifigulos
949 550 1077 601 flagiti.

198 634 235 665 15
256 632 362 657 nunc
380 618 475 668 priu'
489 632 607 669 quam
622 619 768 655 malum
783 617 882 655 istoc
898 615 1022 662 addis,
1039 622 1227 654 certumst
1242 613 1318 652 iam
1336 612 1465 651 dicam
1479 610 1588 663 patri,

256 685 307 723 de
328 697 390 721 me
412 685 512 721 hanc
534 685 690 732 culpam
712 681 934 721 demolibor
954 680 1031 718 iarn
1053 688 1091 718 et
1111 679 1195 718 seni
1215 677 1354 717 faciam
1376 678 1516 728 palam,

256 749 313 788 uti
333 762 423 787 eum
445 748 491 787 e'x
510 749 704 787 lutulento
725 760 849 786 caeno
869 759 1033 797 propere
1054 744 1146 784 hinc
1167 743 1295 783 eliciat
1315 744 1484 782 foras.—

209 858 239 894 ii
716 860 1128 896 MNESILOCHVS

259 943 346 981 MN.
381 941 630 981 Multimodis
658 941 869 980 meditatus
890 947 1046 990 egomet
1067 951 1224 978 mecum
1253 951 1352 985 sum,
1374 944 1412 976 et
1432 936 1485 975 ita
1505 949 1591 975 esse
1609 941 1674 986 385

1403 1002 1590 1040 arbitror:

254 1073 405 1112 homini
426 1072 566 1120 amico,
589 1072 656 1123 qui
677 1079 734 1111 est
754 1071 904 1110 amicus
924 1070 977 1109 ita
997 1069 1052 1108 uti
1074 1082 1220 1108 nomen
1242 1068 1426 1119 possidet,

254 1138 327 1177 nisi
349 1140 444 1177 deos
465 1138 500 1176 ei
521 1138 574 1176 nil
595 1145 789 1188 praestare
806 1153 815 1185 3
844 1137 884 1175 id
904 1149 1024 1187 opera
1043 1142 1224 1185 expertus
1245 1147 1331 1172 sum
1353 1146 1438 1171 esse
1458 1132 1520 1170 ita.

254 1205 346 1242 nam
376 1211 419 1242 ut
447 1203 487 1241 in
519 1204 722 1253 Ephesum
746 1201 838 1240 hinc
865 1200 944 1240 abii
966 1200 1060 1252 (hoc
1086 1201 1271 1239 factumst
1297 1200 1418 1237 ferme
1444 1197 1590 1236 abhinc

1367 1263 1590 1315 biennium)

214 1349 231 1380 5
255 1348 301 1373 ex
323 1336 483 1385 Epheso
504 1335 581 1373 huc
602 1335 652 1372 ad
674 1333 932 1372 Pistoclerum
953 1346 1085 1371 meum
1108 1333 1285 1371 sodalem
1305 1331 1451 1369 litteras

254 1400 352 1447 misi,
375 1400 543 1439 amicam
565 1407 605 1438 ut
627 1399 679 1437 mi
700 1398 893 1437 inueniret
915 1398 1166 1437 Bacchidem.
1227 1397 1336 1435 illum
1356 1396 1542 1445 intellego
1609 1405 1679 1441 390

254 1465 461 1512 inuenisse,
486 1473 527 1503 ut
549 1478 681 1503 seruos
704 1465 804 1502 meu’
826 1463 879 1502 mi
899 1463 1095 1502 nuntiauit
1117 1464 1340 1513 Chrysalus.

256 1530 452 1580 condigne
478 1531 509 1568 is
534 1543 652 1580 quam
683 1529 880 1568 techinam
908 1530 958 1568 de
984 1542 1079 1567 auro
1105 1530 1319 1567 aduorsum
1347 1540 1480 1566 meum
1500 1525 1592 1564 fecit

599 1601 606 1606 ”
1427 1600 1589 1643 patrem,

257 1670 300 1701 ut
321 1662 373 1701 mi
393 1662 539 1701 amanti
561 1663 674 1713 copia
695 1670 805 1702 esset.
868 1661 954 1715 [sed
975 1676 1113 1701 eccum
1135 1661 1253 1700 uideo
1274 1656 1487 1709 incedere]

202 1744 237 1766 10
256 1741 347 1766 nam
362 1730 427 1778 pol
441 1728 602 1778 quidem
621 1741 710 1766 meo
726 1728 859 1767 animo
876 1728 1027 1778 ingrato
1043 1727 1205 1766 homine
1221 1725 1318 1764 nihil
1332 1722 1564 1775 impensiust
1579 1736 1590 1770 ;

257 1795 545 1832 malefactorem
567 1794 693 1832 amitti
714 1794 834 1833 satius
856 1807 975 1844 quam
997 1792 1163 1843 relinqui
1184 1792 1407 1830 beneficum
1423 1805 1433 1837 ,·
1609 1795 1674 1832 395

256 1858 379 1897 nimio
399 1858 691 1909 impendiosum
713 1867 882 1910 praestat
903 1866 941 1898 te
963 1872 1082 1909 quam
1103 1857 1296 1907 ingratum
1318 1855 1461 1895 dicier:

299 1965 364 2003 376
387 1963 609 2003 dispoliabula
633 1964 721 1995 codd.
748 1963 853 1995 Nonii
875 1973 914 2003 75
1061 1962 1168 2001 377-8
1193 1960 1408 2000 dittograpln'a
1432 1968 1587 1990 versuum

256 2017 319 2046 379
343 2008 381 2038 81
401 2018 464 2038 esse
480 2007 631 2038 videntur
766 2018 828 2047 377
854 2007 931 2038 med
949 2016 1057 2045 aeque
1077 2006 1116 2041 (3)
1134 2005 1200 2035 Leo
1295 2004 1433 2034 affectas
1457 2006 1592 2032 testatur

255 2050 385 2081 Nonius
402 2063 409 2082 ε
435 2052 586 2082 adflictas
603 2051 667 2083 cod.
806 2052 869 2090 382
894 2050 1149 2090 di‘tographiam
1167 2058 1232 2079 esse
1253 2058 1282 2078 v.
1304 2049 1367 2086 383
1385 2046 1468 2076 dixaet
1481 2045 1589 2084 Bergk

255 2095 319 2133 384
344 2098 380 2124 ut
396 2094 461 2125 cod.
537 2096 630 2126 euml¹
650 2100 787 2132 gnatum
805 2094 931 2125 Ritschl
1026 2094 1090 2132 385
1115 2091 1228 2122 multis
1245 2091 1352 2121 modis
1369 2089 1433 2121 cod.
1522 2090 1586 2128 387

256 2138 302 2169 ita
318 2148 394 2168 esse
413 2138 444 2168 B
540 2140 604 2178 389
628 2139 775 2170 sodalem
799 2148 909 2169 meum
927 2136 992 2168 cod.
1010 2148 1017 2167 ε
1035 2136 1105 2167 trai.
1128 2134 1340 2166 Camerarius
1437 2143 1501 2172 393
1526 2133 1587 2163 sed

291 2204 300 2212 .
324 2205 332 2212 .
359 2182 517 2213 incedere
543 2183 608 2212 secl.
640 2181 715 2218 Leo,
742 2185 778 2212 ut
807 2183 961 2222 ‘signum
985 2180 1100 2211 cantici
1120 2179 1198 2209 olim
1222 2177 1263 2208 ab
1286 2178 1396 2216 aliquo
1412 2177 1445 2206 in
1462 2176 1588 2207 brevius

256 2224 428 2257 contracti.’
520 2225 620 2256 Credo
634 2237 681 2256 vv.
702 2236 776 2265 392,
797 2236 861 2264 393
879 2224 1056 2255 diorthotae
1071 2232 1134 2253 esse
1270 2231 1333 2261 394
1359 2231 1433 2251 meo
1450 2220 1587 2259 quidem

256 2268 359 2299 Bothe
447 2278 509 2308 395
535 2270 584 2300 vel
597 2270 719 2300 satiust
802 2268 1009 2309 beneficium
1022 2266 1087 2298 cod.
1177 2265 1242 2304 396
1266 2269 1394 2304 prestat
1410 2264 1586 2304 inpendio-

257 2322 331 2344 sum
347 2312 412 2344 cod.
431 2324 437 2344 :
461 2312 534 2344 trai.
553 2312 735 2343 Hermann
