1814 2723
194 41 341 79 111.iv
711 41 757 78 T.
791 39 971 78 MACCI
1003 38 1206 76 PLAVTI

292 167 509 204 numquam
531 154 673 204 edepol
694 152 786 190 uiua
807 165 871 190 me
890 149 1085 189 inridebit.
1144 163 1236 188 nam
1258 148 1354 187 mihi

291 221 531 258 decretumst
552 231 798 257 renumerare
818 217 896 255 iam
917 230 1035 255 omne
1054 230 1192 254 aurum
1213 215 1321 266 patri.

292 284 407 335 igitur
427 284 481 322 mi
501 284 609 322 inani
628 291 747 333 atque
767 282 876 332 inopi
897 281 1213 320 subblandibitur

234 366 273 388 20
293 358 377 389 turn
399 363 520 400 quom
542 348 638 387 mihi
659 348 783 387 nihilo
803 347 923 398 pluris
946 345 1147 399 [blandiri]
1168 348 1317 393 referet,

293 430 412 466 quarn
434 415 464 454 si
484 416 535 453 ad
556 416 779 464 sepulcrum
800 420 957 451 mortuo
977 420 1103 451 narret
1128 413 1248 462 logos

291 483 362 521 sed
382 488 513 519 autem
535 494 653 530 quam
674 479 740 517 illa
759 492 949 529 umquam
970 477 1066 516 meis
1087 477 1296 528 opulentiis

292 553 468 585 ramenta
488 546 553 582 fiat
573 543 727 594 grauior
747 551 813 581 aut
840 542 1078 593 propensior,

294 609 393 648 mori
415 623 477 647 me
499 608 632 646 malim
660 608 663 657 Ι
689 607 955 646 excruciatum
981 606 986 657 l
1012 606 1154 656 inopia.

236 692 273 724 25
295 676 471 725 profecto
492 673 668 711 stabilest
689 686 752 711 me
773 672 871 722 patri
892 685 1029 710 aurum
1050 672 1224 710 reddere.

295 741 434 778 eadem
446 739 623 777 exorabo
645 739 836 787 Chrysalo
857 751 994 776 caussa
1015 750 1103 775 mea

295 815 405 858 pater
425 821 474 845 ne
495 814 636 845 noceat
656 820 733 844 neu
756 805 852 855 quid
873 804 907 843 ei
930 811 1155 842 suscenseat

297 886 385 911 mea
406 886 543 910 caussa
563 873 613 910 de
633 885 728 909 auro
749 872 858 920 quod
880 883 970 908 eum
991 868 1215 907 ludificatus
1236 875 1294 907 est
1310 883 1319 916 ;

297 951 388 975 nam
409 937 463 975 illi
482 943 689 986 aequomst
711 950 775 974 me
795 935 1010 979 consulere,
1034 933 1101 983 qui
1122 946 1260 971 caussa
1280 946 1368 972 mea

237 1019 278 1049 30
297 1001 550 1041 mendacium
571 1000 607 1039 ei
627 1000 733 1039 dixit.
792 1013 865 1038 uos
887 1013 949 1037 me
974 997 1252 1048 sequimini.—

249 1123 279 1148 V
771 1111 1162 1147 PISTOCLERVS

299 1196 357 1232 Pl.
391 1193 528 1231 Rebus
547 1192 632 1230 aliis
651 1198 886 1237 anteuortar,
911 1188 1088 1235 Bacchis,
1111 1201 1213 1238 quae
1233 1189 1398 1227 mandas
1419 1186 1538 1226 mihi:

299 1257 594 1296 Mnesilochum
615 1263 658 1294 ut
684 1255 878 1306 requiram
905 1262 1024 1304 atque
1050 1260 1093 1291 ut
1119 1267 1211 1292 eum
1239 1266 1396 1292 mecum
1422 1253 1473 1290 ad
1500 1259 1538 1290 te
1564 1252 1629 1290 ad-

1335 1318 1480 1355 ducam
1500 1315 1625 1354 simul.

297 1402 388 1427 nam
410 1388 506 1427 illud
526 1386 681 1426 animus
703 1387 804 1425 meu'
825 1384 995 1430 miratur,
1019 1383 1049 1421 si
1070 1397 1093 1422 a
1113 1397 1177 1421 me
1197 1381 1322 1432 tetigit
1342 1381 1513 1428 nuntius,

298 1453 393 1504 quid
414 1460 638 1492 remoretur.
681 1451 747 1490 ibo
768 1458 809 1488 ut
825 1449 949 1488 uisam
971 1450 1049 1487 huc
1069 1450 1120 1486 ad
1141 1461 1243 1494 eum,
1262 1446 1292 1485 si
1313 1448 1412 1485 forte
1432 1453 1490 1484 est
1505 1445 1625 1484 domi.

232 1569 277 1604 vi
508 1550 951 1607 MrLEsmocuvs⁴
1033 1560 1422 1619 P¹ISTOCLERVS

301 1654 388 1690 MN.
423 1649 598 1689 Reddidi
614 1648 711 1699 patri
738 1647 743 1699 1
769 1661 887 1686 omne
907 1661 1056 1686 aurum.
1102 1660 1207 1685 nunc
1223 1659 1296 1697 ego
1309 1645 1415 1684 illam
1432 1658 1495 1683 me
1508 1643 1627 1682 uelim

300 1715 524 1762 conuenire,
547 1722 758 1765 postquam
779 1712 906 1751 inanis
927 1726 1025 1759 sum,
1050 1710 1375 1761 contemptricem
1396 1723 1536 1747 meam.

300 1782 370 1820 sed
391 1780 548 1819 ueniam
570 1778 623 1816 mi
644 1792 763 1828 quam
784 1784 943 1828 grauate
964 1784 1073 1828 pater
1094 1776 1204 1815 dedit
1225 1777 1275 1814 de
1298 1776 1488 1824 Chrysalo
1505 1776 1511 1811 ἕ

299 1859 436 1885 uerum
457 1852 658 1894 postremo
677 1841 885 1893 impetraui
906 1849 949 1880 ut
969 1856 1019 1880 ne
1040 1841 1136 1891 quid
1157 1840 1192 1879 ei
1217 1847 1451 1879 suscenseat.

261 1926 278 1957 5
301 1913 359 1949 ΡΙ.
391 1917 501 1949 estne
535 1909 600 1947 hic
633 1909 735 1947 meu'
766 1907 910 1946 sodalis
923 1909 940 1944 ?
998 1908 1085 1944 MN.
1119 1913 1228 1944 estne
1262 1905 1326 1943 hic
1356 1904 1479 1943 hostis
1511 1917 1629 1954 quem

1319 1968 1468 2019 aspicio
1489 1982 1599 2007 meus
1615 1970 1632 2006 Ρ

345 2079 409 2117 518
433 2082 503 2109 tum
528 2088 629 2117 quom
661 2076 766 2107 nihilo
795 2076 902 2116 pluris
933 2075 1013 2106 mihi
1044 2074 1187 2105 blandiri
1215 2073 1318 2104 refert
1345 2072 1403 2103 A:
1437 2077 1508 2103 tum
1530 2082 1631 2112 quom

301 2122 445 2153 blandiri
476 2121 579 2152 nihilo
597 2121 702 2160 pluris
720 2120 845 2150 referet
872 2119 1048 2158 Nz'emeyer,
1076 2118 1292 2148 Brachmann
1445 2126 1508 2155 519
1542 2116 1633 2146 dicat

302 2166 410 2196 iocum
429 2165 462 2195 P
591 2174 653 2204 519
674 2174 734 2194 a-c
751 2174 817 2194 om.
840 2163 872 2192 A
892 2162 1102 2204 (dittograph.
1115 2160 1140 2201 2)
1269 2169 1333 2199 519
1346 2171 1363 2191 c
1387 2159 1501 2190 moriri
1519 2159 1632 2190 malim

258 2244 267 2254 x
284 2232 287 2235 -
302 2210 379 2240 med
395 2209 498 2239 Bothe
621 2218 684 2246 522
709 2217 750 2237 eo
766 2207 798 2236 A
928 2216 992 2247 524
1016 2206 1046 2237 ei
1062 2205 1095 2234 A
1230 2213 1293 2243 525
1318 2204 1347 2234 ei
1364 2214 1432 2234 om.
1449 2202 1483 2233 P
1567 2203 1632 2241 528

304 2253 397 2294 narn]
415 2262 503 2282 nunc
516 2251 549 2280 A
641 2262 660 2281 a
677 2249 746 2290 me]
764 2251 831 2280 iam
848 2249 880 2280 A
902 2250 1017 2290 (praec.
1036 2249 1060 2289 i)
1173 2257 1237 2287 529
1262 2247 1493 2278 remoraturP
1578 2246 1629 2284 ut]

305 2301 339 2327 et
355 2296 387 2327 P
472 2304 537 2333 530
560 2292 679 2337 (meo)
695 2304 796 2325 omne
813 2293 940 2324 Ritsclzl
988 2298 1083 2331 ‘ergo
1099 2302 1136 2322 n.
1153 2302 1216 2330 ego
1227 2290 1356 2322 Schoell
1427 2301 1492 2329 ego
1509 2300 1574 2321 om.
1594 2288 1627 2318 A

1641 161 1706 199 515

1642 482 1729 524 519²

1642 539 1729 588 519b

1645 610 1729 652 519⁰

1647 678 1715 716 520

1649 1652 1718 1689 530
