1742 2718
716 45 976 85 EPIDICVS
1445 45 1513 83 IV,
1534 44 1549 81 1

105 164 167 200 545
296 155 355 193 sin
375 162 457 193 east
477 168 596 205 quam
617 155 764 194 incerte
782 163 957 202 autumo,
980 156 1082 193 hanc
1102 154 1331 204 congrediar
1350 162 1447 194 astu.

297 221 370 257 PH.
403 219 602 258 muliebris
622 220 850 259 adhibenda
870 219 966 258 mihi
987 219 1133 257 malitia
1153 233 1259 258 nunc
1283 227 1352 258 est.

190 284 258 321 PE.
289 285 548 334 compellabo.
608 287 681 323 PH.
714 285 900 324 orationis
920 285 1044 324 aciem
1067 292 1202 323 contra
1222 286 1431 323 conseram.
1537 301 1574 331 ²5

190 349 257 385 PE.
280 350 387 387 salua
408 349 492 388 sies.
541 351 615 387 PH.
638 351 802 388 salutem
823 349 975 399 accipio
997 349 1092 387 mihi
1113 357 1150 388 et
1171 349 1278 388 meis.
1328 352 1397 387 PE.
1420 349 1515 399 quid

1314 422 1486 453 ceterum
1501 416 1517 452 Ρ

188 478 262 515 ΡΗ.
299 480 428 516 saluos
459 478 533 517 sis:
575 480 683 529 quod
713 479 913 518 credidisti
941 481 1074 519 reddo.
1135 481 1204 517 PE.
1239 480 1345 517 haud
1372 492 1516 517 accuso

1383 545 1514 582 fidem.

103 619 170 656 550
187 607 310 645 nouin
331 621 403 658 ego
425 610 494 647 te?
550 610 624 647 PH.
656 609 688 648 si
715 623 787 659 ego
815 617 852 649 te
879 610 983 656 noui,
1006 610 1183 648 animum
1205 609 1391 648 inducam
1412 617 1454 647 ut
1474 616 1516 647 tu

1347 673 1513 712 noueris.

188 737 256 774 PE.
288 737 355 775 ubi
386 745 424 776 te
452 738 639 778 uisitaui?
696 741 771 778 PH.
794 739 928 790 inique
950 740 1132 779 iniuriu's.
1193 741 1262 777 PE.
1294 738 1390 788 quid
1410 738 1518 776 iam?

577 815 580 817 ·
1318 806 1393 841 PH.
1426 803 1518 853 quia

186 874 276 906 tuae
289 868 501 907 memoriae
514 869 756 920 interpretari
769 884 833 909 me
845 884 1016 921 aequom
1029 884 1176 909 censes,
1215 872 1288 908 PH.
1305 870 1517 907 commode
1537 878 1578 909 30

186 933 399 972 fabulata's.
459 936 533 972 PH.
557 934 654 973 mira
674 949 880 984 memoras,
900 934 1170 988 <Periphane.)
1235 936 1304 972 PE.
1331 947 1395 973 em
1416 933 1516 972 istuc

1360 1006 1513 1037 rectius.

189 1063 462 1102 meministin?
529 1066 604 1103 PH.
647 1065 810 1104 memini
840 1065 881 1105 id
915 1067 1024 1116 quod
1058 1064 1231 1104 memini.
1303 1066 1372 1102 PE.
1403 1071 1442 1102 at
1475 1063 1515 1102 in

868 1131 1125 1181 Epidauro-
1155 1132 1229 1168 PH.
1260 1130 1335 1168 ah!
1364 1130 1515 1179 guttula

103 1205 165 1242 555
186 1202 324 1244 pectus
343 1195 485 1233 ardens
505 1194 560 1233 mi
578 1195 785 1246 aspersisti.
845 1197 913 1234 PE.
945 1195 1085 1246 uirgini
1104 1196 1366 1245 pauperculae

186 1266 355 1309 tuaeque
375 1259 488 1297 matri
508 1273 572 1298 me
591 1261 721 1299 leuare
741 1263 1042 1311 paupertatem?
1099 1261 1174 1298 PH.
1206 1267 1276 1298 tun
1297 1259 1328 1297 is
1349 1273 1390 1298 es

185 1323 252 1374 qui
272 1338 341 1374 per
356 1326 600 1375 uoluptatem
616 1333 724 1364 tuam
741 1325 781 1363 in
796 1339 858 1364 me
877 1339 1107 1364 aerumnam
1120 1324 1309 1376 opseuisti
1322 1325 1512 1374 grauem?
1530 1332 1571 1365 35

185 1390 254 1426 PE.
286 1402 359 1438 ego
390 1402 489 1427 sum.
522 1391 639 1428 salue.
700 1391 773 1428 PH.
807 1391 914 1428 salua
943 1403 1031 1428 sum
1060 1388 1153 1440 quia
1181 1391 1219 1428 te
1248 1403 1332 1428 esse
1359 1390 1512 1428 saluom

1373 1453 1511 1492 sentio.

185 1520 254 1556 PE.
287 1520 387 1558 cedo
422 1532 594 1558 manum.
654 1521 728 1558 ΡΗ.
759 1519 906 1571 accipe.
964 1533 1241 1559 aerumnosam
1275 1525 1317 1558 et*
1347 1519 1516 1558 miseria-

1180 1598 1266 1622 rum
1287 1592 1515 1634 compotem

101 1656 169 1700 560
187 1648 388 1688 mulierem
403 1648 555 1688 retines.
607 1651 674 1688 PE.
698 1649 794 1700 quid
808 1657 866 1688 est
882 1651 991 1700 quod
1005 1651 1137 1688 uoltus
1153 1653 1216 1689 ’tte
1228 1649 1382 1689 turbat†
1398 1651 1517 1688 tuos?

187 1716 261 1752 PH.
303 1714 423 1753 filiam
461 1728 581 1764 quam
619 1729 667 1754 ex
703 1723 742 1753 te
780 1714 990 1765 suscepi—
1019 1717 1086 1753 PE.
1130 1714 1227 1765 quid
1264 1717 1381 1753 eam?
1437 1716 1512 1752 PH.

1142 1781 1326 1819 eductam
1346 1779 1512 1830 perdidi.

183 1843 356 1883 hostium
370 1852 428 1883 est
443 1844 577 1895 potita.
625 1847 694 1884 PE.
716 1846 820 1884 habe
839 1845 1016 1884 animum
1036 1846 1166 1884 lenem
1187 1852 1226 1883 et
1245 1844 1509 1895 tranquillum.
1531 1859 1575 1890 40

1412 1917 1508 1948 tace.

228 2023 291 2053 545
314 2014 387 2045 sein
403 2014 436 2044 A
455 2026 462 2046 :
485 2013 514 2045 si
528 2013 661 2055 Geppert
741 2015 871 2046 incerto
883 2015 916 2046 P
990 2020 1128 2047 autumo
1148 2015 1380 2047 Camerarius:
1399 2014 1512 2045 animo

184 2056 237 2088 P:
261 2058 393 2098 au(di)9
410 2058 444 2088 A
572 2067 637 2097 550
652 2062 688 2089 ut
704 2059 755 2098 tu]
775 2059 824 2089 uti
836 2059 871 2089 P
888 2059 983 2099 (lpro
999 2059 1046 2090 uti
1064 2058 1114 2098 tu)
1237 2069 1302 2099 553
1320 2058 1513 2098 Periphane

185 2101 222 2131 in
238 2100 271 2130 A
286 2101 393 2140 fuisse
407 2101 596 2142 suspicatur
614 2101 846 2134 studemund:
875 2113 940 2134 om.
956 2103 990 2133 P
1010 2103 1060 2143 (cſs
1081 2102 1129 2133 ad
1144 2113 1172 2134 v.
1195 2102 1274 2144 554)
1291 2113 1298 2132 z
1323 2112 1387 2142 age
1412 2101 1512 2141 plane

188 2143 229 2184 (ἲ)
252 2142 388 2184 Seyffert
525 2154 589 2184 554
613 2145 702 2184 quod
719 2169 726 2177 .
748 2170 755 2177 .
775 2169 782 2176 .
800 2151 834 2177 at
857 2157 922 2177 om.
942 2145 976 2176 P
998 2146 1142 2186 (propter
1151 2146 1333 2185 fenestram
1357 2149 1416 2176 aut
1439 2156 1509 2175 ma-

185 2187 295 2217 culam
317 2188 350 2218 in
366 2188 509 2229 pagina)
629 2190 756 2227 556-61
783 2193 915 2220 tantum
925 2191 1050 2230 priores
1064 2200 1220 2220 versuum
1235 2193 1346 2229 partes
1368 2192 1513 2219 servatae

185 2230 263 2261 inA
354 2241 415 2271 557
434 2243 488 2262 me
499 2242 693 2263 aerumnam
707 2231 918 2263 Camerarius
931 2245 937 2264 :
962 2243 1036 2263 mea
1049 2243 1210 2263 aerumna
1224 2231 1302 2274 (er-)
1315 2232 1348 2263 P
1361 2231 1406 2265 (A
1424 2243 1455 2262 n.
1471 2232 1510 2270 l.)

187 2283 250 2314 559
273 2274 358 2315 aen]
371 2285 609 2306 aerumnarum
620 2275 709 2307 codd.
720 2274 895 2316 Nonii456
983 2277 1047 2315 560
1063 2277 1174 2307 uoltus
1189 2276 1398 2307 Camerarius
1412 2286 1418 2305 :
1445 2276 1510 2305 duo

188 2318 253 2348 itus
267 2317 356 2353 P(A
371 2329 403 2350 n.
420 2318 457 2358 l.)
476 2320 506 2358 (1
517 2324 581 2359 pro
599 2319 639 2360 L)
731 2320 886 2350 deturbat
896 2319 969 2350 Ital.
989 2331 996 2350 ε
1019 2330 1056 2350 se
1073 2319 1184 2350 turbat
1196 2319 1320 2358 Jacob:
1342 2319 1510 2350 turbatust

189 2360 285 2391 Goetz
302 2362 423 2403 (immo
438 2363 579 2403 uoltust)
685 2364 749 2400 562
767 2368 840 2395 tace
859 2364 992 2404 Geppert
1008 2375 1015 2394 :
1039 2363 1112 2394 face
1127 2364 1160 2394 P
1175 2363 1222 2405 (A
1239 2374 1271 2394 n.
1285 2362 1321 2402 I.)
1339 2362 1381 2399 (F
1391 2366 1454 2402 pro
1465 2362 1508 2404 T)
