1814 2723
204 58 257 94 II.
280 57 324 93 iii
695 56 739 93 T.
775 54 955 93 MACCI
987 51 1190 88 PLAVTI

222 178 262 213 70
280 173 491 217 postquam
512 167 588 204 hoc
610 165 705 203 mihi
727 164 909 212 narrauit,
929 163 1030 201 abeo
1050 162 1100 199 ab
1120 160 1198 198 illo.
1248 165 1406 197 reuocat
1422 171 1485 196 me
1506 157 1609 205 ilico,

281 240 397 271 uocat
418 246 481 271 me
501 233 552 270 ad
573 245 711 270 cenam
728 246 737 279 3
766 229 900 279 religio
921 228 1003 275 fuit,
1027 227 1220 277 denegare
1241 225 1360 263 nolui.
1629 234 1698 270 350

283 297 400 347 ‘quid
431 297 461 335 si
490 297 693 343 abeamus,
721 293 799 347 [ac]
829 292 1165 333 decumbamus?
1206 289 1341 340 inquit.
1402 288 1609 327 consilium

1461 355 1588 404 placet
1605 368 1611 390 :

285 433 436 478 ‘neque
457 427 562 466 diem
584 428 698 464 decet
719 424 924 470 demorari,
948 436 1077 472 neque
1098 420 1205 460 nocti
1225 419 1423 458 nocerier.·'

287 492 436 531 ‘omnis
457 506 516 530 res
537 492 730 542 paratast.'
790 493 798 509 ‘
812 496 850 527 et
863 502 947 535 nos,
967 487 1100 537 quibu’
1117 492 1295 536 paratum
1312 491 1380 530 est,
1399 484 1610 521 adsumus.'

224 569 262 603 75
284 565 494 607 postquam
516 555 643 594 cenati
663 563 782 604 atque
801 552 950 603 adpoti‚
972 553 1071 590 talos
1091 549 1218 600 poscit
1238 548 1311 587 sibi
1332 548 1371 585 in
1393 561 1565 593 manum,

284 629 473 672 prouocat
494 634 557 658 me
578 620 618 657 in
638 621 776 666 aleam,
799 626 841 656 ut
861 631 934 667 ego
954 617 1088 655 ludam
1106 631 1114 654 :
1143 628 1250 664 pono
1271 613 1457 663 pallium3
1634 616 1696 652 355

283 687 348 724 ille
369 700 481 724 suom
503 687 665 723 anulum
687 683 898 734 opposiuit,
921 682 1080 719 inuocat
1103 679 1338 717 Planesium.

284 754 357 789 PH.
391 764 553 789 meosne
574 751 757 788 amores?
815 749 886 787 CV.
919 755 1005 785 tace
1033 758 1250 795 parumper.
1312 743 1400 781 iacit
1424 741 1614 780 uolturios

1418 814 1612 857 quattuor.

284 884 383 920 talos
403 882 556 932 arripio,
581 881 725 918 inuoco
745 880 890 917 almam
912 891 1041 915 meam
1062 875 1254 914 nutricem
1281 873 1286 926 Ι
1313 874 1540 919 Herculem,

224 957 267 988 80
285 947 387 986 iacto
408 947 613 985 basilicum
629 961 639 993 ,-
668 944 836 995 propino
856 956 1043 992 magnum
1064 942 1223 991 poclum
1241 954 1248 977 ε
1277 939 1340 977 ille
1361 937 1494 984 ebibit,

285 1020 402 1062 caput
423 1011 597 1062 deponit,
621 1009 913 1049 condormiscit.
973 1021 1046 1057 ego
1066 1006 1102 1045 ei
1122 1006 1303 1044 subduco
1322 1005 1495 1050 anulum,
1637 1005 1706 1048 360

286 1078 444 1115 deduco
464 1077 586 1126 pedes
607 1077 657 1114 de
677 1077 780 1113 lecto
801 1075 914 1121 clam,
938 1087 987 1111 ne
1008 1072 1120 1110 miles
1141 1069 1293 1109 sentiat.

286 1150 424 1192 rogant
445 1155 508 1179 me
529 1140 631 1179 serui
652 1141 732 1190 quo
754 1153 841 1179 eam
859 1155 865 1177 :
896 1138 987 1177 dico
1008 1151 1071 1175 me
1093 1136 1146 1174 ire
1167 1148 1247 1185 quo
1268 1134 1386 1172 saturi
1407 1135 1544 1172 solent.

288 1209 432 1247 ostium
454 1207 521 1246 ubi
542 1207 740 1257 conspexi,
764 1206 905 1245 exinde
926 1217 989 1242 me
1010 1203 1101 1241 ilico
1121 1201 1317 1252 protinam
1338 1200 1441 1239 dedi.

228 1285 268 1324 85
290 1275 363 1311 PH.
397 1274 526 1311 laudo.
588 1273 659 1311 CV.
692 1272 852 1309 laudato
873 1270 1035 1320 quando
1055 1267 1153 1305 illud
1169 1267 1277 1316 quod
1298 1265 1408 1315 cupis
1429 1265 1616 1303 ecfecero.

289 1352 424 1377 eamus
438 1351 543 1376 nunc
560 1337 662 1375 intro
676 1344 718 1375 ut
738 1337 902 1374 tabellas
922 1332 1212 1383 consignemus.
1259 1333 1332 1368 PH.
1355 1343 1451 1367 num
1468 1330 1620 1367 moror?
1641 1330 1704 1373 365

291 1406 361 1443 Cv.
412 1411 530 1453 atque
568 1402 718 1452 aliquid
763 1400 868 1451 prius
914 1399 1202 1449 opstrudamus,
1250 1409 1425 1446 pernam,
1468 1406 1618 1439 sumen,

1404 1458 1617 1509 glandium.

291 1537 388 1573 haec
409 1542 499 1573 sunt
520 1534 667 1572 uentris
688 1532 963 1578 stabilimenta,
986 1543 1088 1580 pane
1109 1536 1146 1567 et
1166 1540 1253 1566 assa
1273 1527 1436 1573 bubula,
1616 1527 1617 1530 ’

293 1602 480 1651 poculum
500 1600 657 1650 grande,
680 1600 769 1636 aula
789 1610 943 1646 magna,
965 1602 1007 1633 ut
1028 1594 1111 1633 sati'
1131 1591 1295 1631 consilia
1315 1597 1535 1641 suppetant.

232 1685 276 1718 90
293 1674 335 1704 tu
355 1666 517 1703 tabellas
539 1664 781 1714 consignato,
805 1663 868 1700 hic
888 1659 1135 1706 ministrabit,
1158 1658 1230 1708 e'go
1251 1658 1377 1695 edam.

293 1732 423 1770 dicam
445 1744 564 1781 quem
584 1731 635 1768 ad
662 1729 826 1767 modum
848 1725 1083 1765 conscribas,
1143 1736 1306 1774 sequere
1326 1735 1389 1760 me
1412 1723 1487 1759 hac
1507 1720 1620 1757 intro.
1643 1731 1712 1768 370

1309 1788 1383 1825 PH.
1415 1798 1623 1835 sequor.—

338 1911 399 1942 351
425 1902 585 1932 abeamus
602 1901 712 1932 Brant
725 1912 732 1931 :
755 1900 918 1930 adeamus
935 1896 1001 1928 cod.
1092 1905 1131 1926 ac
1148 1894 1205 1925 del.
1223 1893 1303 1923 Reiz
1321 1892 1373 1933 (cf.
1394 1890 1441 1922 ad
1447 1890 1527 1921 Aul.
1543 1889 1620 1930 784)

296 1956 359 1985 352
384 1946 552 1977 demorari
577 1945 692 1985 scripSt‘
707 1944 841 1983 favente
867 1940 1072 1972 assonatione
1088 1951 1095 1969 ε
1131 1948 1184 1968 me
1216 1936 1340 1967 morari
1373 1934 1439 1966 cod.
1458 1946 1466 1965 ε
1500 1934 1623 1964 morari

295 1990 444 2029 Scaliger
537 1998 600 2028 353
618 1993 754 2028 paratas
767 1986 831 2017 cod.
896 1989 930 2015 et
942 2008 949 2016 .
967 2008 973 2014 .
986 2008 992 2014 .
1007 1984 1077 2014 ads.
1093 1981 1193 2012 militi
1200 1980 1395 2011 continuant
1406 1978 1465 2009 alii
1560 1978 1625 2016 356

296 2033 474 2064 amiculum
486 2031 551 2062 Leo
648 2032 712 2070 358
736 2031 903 2060 nutricem
916 2038 1023 2058 meam
1035 2025 1174 2064 Pylades
1270 2024 1334 2062 363
1359 2021 1519 2062 prospexi
1532 2020 1620 2051 codd.

296 2076 401 2107 Nonii
413 2078 477 2115 376
537 2075 586 2105 vel
600 2076 680 2105 exin
737 2075 769 2105 il.
785 2073 817 2103 in
835 2077 1012 2113 protenam
1024 2070 1155 2100 Nonius
1164 2071 1202 2098 ut
1210 2067 1274 2099 vid.
1381 2067 1445 2105 364
1468 2066 1624 2095 lacunam

298 2124 373 2151 ante
389 2120 504 2161 (Goetz
513 2122 602 2160 post)
621 2119 709 2149 lmnc
724 2127 853 2148 versum
878 2115 1029 2146 indicavit
1051 2113 1137 2143 Brix
1299 2111 1361 2149 367
1387 2109 1519 2140 uentris
1534 2106 1622 2138 codd.

297 2163 472 2194 Nonii21ss
486 2174 494 2194 t
519 2163 630 2193 uentri
642 2161 708 2192 cod.
798 2170 885 2200 pane
901 2157 990 2189 codd.
1003 2157 1114 2195 Nonii,
1132 2155 1274 2186 Charisii
1287 2164 1340 2193 90,
1355 2155 1507 2183 neutrum
1520 2161 1627 2193 genus

272 2250 281 2259 N
298 2207 486 2239 testantium
505 2219 512 2238 τ
537 2215 657 2245 panem
674 2203 741 2236 cod.
873 2203 939 2241 368
963 2201 1095 2241 poclum
1113 2199 1242 2238 grande
1258 2196 1336 2240 (et)
1353 2196 1526 2227 Fleckeisen

1004 2297 1026 2307 κ
