1794 2728
172 71 263 109 II.i
666 71 712 108 T.
746 69 926 108 MACCI
957 68 1161 106 PLAVTI

194 262 232 294 25

195 589 236 620 30

198 913 237 945 35

200 1241 243 1274 40

205 1566 245 1596 45

469 186 551 222 AM.
584 184 706 222 homo
728 181 792 220 hic
812 181 942 220 ebrius
964 187 1033 227 est,
1056 187 1098 217 ut
1119 178 1269 229 opinor.

361 250 425 288 So.
457 248 607 287 utinam
628 249 681 286 ita
701 261 838 286 essem.
897 248 979 284 AM.
1012 252 1124 294 optas
1145 257 1245 293 quae
1265 244 1377 281 facta„
1597 248 1661 286 575

362 317 426 353 So.
459 315 613 364 egone?
669 314 751 350 AM.
784 313 825 349 tu
848 310 944 348 istic.
1004 309 1071 346 ubi
1092 307 1255 346 bibisti?

360 382 423 417 So.
457 391 650 428 nusquam
672 376 856 426 equidem
877 374 970 413 bibi.
1029 375 1111 411 AM.
1143 372 1239 421 quid
1260 373 1336 409 hoc
1357 370 1404 408 sit
1598 365 1664 410 576

360 443 560 482 hominis?
616 444 680 481 ΞΟ.
713 441 897 491 equidem
919 439 1078 478 deciens
1098 437 1176 476 dixi
1195 453 1201 475 :

361 509 469 547 domi
491 522 564 557 ego
584 521 681 553 sum,
706 507 878 556 inquam,
903 504 1046 554 ecquid
1066 502 1208 541 audis?
1599 504 1664 542 577

362 582 399 612 et
419 575 525 624 apud
546 581 584 611 te
604 574 744 611 adsum
766 571 877 610 Sosia
896 571 1013 608 idem.

363 639 462 677 satin
484 640 559 676 hoc
580 640 706 687 plane,
731 636 831 674 satin
852 635 1005 681 diserte,
1601 629 1666 674 578

468 717 543 750 ere,
566 717 670 741 nunc
691 702 830 740 uideor

416 768 486 807 tibi
507 770 660 806 locutus
682 768 796 805 esse?
852 768 934 804 AM.
966 766 1054 811 uah,
1603 767 1669 803 579

361 848 485 885 apage
505 841 542 872 te
563 847 585 871 a
605 846 678 871 me.
739 833 803 870 So.
836 831 931 880 quid
953 839 1010 868 est
1030 830 1191 879 negoti?
1602 823 1671 867 580

363 902 445 938 AM.
477 898 597 949 pestis
618 906 656 936 te
677 904 794 935 tenet.
855 897 918 934 So.
951 909 1042 933 nam
1064 909 1136 944 qur
1155 894 1255 932 istuc

364 964 490 1003 dicis?
520 962 704 1013 equidem
726 963 841 999 ualeo
862 968 898 998 et
920 961 1048 997 saluos

366 1042 452 1067 sum
473 1035 588 1074 recte,
611 1026 859 1076 Amphitruo.
919 1027 1000 1062 AM.
1033 1031 1071 1061 at
1092 1031 1130 1061 te
1150 1036 1223 1072 ego
1243 1022 1383 1061 faciam
1607 1026 1672 1071 583

420 1092 539 1130 hodie
560 1091 725 1141 proinde
744 1103 790 1127 ac
811 1089 971 1127 meritus
993 1102 1047 1135 es,

371 1165 413 1196 ut
434 1157 554 1194 minu'
575 1157 705 1193 ualeas
726 1162 764 1193 et
785 1154 901 1191 miser
921 1153 983 1199 sis,
1609 1157 1696 1201 584a

369 1224 489 1260 saluo'
509 1223 673 1260 domum
695 1220 725 1257 si
746 1219 920 1258 rediero:
950 1217 1025 1255 iam
1611 1217 1702 1264 584¹)

369 1300 532 1336 sequere
553 1286 617 1333 sis,
638 1298 746 1323 erum
768 1283 834 1333 qui
856 1283 1033 1321 ludificas
1611 1283 1696 1328 585a

422 1351 536 1390 dictis
557 1349 823 1395 delirantibus,
1611 1348 1652 1392 58
1658 1345 1697 1392 5b

263 1417 330 1468 qui
351 1416 537 1467 quoniam
559 1417 637 1453 eru⁷
659 1416 766 1464 quod
788 1412 994 1463 imperauit
1014 1411 1217 1462 neglexisti
1237 1411 1430 1462 persequi,

265 1495 369 1521 nunc
390 1481 501 1520 uenis
522 1481 638 1519 etiam
660 1481 761 1518 ultro
782 1478 943 1516 inrisum
964 1477 1171 1516 dominum
1189 1493 1195 1515 :
1227 1490 1327 1526 quae
1347 1490 1476 1526 neque
1493 1475 1573 1514 fieri
1605 1525 1606 1528 Ἰ

265 1554 429 1598 possunt
463 1559 592 1596 neque
627 1547 746 1583 fando
781 1557 969 1594 umquam
1001 1542 1154 1592 accepit
1188 1542 1395 1592 quisquam
1431 1543 1588 1592 profers,

597 1601 604 1607 ⁵
1050 1606 1061 1616 ¹
1385 1608 1568 1645 carnufex
1584 1622 1592 1654 3

267 1676 407 1727 quoius
429 1690 500 1725 ego
522 1675 641 1714 hodie
661 1675 700 1712 in
721 1683 871 1724 tergum
894 1675 1012 1712 istaec
1034 1676 1122 1712 faxo
1143 1681 1327 1723 expetant
1348 1673 1563 1711 mendacia.

268 1743 332 1780 So.
364 1741 612 1791 Amphitruo,
637 1740 865 1777 miserruma
886 1739 1005 1777 istaec
1028 1739 1183 1777 miseria
1204 1746 1261 1777 est
1282 1752 1396 1777 seruo
1417 1739 1534 1786 bono,
1617 1752 1682 1789 590

269 1808 375 1857 apud
395 1819 503 1844 erum
525 1805 591 1855 qui
612 1819 703 1843 uera
723 1805 905 1855 loquitur,
931 1805 962 1843 si
983 1805 1023 1844 id
1045 1805 1083 1843 ui
1105 1819 1241 1844 uerum
1262 1804 1441 1843 uincitur.

271 1874 353 1910 AM.
385 1872 465 1920 quo
495 1870 545 1918 id,
578 1872 736 1917 malum,
768 1878 884 1920 pacto
915 1879 1043 1921 potest
1074 1885 1165 1910 nam
1194 1871 1367 1923 (mecum
1397 1884 1600 1921 argumen-

1420 1936 1467 1975 tis
1487 1936 1598 1987 puta)

217 2017 257 2048 50
275 2002 366 2049 fieri,
391 2015 496 2039 nunc
517 2001 571 2039 uti
593 2009 634 2039 tu
654 2001 728 2054 (et)
747 2002 811 2041 hic
832 2002 882 2041 sis
904 2010 942 2041 et
963 2003 1103 2041 domi?
1132 2003 1172 2042 id
1194 2003 1271 2042 dici
1292 2005 1396 2043 uolo.

276 2069 339 2106 So.
372 2080 458 2104 sum
480 2068 655 2116 profecto
676 2075 713 2105 et
734 2067 797 2105 hic
818 2075 855 2105 et
877 2067 963 2105 illic.
1023 2069 1100 2106 hoc
1121 2069 1276 2118 quoiuis
1298 2069 1425 2107 mirari
1445 2069 1546 2107 licet.

319 2180 381 2209 574
407 2170 475 2200 Hic
493 2170 591 2200 homo
611 2169 720 2200 Luchs
833 2172 896 2209 583
922 2171 1065 2210 proinde
1083 2176 1118 2201 ut
1136 2172 1322 2209 Fleckeisen,
1341 2184 1423 2204 nam
1458 2173 1601 2214 proinde

262 2224 315 2257 xac
331 2213 386 2244 vix
400 2213 600 2243 Plautinum
774 2214 837 2253 589
862 2218 992 2252 tergum
1025 2214 1222 2247 Acidalius:
1260 2221 1359 2257 tergo
1397 2217 1462 2248 cod.
1503 2217 1539 2259 (i.
1565 2216 1600 2256 3)

278 2258 381 2288 istaec
399 2257 474 2288 faxo
488 2256 640 2287 Schmidt
658 2256 707 2296 (cf
728 2255 877 2296 Lindsay
893 2256 938 2287 ad
959 2257 1051 2305 Capt.
1075 2258 1156 2299 964)
1173 2271 1179 2289 :
1204 2260 1280 2291 faxo
1302 2261 1365 2292 ista
1383 2260 1447 2292 cod.
1538 2270 1599 2299 591

279 2311 358 2331 uera
380 2300 540 2340 Pylades:
567 2300 669 2330 uerba
693 2299 758 2331 cod.
938 2310 1001 2339 592
1026 2307 1123 2341 potes
1140 2303 1204 2334 cod.
1228 2305 1265 2341 (i.
1282 2307 1317 2345 9)
1337 2317 1343 2336 :
1369 2309 1481 2344 potest
1501 2303 1589 2334 codd.

279 2345 382 2375 Nonii
395 2345 459 2384 369
590 2352 654 2383 593
679 2348 711 2374 et
728 2342 802 2374 add.
825 2343 957 2374 Leman
1090 2355 1153 2384 594
1178 2347 1229 2377 vel
1244 2348 1290 2378 illi
