1742 2718
735 68 963 107 CAPTIVI

122 196 163 234 55
184 196 264 221 non
286 188 516 232 pertractate
536 183 638 218 facta
658 186 717 218 est
736 191 866 228 neque
887 177 981 216 item
1001 184 1044 215 ut
1064 183 1240 214 ceterae:

183 260 312 297 neque
333 246 542 296 spurcidici
563 245 696 283 insunt
717 257 855 282 uorsus
876 241 1220 289 inmemorabiles3

182 312 246 351 hic
268 325 396 362 neque
416 311 587 361 peiiurus
607 312 698 348 leno
720 316 778 347 est
798 321 872 346 nec
893 307 1074 346 meretrix
1094 308 1196 344 mala

183 390 312 427 neque
334 376 443 415 miles
463 374 654 425 gloriosus
670 389 680 422 3
708 387 758 412 ne
779 371 993 411 uereamini

183 443 275 493 quia
296 443 441 480 bellum
462 440 613 480 Aetolis
634 453 719 478 esse
740 438 818 477 dixi
841 452 930 476 cum
951 437 1084 476 Aleis:

120 512 166 547 60
183 508 274 547 foris
295 507 348 546 illi
369 515 474 546 extra
494 519 676 545 scaenam
698 506 792 543 fient
812 503 968 554 proelia.

184 587 275 613 nam
296 574 372 611 hoc
392 585 518 623 paene
539 571 765 621 iniquomst,
789 569 943 608 comico
964 568 1150 619 choragio

184 637 316 678 conari
336 637 520 676 desubito
540 650 653 686 agere
673 649 745 674 nos
766 634 1018 685 tragoediam.

184 703 297 756 proin
318 703 348 741 si
370 703 456 753 quis
477 716 648 753 pugnam
671 702 880 750 exspectat,
904 699 980 738 litis
1001 700 1230 738 contrahat:

185 769 441 808 ualentiorem
463 775 601 822 nactus
621 765 892 805 aduorsarium

121 843 163 886 65
185 834 216 873 si
237 834 317 881 erit,
341 847 413 884 ego
434 832 574 871 faciam
596 840 637 870 ut
657 845 829 883 pugnam
850 830 1045 880 inspectet
1064 844 1145 869 non
1166 821 1325 877 bonam,

184 901 285 938 adeo
306 906 347 937 ut
368 906 544 948 spectare
564 905 702 948 postea
722 895 850 935 omnis
872 895 1010 934 oderit.

183 965 293 1003 abeo.
355 965 492 1010 ualete,
516 962 665 1001 iudices
686 960 901 1000 iustissumi

184 1029 304 1078 domi,
327 1029 527 1080 duellique
547 1029 783 1067 duellatores
804 1026 968 1077 optumi.

682 1228 941 1277 ACTVS
995 1229 1013 1275 I

694 1331 1014 1369 ERGASILVS

189 1427 263 1464 ER.
297 1427 489 1464 quentus
509 1437 657 1463 nomen
678 1422 822 1461 indidit
845 1425 853 1441 ‘
867 1423 1004 1460 Scorto
1021 1423 1029 1439 '
1049 1420 1156 1469 mihi,

124 1506 169 1541 70
186 1504 234 1529 eo
254 1492 345 1541 quia
365 1491 571 1529 inuocatus
593 1490 701 1527 soleo
722 1501 807 1527 esse
827 1487 868 1525 in
889 1486 1085 1526 conuiuio.

185 1555 267 1595 scio
287 1556 455 1605 apsurde
476 1554 626 1593 dictum
648 1555 724 1593 hoc
745 1552 937 1592 derisores
958 1551 1100 1599 dicere,

184 1628 224 1659 at
243 1634 316 1671 ego
336 1620 399 1659 aio
419 1627 533 1659 recte.
567 1633 659 1657 nam
680 1625 853 1656 scortum
873 1617 913 1655 in
934 1616 1121 1655 conuiuio

186 1685 259 1724 sibi
279 1693 439 1732 amator,
462 1686 561 1723 talos
582 1697 703 1735 quom
724 1683 826 1730 iacit,
849 1689 1021 1721 scortum
1041 1681 1212 1721 inuocat.

187 1758 296 1790 estne
316 1750 546 1790 inuocatum
565 1748 775 1802 (scortum)
795 1763 845 1787 an
865 1750 977 1787 non?
1005 1747 1270 1798 planissume3

125 1831 166 1869 75
186 1830 324 1855 uerum
345 1818 475 1855 hercle
495 1829 590 1854 uero
612 1829 684 1854 nos
706 1814 864 1865 parasiti
872 1813 1050 1865 planius,

187 1896 286 1933 quos
306 1895 524 1932 numquam
545 1880 754 1931 quisquam
776 1894 905 1930 neque
925 1887 1042 1918 uocat
1063 1893 1192 1930 neque
1212 1879 1381 1919 inuocat.

187 1946 298 1998 quasi
318 1960 447 1985 mures
468 1959 622 1996 semper
642 1945 796 1984 edimus
816 1944 990 1983 alienum
1010 1943 1144 1983 cibum
1162 1959 1173 1992 5

187 2011 256 2051 ubi
275 2025 335 2050 res
354 2012 528 2062 prolatae
548 2017 652 2058 sunt,
673 2023 796 2061 quom
818 2023 881 2048 rus
902 2009 1084 2048 homines
1105 2017 1210 2056 eunt,

188 2075 303 2114 simul
322 2077 495 2126 prolatae
514 2089 574 2113 res
595 2081 686 2113 sunt
706 2073 848 2112 nostris
868 2073 1065 2113 dentibus.

126 2147 171 2181 80
188 2140 309 2191 quasi,
332 2154 453 2190 quom
474 2142 630 2187 caletur,
654 2141 812 2178 cocleae
832 2138 872 2177 in
893 2140 1050 2177 occulto
1070 2140 1203 2186 latent,

232 2254 275 2284 59
298 2244 395 2275 alidis
411 2243 476 2276 cod.
497 2244 548 2285 (cf.
568 2255 597 2276 v.
618 2244 675 2283 24)
808 2245 852 2274 60
876 2243 944 2275 illic
961 2242 1026 2274 cod.
1159 2245 1201 2274 62
1226 2254 1288 2275 nos
1308 2255 1410 2284 agere
1431 2245 1495 2276 cod.
1514 2256 1521 2275 :

191 2290 260 2319 trai.
278 2288 380 2318 Bothe
556 2298 596 2327 72
619 2288 673 2318 aio
691 2287 736 2317 ita
751 2287 854 2328 scripl.
875 2290 912 2318 ut
927 2287 992 2318 clio
1010 2286 1104 2326 (BD)
1124 2287 1175 2317 vel
1188 2288 1243 2318 dio
1261 2288 1341 2328 (PE)
1363 2288 1522 2319 videretur

189 2343 253 2363 esse
276 2332 310 2362 in
327 2330 393 2362 cod.
412 2331 463 2371 (ej.
480 2342 509 2363 v.
528 2333 609 2370 694)
628 2332 688 2371 (vi,
707 2341 737 2370 p.
758 2331 815 2372 84)
960 2341 999 2370 74
1016 2329 1208 2373 (scortum)
1227 2342 1269 2361 an
1287 2342 1355 2362 non
1371 2332 1521 2372 Bentley:

189 2386 232 2406 an
256 2386 326 2406 non
342 2373 438 2417 <esst
451 2373 525 2418 est>
544 2375 757 2406 Camerarius
905 2384 944 2414 75
976 2373 1075 2415 uero]
1099 2384 1218 2405 uerum
1236 2374 1301 2406 cod.

233 2444 350 2466 PLAVT.
371 2445 383 2466 1

1539 77 1650 104 PROL.

1536 189 1573 221 55

1538 508 1579 539 60

1541 2023 1581 2048 10
