1742 2718
784 50 1073 90 CVRCVLIO
1523 54 1592 91 IV.
1612 53 1656 90 iv

181 170 250 210 570
268 159 370 197 male
391 158 508 209 loqui,
533 160 720 208 profecto,
744 161 839 209 quoi
859 174 931 210 ego
953 159 1027 199 nisi
1048 162 1195 199 malum
1218 161 1272 199 nil
1294 163 1434 202 debeo.

266 225 344 262 ΤΗ.
369 223 493 262 mihin
514 225 661 262 malum
684 223 892 263 minitare?
950 227 1021 266 CA.
1044 234 1164 277 atque
1185 228 1327 277 edepol
1349 242 1428 267 non
1447 228 1596 267 minita-
1621 246 1655 278 15

1282 292 1363 339 bor,
1387 295 1456 332 sed
1477 294 1593 341 dabo,

264 352 295 391 si
316 366 451 404 perges
473 355 661 393 molestus
683 368 777 393 esse.
838 357 916 393 TH.
950 356 1040 394 leno
1062 356 1262 395 minitatur
1284 358 1390 405 mihi,

265 432 453 469 meaeque
475 432 628 469 pugnae
649 419 858 469 proeliares
880 422 1084 469 plurumae
1105 422 1271 472 optritae
1292 422 1450 462 iacent?

261 491 301 522 at
321 484 373 522 ita
394 497 456 522 me
479 484 684 522 machaera
705 490 742 522 et
764 485 926 534 clupeus
1013 498 1031 518 ³¹<
1119 499 1136 519 ss
1224 500 1241 520 *
1326 486 1473 540 (meus)

177 560 241 597 575
262 550 364 588 bene
383 549 519 588 iuuent
540 556 782 599 pugnantem
803 549 842 587 in
864 550 947 589 acie
965 566 971 588 :
1002 550 1075 590 nisi
1097 551 1149 590 mi
1171 552 1280 603 uirgo
1302 554 1486 601 redditur,

261 614 338 653 iam
360 628 432 665 ego
453 621 492 653 te
512 613 651 652 faciam
673 622 716 652 ut
737 614 800 653 hic
822 615 1007 654 formicae
1029 616 1263 655 frustillatim
1285 618 1475 658 differant.
1615 638 1654 659 20

263 680 334 719 CA.
357 687 395 717 at
412 679 464 717 ita
480 692 543 717 me
560 680 757 726 uolsellae,
773 687 926 729 pecten,
944 683 1159 730 speculum,
1177 682 1440 722 calamistrum
1459 698 1591 723 meum

260 744 362 782 bene
384 757 446 782 me
466 743 653 781 amassint
675 757 842 793 meaque
863 744 979 782 axitia
1000 745 1245 796 linteumque
1266 748 1443 796 extersui,

259 815 302 846 ut
322 821 395 858 ego
416 815 481 846 tua
502 809 724 857 magnufica
744 809 866 846 uerba
886 823 1015 860 neque
1035 809 1127 849 istas
1148 818 1234 850 tuas
1255 825 1416 863 magnas
1437 813 1563 853 minas

173 878 241 922 580
258 886 339 911 non
359 872 479 922 pluris
500 872 601 910 facio
622 886 740 923 quam
762 873 945 912 ancillam
966 888 1095 913 meam
1116 889 1218 926 quae
1238 877 1417 916 latrinam
1438 880 1553 918 lauat.

257 951 330 988 ego
359 937 464 975 illam
494 937 648 976 reddidi
680 937 747 988 qui
779 946 983 989 argentum
1009 954 1032 978 a
1061 948 1099 979 te
1128 941 1266 980 attulit.
1327 944 1405 981 TH.
1439 944 1525 993 quis
1556 944 1586 983 is
1609 961 1647 993 25

1358 1015 1416 1047 est
1436 1010 1588 1048 homo?

256 1069 327 1107 CA.
347 1075 456 1107 tuom
474 1067 656 1106 libertum
674 1081 759 1107 sese
772 1068 902 1108 aiebat
918 1083 1002 1109 esse
1019 1072 1291 1110 Summanum.
1326 1074 1405 1111 TH.
1425 1088 1557 1113 meum
1572 1077 1588 1113 ?

254 1139 350 1171 attat
370 1135 376 1170 !
412 1132 599 1172 Curculio
619 1134 750 1171 hercle
771 1134 892 1172 uerba
913 1134 1009 1172 mihi
1029 1135 1149 1183 dedit,
1174 1150 1296 1186 quom
1317 1138 1459 1189 cogito.

255 1197 287 1236 is
308 1197 404 1236 mihi
424 1199 586 1236 anulum
608 1198 815 1248 surrupuit.
876 1200 949 1239 CA.
980 1200 1214 1250 perdidistin
1235 1209 1276 1240 tu
1296 1206 1489 1243 anulum?

167 1268 233 1312 585
254 1262 365 1302 miles
386 1265 548 1313 pulchre
569 1263 807 1302 centuriatus
829 1272 887 1303 est
907 1273 1105 1315 expuncto
1125 1266 1165 1304 in
1187 1268 1399 1318 manipulo.

253 1330 332 1367 ΤΗ.
373 1329 442 1368 ubi
481 1343 588 1368 nunc
632 1329 913 1369 Curculionem
956 1330 1188 1371 inueniam?
1262 1335 1334 1373 CA.
1376 1335 1415 1373 in
1457 1337 1584 1377 tritico
1605 1352 1646 1383 30

1372 1400 1580 1450 facillume,

251 1460 314 1498 uel
335 1459 570 1510 quingentos
592 1460 839 1499 curculiones
860 1474 931 1511 pro
951 1475 1031 1500 uno
1052 1463 1140 1502 faxo
1161 1464 1339 1514 reperias.

251 1538 324 1575 ego
343 1525 455 1572 abeo,
479 1527 566 1564 uale
586 1532 705 1576 atque
726 1527 982 1564 salue.——TH.
1016 1529 1118 1566 male
1138 1530 1237 1576 uale,
1261 1526 1362 1569 male
1383 1531 1431 1570 sit
1452 1531 1521 1570 tibi
1539 1535 1546 1571 1

251 1589 347 1639 quid
375 1603 448 1640 ego
474 1589 646 1629 faciam?
687 1604 869 1630 maneam
893 1605 944 1629 an
969 1592 1140 1631 abeam?
1180 1592 1277 1632 sicin
1306 1595 1402 1634 mihi
1426 1610 1511 1636 esse
1538 1612 1581 1636 os

1385 1661 1551 1700 oblitum
1565 1665 1581 1701 ?

165 1727 234 1764 590
250 1719 368 1770 cupio
388 1721 481 1759 dare
502 1721 726 1760 mercedem
748 1721 815 1772 qui
836 1721 957 1761 illunc
979 1722 1047 1761 ubi
1068 1722 1116 1761 sit
1137 1731 1392 1764 commostret
1412 1726 1519 1765 mihi.

745 1846 981 1894 ACTVS
1031 1846 1076 1892 V

764 1929 1056 1969 CVRCVLIO
1597 1932 1683 1969 V.i

246 2005 317 2044 Cv.
350 2004 568 2055 Antiquom
590 2013 747 2055 poetam
769 2006 903 2045 audiui
924 2007 1123 2058 scripsisse
1144 2008 1183 2047 in
1205 2010 1403 2060 tragoedia

245 2069 425 2108 mulieres
446 2070 544 2108 duas
564 2069 717 2120 peiores
738 2084 823 2109 esse
844 2084 963 2120 quam
984 2085 1115 2110 unam.
1176 2087 1235 2112 res
1256 2074 1356 2113 itast.

287 2170 352 2199 570
375 2161 464 2200 loqui
480 2161 554 2192 Ital.
573 2173 580 2192 ε
604 2161 716 2201 eloqui
734 2161 800 2192 cod.
948 2172 1009 2202 571
1038 2163 1122 2195 dabo
1140 2163 1297 2196 Mueller:
1322 2167 1352 2198 d.
1372 2166 1486 2207 [mihi]
1505 2174 1570 2200 coci.

244 2203 294 2243 (ii.
312 2204 348 2243 5)
459 2214 523 2244 574
547 2205 646 2235 altera
663 2215 774 2235 versus
784 2210 868 2246 pars
884 2205 1041 2236 intercidit
1149 2219 1245 2239 meus
1270 2209 1418 2250 supplevi
1433 2211 1493 2251 (iii.
1517 2213 1569 2250 11)

243 2256 305 2287 577
330 2246 399 2287 me]
416 2257 510 2279 meae
526 2247 631 2279 Bothe
784 2249 849 2288 578
873 2249 922 2279 vel
935 2249 1044 2280 axicia
1192 2254 1342 2284 extersui
1359 2253 1550 2285 Palmerius
1564 2267 1571 2286 :

242 2295 414 2322 extersum
432 2291 497 2323 cod.
633 2292 698 2332 580
714 2301 787 2323 eam
803 2291 849 2322 Β3
917 2292 998 2323 lauit
1014 2292 1148 2334 Seyffert
1278 2298 1342 2335 582
1367 2307 1443 2327 esse
1457 2298 1570 2329 aiebat

241 2344 316 2365 sese
333 2334 421 2366 cod.:
447 2335 520 2366 irai.
541 2335 753 2366 Camerarius
855 2336 918 2375 585
943 2347 980 2367 es
996 2336 1080 2367 Pius
1176 2339 1241 2379 589
1266 2340 1426 2371 sublitum
1449 2341 1572 2383 Ussing
