1742 2718
670 83 944 123 ASINARIA
1393 83 1469 120 III.
1493 81 1536 118 iii

142 196 485 243 circumsistamus,
508 196 604 233 alter
624 194 727 241 hinc,
751 193 843 232 hinc
863 195 959 232 alter
982 195 1237 244 appellemus.

143 275 217 309 ere,
236 263 353 300 salue.
394 261 463 298 sed
484 273 580 297 num
601 261 732 297 fumus
748 266 805 297 est
827 260 924 297 haec
941 258 1079 297 mulier
1095 271 1213 308 quam
1230 259 1473 308 amplexare?

54 329 125 364 620
143 328 248 368 ARG·
281 326 475 376 quidum?
532 327 602 363 LE.
635 323 727 374 quia
756 323 859 362 oculi
894 331 984 362 sunt
1018 323 1089 362 tibi
1122 325 1394 369 lacrumantes,
1427 335 1473 360 eo
1495 334 1534 364 30

1328 387 1471 437 rogaui.

142 458 247 495 ARG.
280 463 466 506 patronus
488 454 554 505 qui
576 454 690 492 uobis
712 453 782 491 fuit
802 455 966 501 futurus,
989 453 1224 505 perdidistis.

143 522 214 559 LE.
247 520 430 570 equidem
463 520 593 558 hercle
623 520 775 556 nullum
806 519 969 568 perdidi,
1007 518 1097 557 ideo
1132 518 1224 568 quia
1257 531 1474 568 numquam

1197 584 1320 621 ullum
1341 582 1472 621 habui.

145 653 205 690 L1.
238 650 496 696 Philaenium,
520 651 637 687 salue.
699 650 772 686 PH.
806 648 959 687 dabunt
979 648 1020 687 di
1041 661 1143 698 quae
1164 647 1292 686 uelitis
1313 646 1437 685 uobis.

145 718 204 754 L1.
237 722 395 754 noctem
416 721 524 752 tuam
546 720 584 752 et
604 713 687 751 uini
709 714 853 751 cadum
874 712 1005 759 uelim,
1030 712 1061 751 si
1082 719 1216 762 optata
1236 713 1341 750 fiant.

56 785 121 830 625
144 783 248 819 ARG.
280 780 447 818 uerbum
476 792 574 822 caue
604 777 709 824 faxis,
738 778 914 816 uerbero.
975 779 1034 816 L1.
1068 777 1139 816 tibi
1169 777 1365 828 equidem,
1395 791 1475 816 non
1497 792 1536 824 35

1251 842 1347 880 mihi
1369 849 1474 892 opto.

142 912 248 948 ARG.
280 917 363 948 tum
394 916 435 947 tu
465 908 580 959 igitur
609 909 770 958 loquere
800 909 909 958 quod
938 909 1058 947 lubet.
1119 909 1179 946 L1.
1211 908 1319 946 hunc
1347 908 1478 946 hercle

1258 973 1474 1012 uerberare.

145 1042 214 1079 LE.
247 1039 428 1090 quisnam
449 1039 550 1078 istuc
570 1040 759 1078 adcredat
779 1038 860 1086 tibi,
884 1038 1049 1078 cinaede
1070 1038 1359 1078 calamistrate?

144 1113 214 1144 tun
234 1105 427 1152 uerberes,
451 1103 518 1154 qui
539 1117 610 1154 pro
631 1103 721 1142 cibo
742 1105 890 1143 habeas
911 1111 949 1143 te
969 1104 1195 1143 uerberari?

144 1171 248 1208 ARG.
281 1177 324 1208 ut
344 1176 499 1208 uostrae
519 1170 699 1207 fortunae
719 1168 817 1207 meis
837 1170 1091 1218 praecedunt,
1114 1169 1277 1217 Libane,
1301 1171 1428 1220 longe,

56 1242 126 1285 630
144 1234 211 1286 qui
231 1234 351 1274 hodie
371 1247 589 1284 numquam
614 1235 666 1272 ad
693 1247 903 1284 uesperum
927 1233 1071 1273 uiuam.
1132 1236 1192 1273 L1.
1225 1242 1472 1285 quapropter,
1495 1245 1537 1276 40

1299 1313 1447 1350 quaeso
1461 1302 1477 1338 ?

145 1367 248 1404 ARG.
281 1364 374 1415 quia
391 1377 463 1415 ego
484 1365 587 1403 hanc
607 1363 699 1403 amo
715 1370 755 1403 et
774 1365 873 1403 haec
894 1366 987 1404 med
1007 1372 1123 1412 amat,
1142 1364 1235 1404 huic
1255 1366 1364 1415 quod
1385 1366 1477 1404 dem

954 1443 1150 1480 nusquam
1172 1429 1386 1480 quicquam
1406 1437 1476 1477 est,

144 1495 237 1534 hinc
257 1496 350 1534 med
369 1502 570 1534 amantem
591 1509 638 1534 ex
657 1494 824 1533 aedibus
844 1494 989 1534 deiecit
1009 1495 1139 1533 huiius
1159 1502 1312 1534 mater„

144 1560 292 1611 argenti
312 1560 452 1611 uiginti
472 1560 603 1599 minae
623 1561 716 1598 med
736 1561 787 1598 ad
808 1568 976 1599 mortem
996 1562 1242 1611 appulerunt,

145 1639 242 1675 quas
262 1626 382 1665 hodie
402 1627 636 1664 adulescens
659 1625 854 1663 Diabolus
874 1625 949 1675 ipsi
970 1626 1131 1664 daturus
1151 1625 1258 1672 dixit,

58 1696 124 1740 635
145 1698 188 1729 ut
207 1692 310 1729 hanc
330 1705 380 1730 ne
401 1704 604 1741 quoquam
624 1689 796 1729 mitteret
815 1690 890 1728 nisi
910 1691 962 1729 ad
982 1704 1023 1729 se
1044 1692 1150 1729 hunc
1169 1704 1319 1730 annum
1335 1699 1473 1731 totum.
1497 1703 1538 1735 45

145 1755 297 1794 uidetin
317 1755 455 1806 uiginti
476 1755 607 1794 minae
627 1755 724 1806 quid
744 1756 896 1806 pollent
915 1755 1064 1805 quidue
1084 1759 1280 1807 possunt?

144 1819 196 1858 ill'
216 1822 285 1870 qui
304 1820 388 1859 illas
408 1820 537 1872 perdit
557 1822 687 1858 saluos
708 1827 780 1868 est,
801 1834 874 1870 ego
895 1820 963 1871 qui
983 1834 1064 1859 non
1085 1822 1208 1871 perdo
1228 1835 1357 1872 pereo.

146 1886 206 1923 L1.
238 1885 315 1924 iam
354 1885 465 1925 dedit
502 1886 736 1936 argentum?
812 1887 917 1924 ARG.
955 1899 1037 1924 non
1075 1885 1195 1925 dedit.
1274 1889 1334 1925 L1.
1370 1888 1480 1927 bono

997 1950 1131 1990 animo
1152 1966 1204 1999 es,
1227 1966 1278 1991 ne
1298 1953 1476 1992 formida.

146 2018 217 2055 LE.
248 2017 389 2056 secede
416 2018 505 2064 huc,
535 2015 699 2063 Libane,
726 2022 764 2055 te
791 2017 896 2055 uolo.
966 2017 1026 2054 L1.
1059 2015 1090 2054 si
1117 2016 1214 2067 quid
1241 2017 1311 2056 uis.
1370 2020 1475 2057 ARG.

1207 2096 1372 2133 opsecro
1392 2097 1478 2131 UOS,

189 2188 256 2217 620
280 2196 344 2224 ego
356 2186 407 2216 PE
495 2186 562 2216 626
581 2184 662 2224 quid
676 2195 745 2215 var.
763 2184 783 2216 l.
800 2185 834 2214 in
847 2184 881 2214 D
969 2187 1033 2224 630
1056 2186 1158 2217 hodie
1172 2187 1229 2226 qui
1246 2187 1477 2218 Camerarius:

147 2230 228 2270 quin
242 2230 273 2260 h.
285 2229 421 2259 Ribbeck
487 2231 548 2267 631
569 2227 619 2268 et]
632 2233 734 2267 atque
745 2227 1096 2269 Kaempsdepronom.
1111 2241 1144 2270 p.
1157 2232 1198 2261 28
1253 2241 1306 2262 me
1319 2232 1379 2272 (ita
1396 2231 1476 2269 cod.)

147 2271 308 2314 (contra)
321 2272 444 2303 Pradel
456 2271 494 2301 de
503 2276 615 2312 praep.
634 2283 666 2311 p.
683 2282 747 2311 503
845 2282 1027 2311 numquam
1044 2273 1108 2305 cod.
1269 2276 1332 2313 632
1357 2275 1478 2305 deiecit

148 2315 375 2347 Camerarius:
404 2316 532 2355 delegit
547 2315 614 2348 cod.
632 2316 677 2358 (L
688 2319 749 2355 pro
767 2314 793 2354 I,
809 2315 839 2346 G
850 2320 913 2355 pro
929 2316 972 2357 C)
987 2330 992 2348 :
1018 2317 1120 2348 eiecit
1134 2317 1310 2348 Fleckeisen
1414 2320 1477 2357 634

146 2360 300 2391 daturum
317 2359 392 2391 Ital.

191 2412 308 2434 ΡιΑντ.
330 2411 342 2433 1
1371 2406 1390 2434 6
