1742 2718
45 128 162 155 PROL.
599 122 646 157 T.
680 121 860 160 MACCI
891 122 1095 159 PLAVTI

194 226 313 276 quiue'
342 241 421 277 quo
450 230 620 278 placeret
648 230 744 268 alter
773 229 927 268 fecisset
956 229 1097 277 minus,

133 300 172 340 85
194 291 276 330 eius
306 301 537 331 ornamenta
564 302 602 332 et
631 294 781 332 corium
811 294 866 332 uti
897 295 1160 333 conciderent.

193 356 321 395 mirari
350 357 473 396 nolim
502 373 574 397 uos
604 368 841 409 quapropter
872 359 1049 409 Iuppiter

191 435 297 459 nunc
327 422 534 461 histriones
564 432 696 471 curet;
736 438 786 462 ne
817 424 1034 463 miremini:

191 485 274 535 ipse
304 488 405 525 hanc
434 496 606 526 acturust
639 488 814 537 Iuppiter
843 489 1102 528 comoediam.

192 551 317 600 quid?
356 552 563 590 admiratin
593 553 715 590 estis?
755 554 865 602 quasi
896 567 989 592 uero
1020 568 1168 593 nouom

131 630 173 662 90
193 629 298 653 nunc
327 618 543 665 proferatur
574 618 713 655 Iouem
744 619 870 656 facere
900 618 1144 657 histrioniam
1161 634 1171 667 3

192 680 320 727 etiam,
352 681 559 719 histriones
588 696 693 719 anno
724 696 845 732 quom
875 682 915 720 in
944 685 1175 732 proscaenio
1205 684 1269 721 hic

192 746 331 783 Iouem
361 746 606 793 inuocarunt,
637 747 756 794 uenit,
788 747 931 785 auxilio
961 747 992 785 is
1022 748 1102 786 fuit.

189 818 388 859 praeterea
417 819 523 849 certo
551 812 682 860 prodit
709 812 750 849 in
779 813 988 861 tragoedia.

191 876 293 912 hanc
322 876 506 923 fabulam,
538 876 711 926 inquam,
742 877 807 914 hic
834 877 1011 928 Iuppiter
1037 878 1160 916 hodie
1186 877 1271 928 ipse
1298 886 1387 928 aget

131 956 170 987 95
191 946 229 976 et
259 952 331 988 ego
361 954 439 978 una
468 954 558 978 curn
588 942 664 979 illo.
725 955 832 979 nunc
859 939 968 994 <uos>
994 941 1172 980 animum
1201 942 1406 990 aduortite‚

191 1005 286 1041 dum
317 1005 432 1043 huius
461 1014 736 1055 argumentum
766 1008 928 1056 eloquar
956 1006 1197 1045 comoediae.

245 1073 359 1109 Haec
388 1072 480 1110 urbs
510 1080 568 1110 est
597 1073 771 1111 Thebae.
817 1074 856 1111 in
887 1074 1009 1111 illisce
1038 1073 1187 1112 habitat
1216 1074 1380 1112 aedibus

188 1137 436 1186 Amphitruo,
468 1146 582 1176 natus
612 1139 725 1189 Argis
755 1153 802 1177 ex
832 1142 936 1190 Argo
965 1148 1084 1189 patre,

188 1201 348 1251 quicum
379 1205 599 1242 Alcumena
628 1212 686 1243 est
715 1212 848 1254 nupta.
881 1206 1025 1243 Electri
1055 1206 1142 1243 filia.

109 1282 168 1303 100
188 1267 219 1305 is
250 1281 355 1305 nunc
385 1270 623 1318 Amphitruo
651 1272 887 1320 praefectust
917 1270 1147 1320 legionibus,

188 1346 278 1370 nam
310 1347 399 1371 cum
430 1335 619 1373 Telobois
649 1336 796 1373 bellum
826 1343 884 1374 est
914 1335 1108 1374 Thebano
1137 1337 1269 1386 poplo.

187 1398 218 1435 is
247 1398 344 1448 priu'
374 1413 492 1449 quam
522 1400 614 1438 hinc
643 1400 739 1438 abiit
768 1403 936 1450 ipsemet
963 1402 1003 1439 in
1034 1401 1257 1449 exercitum,

187 1463 388 1512 grauidam
418 1466 679 1503 Alcumenam
710 1465 800 1503 fecit
830 1479 990 1504 uxorem
1021 1480 1142 1504 suam.

188 1541 279 1565 nam
309 1541 381 1577 ego
411 1542 482 1566 uos
512 1543 670 1569 noulsse
700 1531 819 1568 credo
848 1530 926 1568 iam
956 1538 998 1568 ut
1028 1530 1076 1568 sit
1105 1531 1214 1580 pater
1243 1544 1365 1578 meus,

108 1604 165 1636 105
186 1604 305 1640 quam
335 1592 432 1630 liber
460 1593 598 1631 harum
628 1608 754 1632 rerum
786 1585 1012 1633 multarum‘
1026 1595 1098 1633 siet

186 1665 436 1707 quantusque
465 1667 616 1697 amator
646 1659 718 1697 siet
749 1661 858 1710 quod
888 1661 1168 1710 complacitum
1200 1669 1257 1699 est
1288 1662 1419 1699 semel.

185 1721 216 1759 is
246 1735 376 1760 amare
406 1724 558 1772 occepit
588 1725 851 1762 Alcumenam
881 1726 980 1763 clam
1012 1725 1140 1763 uirum

185 1800 422 1836 usuramque
452 1787 548 1825 eiius
578 1790 751 1838 corporis
783 1790 886 1840 cepit
916 1790 1002 1838 sibi,

184 1859 222 1889 et
251 1851 451 1901 grauidam
483 1854 573 1891 fecit
603 1854 633 1891 is
664 1868 751 1892 eam
782 1869 1010 1905 compressu
1039 1870 1121 1894 suo.

104 1933 164 1955 110
183 1930 289 1955 nunc
319 1918 369 1955 de
399 1919 619 1957 Alcumena
648 1929 690 1958 ut
719 1935 800 1959 rem
831 1921 996 1960 teneatis
1025 1921 1179 1968 rectius,

184 1981 380 2031 utrimque
410 1990 467 2020 est
498 1984 669 2032 grauida,
702 1993 739 2022 et
772 2000 817 2023 ex
848 1985 932 2024 uiro
962 1994 1000 2024 et
1030 2000 1076 2024 ex
1105 1999 1262 2024 summo
1293 1987 1402 2024 Ioue.

229 2089 269 2126 84
294 2089 343 2118 vel
356 2088 445 2128 quiu'
521 2090 695 2128 placerent
712 2089 778 2121 cod.
884 2090 927 2129 89
951 2089 1105 2120 admirati
1119 2089 1185 2120 cod.
1290 2100 1333 2129 95
1358 2099 1420 2120 uos
1436 2089 1510 2120 add.

185 2131 346 2170 Pylades:
371 2133 435 2163 hoc
460 2132 584 2164 Pradel
597 2144 603 2163 :
629 2134 693 2163 iarn
723 2133 860 2163 Mueller
1033 2135 1076 2172 96
1101 2134 1239 2164 huiusce
1264 2144 1333 2172 arg.
1364 2133 1515 2172 Bentley:

185 2185 254 2213 arg.
270 2176 370 2206 huius
382 2176 523 2215 Pylades
593 2176 735 2215 eloquor
753 2178 794 2213 (25
814 2176 950 2218 Seyffert
967 2177 1079 2214 (Burs.
1095 2176 1279 2214 Jalzresher.
1300 2178 1393 2215 1890,
1407 2187 1439 2215 p.
1457 2178 1512 2208 26⁸,

185 2219 228 2257 98
251 2218 290 2249 de
304 2220 398 2258 Argo
416 2220 452 2259 cf
475 2219 597 2249 Usener
615 2218 849 2256 („Rl1e1‘11.Mus.
870 2230 921 2259 53,
941 2220 1020 2259 339)
1146 2230 1203 2251 101
1230 2220 1260 2251 b.
1287 2224 1339 2249 est
1353 2219 1512 2258 Pylades:

186 2267 238 2292 est
254 2263 283 2293 b.
304 2262 370 2294 cod.
418 2263 473 2293 vix
489 2263 665 2293 Teloboist
856 2264 1001 2302 103‘fec.
1027 2274 1085 2294 ux.
1109 2263 1247 2293 Fruter:
1281 2273 1336 2293 ux.
1363 2263 1424 2292 sec.
1442 2262 1510 2293 cod.

189 2316 248 2345 104
274 2316 369 2337 meus
387 2311 484 2346 pater
501 2306 613 2338 Bothe.
632 2307 686 2336 cm'
698 2308 795 2345 pater
813 2309 908 2337 meus
925 2307 1066 2346 displicet
1199 2308 1259 2336 106
1282 2305 1361 2346 siet]
1382 2306 1425 2336 sit
1442 2306 1512 2337 edd.

185 2350 254 2379 sine
268 2360 366 2380 cansa
505 2350 566 2379 108
590 2349 700 2388 coepit
718 2349 782 2379 cod.
802 2350 851 2388 (cf
866 2361 894 2381 v.
920 2352 1029 2389 1136),
1047 2350 1121 2380 ilem
1138 2349 1225 2380 codd.
1247 2348 1350 2379 Nom'i
1363 2359 1420 2387 231

1540 631 1587 665 90

1539 953 1581 988 95

1540 1284 1607 1309 100

1540 1607 1600 1642 105

1538 1932 1603 1956 110
