1814 2723
184 47 265 83 V.i
670 46 715 83 T.
751 45 931 84 MACCI
964 45 1168 82 PLAVTI

253 168 389 193 uerum
411 154 614 193 mulierem
637 154 811 204 peiorem
835 167 955 203 quarn
978 156 1076 192 haec
1094 154 1221 193 amica
1241 162 1299 193 est
1321 156 1556 195 Phaedromi

253 234 333 259 non
355 219 437 258 uidi
457 233 587 269 neque
607 218 753 265 audiui,
777 232 907 269 neque
929 220 993 268 pol
1018 219 1097 258 dici
1119 233 1193 258 nec
1212 219 1306 271 fingi
1326 228 1456 271 potest

215 305 232 336 5
253 284 362 336 peior
396 283 532 337 [quam
563 285 660 322 haec
690 282 788 336 est]:
833 297 934 334 quae
966 283 1035 322 ubi
1063 286 1154 323 med
1185 285 1291 323 hunc
1320 286 1465 325 habere
1494 297 1668 336 con-1595

1219 349 1404 400 spicatast
1422 354 1584 391 anulum

254 424 361 466 rogat
383 417 489 454 unde
510 416 689 454 habeam.
754 414 871 465 ‘quid
892 414 932 453 id
955 422 995 453 tu
1019 415 1172 465 quaeris
1187 417 1223 453 ?’
1257 419 1265 434 ‘
1279 416 1370 466 quia
1397 417 1450 455 mi
1471 431 1585 467 quae-

1330 480 1441 519 sitost
1461 483 1586 532 opus.'

254 559 355 596 nego
378 559 439 584 me
460 545 601 584 dicere.
657 552 700 583 ut
716 558 806 583 eum
823 544 998 595 eriperet,
1019 545 1180 582 manum
1198 545 1357 595 arripuit
1374 546 1582 585 mordicus.

254 612 319 650 uix
339 613 440 649 foras
462 625 525 649 me
546 610 699 661 abripui
720 618 839 660 atque
860 610 997 660 ecfugi.
1059 623 1182 661 apage
1200 610 1325 649 istanc
1342 611 1585 650 caniculam!

206 727 234 763 ii
296 725 626 760 PLANESIVM
745 723 1135 759 PHAEDROMVS
1258 723 1549 761 CVRch1o

636 788 1207 824 THERAPONTIGONVS

256 867 322 903 PL.
357 865 613 910 Phaedrome,
637 876 812 913 propera.
875 864 949 900 ΡΗ.
979 862 1075 912 quid
1097 865 1334 913 properem?
1391 867 1457 903 PL.
1481 879 1587 915 para-

1190 928 1308 967 situm
1329 943 1379 968 ne
1399 930 1583 970 amiseris.

255 1009 397 1045 magna
427 1008 486 1034 res
516 1002 584 1033 est.
645 995 719 1033 Cv.
751 994 858 1032 nulla
887 1000 945 1032 est
976 993 1082 1040 mihi,
1110 1007 1201 1032 nam
1230 1008 1348 1044 quam
1377 996 1497 1034 habui
1523 1011 1586 1047 ap·
1605 1003 1676 1038 600

1230 1060 1379 1110 sumpsi
1400 1061 1584 1100 celeriter.

258 1130 331 1166 PH.
364 1134 491 1166 teneo.
552 1126 649 1176 quid
665 1125 864 1176 negotist?
933 1128 1000 1164 PL.
1032 1125 1156 1176 rogita
1172 1128 1279 1165 unde
1296 1126 1424 1167 istunc
1445 1129 1588 1167 habeat

1412 1195 1586 1232 anulum.

255 1265 365 1309 pater
385 1257 503 1296 istum
525 1258 626 1296 meu'
646 1256 855 1307 gestitauit.
917 1257 989 1296 Cv.
1021 1264 1062 1295 at
1083 1265 1443 1297 mea—matertera.

218 1340 234 1371 5
257 1326 323 1361 PL.
356 1330 480 1362 mater
506 1322 542 1361 ei
569 1323 762 1360 utendum
793 1322 966 1360 dederat.
1032 1322 1105 1362 Cv.
1138 1329 1247 1372 pater
1274 1337 1367 1362 uero
1397 1323 1429 1362 is
1456 1337 1589 1364 rusum

1506 1390 1587 1429 tibi.

258 1457 325 1492 PL.
352 1467 474 1504 nugas
494 1453 622 1503 garris.
684 1453 755 1492 Cv.
785 1454 905 1499 soleo,
931 1466 1023 1491 nam
1044 1460 1204 1504 propter
1224 1468 1290 1493 eas
1310 1454 1404 1494 uiuo
1425 1455 1586 1494 facilius.

257 1522 324 1558 PL.
357 1519 453 1569 quid
474 1520 609 1557 nunc?
639 1531 815 1568 opsecro,
839 1525 1022 1568 parentes
1044 1532 1094 1557 ne
1116 1532 1226 1558 meos
1247 1519 1344 1558 mihi
1365 1520 1585 1571 prohibeas.
1606 1524 1674 1568 605

258 1586 330 1625 Cv.
362 1584 458 1634 quid
479 1585 581 1634 ego?
610 1583 683 1622 sub
703 1596 912 1634 gemmane
927 1591 1127 1634 apstrusos
1148 1585 1278 1624 habeo
1293 1593 1401 1624 tuam
1423 1593 1586 1625 matrem

1353 1659 1390 1690 et
1410 1653 1590 1702 patrem?

259 1718 325 1755 PL.
358 1715 480 1755 libera
517 1727 590 1766 ego
629 1728 717 1753 sum
756 1723 858 1754 nata.
937 1717 1009 1756 CV.
1047 1724 1086 1755 et
1123 1716 1188 1755 alii
1227 1717 1339 1755 multi
1377 1717 1445 1768 qui
1482 1730 1589 1755 nunc

1402 1782 1586 1821 seruiunt.

202 1862 240 1884 10
260 1849 333 1885 PH.
363 1845 468 1885 enim
490 1859 584 1885 uero
604 1846 758 1886 irascor.
820 1849 893 1888 CV.
916 1848 995 1888 dixi
1016 1848 1202 1899 equidem
1223 1849 1295 1888 tibi
1322 1850 1428 1888 unde
1453 1849 1504 1886 ad
1526 1860 1588 1885 me

1270 1914 1334 1952 hic
1355 1911 1588 1964 peruenerit.

259 1977 441 2027 quotiens
462 1977 677 2017 dicendum
700 1981 788 2019 est?
818 1979 915 2019 elusi
937 1979 1115 2028 militem,
1136 1979 1308 2030 inquam,
1332 1978 1371 2016 in
1392 1981 1486 2017 alea.

302 2093 367 2123 594
392 2085 520 2123 neque]
539 2089 596 2115 aut
612 2085 794 2125 Fleckeisen,
816 2085 867 2115 cui
882 2095 993 2124 neque
1010 2084 1124 2115 audiui
1141 2083 1282 2123 displicet
1403 2092 1466 2122 595
1490 2093 1588 2122 quarn

260 2129 343 2158 haec
361 2132 411 2158 est
428 2127 488 2159 del.
506 2127 643 2167 Pylades
661 2130 717 2163 (iv.
742 2130 773 2165 Ι)
864 2139 918 2158 me
937 2128 1000 2158 Leo
1021 2129 1072 2167 (cf.
1092 2137 1168 2166 454,
1184 2127 1264 2165 664)
1356 2127 1480 2157 habere
1500 2127 1590 2156 hunc

266 2172 465 2202 Taubmann
564 2182 626 2211 597
651 2183 787 2202 manum
805 2171 888 2214 (ea)
906 2171 1031 2201 Ritsclzl
1126 2170 1190 2209 598
1214 2170 1338 2209 arripui
1357 2169 1423 2200 cod.
1523 2171 1590 2200 600

261 2226 305 2245 cm
320 2217 410 2246 rest?
502 2215 566 2246 Pu.
588 2216 677 2246 nulla
694 2216 759 2246 cod.
861 2216 921 2245 601
951 2215 1007 2246 PL.
1027 2219 1136 2245 teneo.
1187 2213 1250 2244 PH.
1270 2214 1350 2253 quid
1368 2213 1433 2244 cod.
1524 2215 1589 2243 602

261 2250 435 2299 gestitavit
451 2257 575 2302 (olim)
594 2259 635 2299 (2)
654 2259 729 2295 Leo,
742 2259 796 2289 cm'
808 2263 883 2289 mea
899 2259 931 2289 in
948 2263 1053 2298 pausa
1067 2257 1205 2298 displicet
1291 2262 1324 2287 at
1340 2255 1438 2298 (pol)
1451 2256 1590 2296 Pylades

261 2305 326 2342 603
350 2313 431 2334 uero
457 2304 588 2343 scripsi:
617 2313 660 2333 uo
682 2302 744 2333 cod.
765 2303 845 2342 (pro
862 2307 917 2341 uo,
935 2303 953 2333 i.
965 2312 988 2332 e.
1005 2298 1117 2341 ἰιι-πο)
1145 2299 1280 2338 (soum.
1311 2300 1397 2330 Phil.
1429 2301 1478 2340 26,
1508 2300 1586 2338 288)

263 2352 358 2387 pater
373 2351 450 2378 tuos
470 2346 647 2378 Gruterus:
673 2350 811 2386 patruos
830 2345 903 2376 eius
922 2345 964 2384 (2)
983 2343 1049 2374 Leo
1130 2343 1210 2374 mihi
1230 2343 1396 2384 Gruterus,
1415 2353 1587 2383 nugarum

263 2391 362 2422 nimis
377 2390 570 2432 impatiens:
590 2390 727 2430 propius
742 2389 861 2420 abesset
918 2388 975 2419 PL.
995 2388 1076 2419 tibi?
