1814 2723
196 74 244 111 V.

204 387 247 418 60

212 1567 248 1600 75

263 75 292 112 ii
687 71 733 107 T.
767 69 947 108 MACCI
979 68 1182 105 PLAVTI

265 196 345 221 non
384 182 608 221 mirandum
647 189 716 228 est,
751 180 987 232 <Artemona
1002 177 1029 230 3>
1066 179 1105 217 in
1144 180 1281 218 oculos
1319 178 1454 217 inuadi
1485 185 1595 229 optu-

1394 257 1503 281 mum
1524 250 1592 281 est.

265 315 368 351 ART.
401 326 474 363 ego
495 314 560 363 pol
577 312 710 351 uiuam
731 319 769 349 et
790 313 831 348 tu
848 310 968 348 istaec
989 308 1108 348 hodie
1129 323 1219 348 cum
1236 317 1305 348 tuo
1326 322 1470 358 magno
1490 309 1594 346 malo

265 377 468 416 inuocasti.
528 379 597 415 PA.
629 376 763 426 e'cquis
784 374 902 414 currit
921 373 1196 425 pollinctorem
1216 375 1443 412 accersere?
1613 384 1683 418 9¹0

265 445 369 481 ARG.
402 449 535 489 mater,
577 442 694 479 salue.
768 443 870 478 ART.
904 447 962 478 sat
1005 438 1150 477 salutis.
1221 441 1290 476 ΡΑ.
1322 446 1498 476 mortuos
1537 444 1595 475 est

1313 504 1593 540 Demaenetus.

264 580 419 623 tempus
436 580 493 610 est
510 572 731 610 subducere
747 569 840 609 hinc
856 583 920 608 me
936 584 946 617 3
975 570 1138 619 pulchre
1154 569 1231 607 hoc
1246 567 1372 618 gliscit
1388 566 1591 617 proelium.

265 638 332 676 ibo
351 640 402 677 ad
426 638 652 684 Diabolum,
676 638 864 676 mandata
884 636 1014 675 dicam
1035 637 1138 674 facta
1158 642 1201 673 ut
1221 633 1399 680 uoluerit,

265 711 385 753 atque
405 703 553 741 interea
572 710 615 740 ut
635 702 922 741 decumbamus
943 701 1131 747 suadebo,
1154 699 1195 737 hi
1215 700 1311 737 dum
1332 698 1493 748 litigant.

229 786 245 816 5
267 776 380 818 poste
401 769 562 806 demum
583 768 662 805 huc
682 780 765 805 cras
785 767 984 805 adducam
1003 766 1054 804 ad
1074 766 1216 810 lenam,
1236 771 1277 801 ut
1297 762 1435 813 uiginti
1456 761 1581 800 minas
1615 774 1680 810 915

267 833 302 871 ei
323 835 401 880 det,
424 832 463 871 in
485 840 636 883 partem
656 834 731 870 hac
751 831 899 870 amanti
921 839 963 869 ut
983 830 1098 869 liceat
1118 829 1153 868 ei
1174 828 1341 879 potirier.

266 898 507 948 Argyrippus
528 897 676 936 exorari
697 911 812 948 spero
832 896 975 947 poterit
996 903 1039 934 ut
1059 895 1160 933 sinat

266 977 351 1002 sese
370 965 539 1001 alternas
559 976 650 1001 cum
671 962 739 1000 illo
759 969 896 1000 noctes
916 962 991 999 hac
1011 959 1096 998 frui.
1155 973 1246 997 nam
1269 958 1309 996 ni
1329 958 1507 1009 impetro,

265 1042 396 1079 regem
417 1027 571 1078 perdidi
588 1043 594 1065 :
625 1041 671 1065 ex
690 1041 825 1066 amore
844 1034 998 1065 tantum
1019 1033 1078 1064 est
1097 1024 1250 1063 homini
1271 1024 1567 1063 incendium.—

266 1095 369 1131 ART.
403 1092 498 1143 quid
520 1092 591 1131 tibi
612 1094 719 1131 hunc
739 1091 912 1142 receptio
932 1092 983 1130 ad
1003 1098 1042 1129 te
1063 1098 1121 1129 est
1148 1104 1281 1128 meum
1302 1089 1460 1128 uirum?
1516 1091 1591 1127 PH.
1614 1099 1683 1135 920

1262 1157 1329 1206 pol
1350 1169 1413 1194 me
1433 1154 1595 1205 quidem

267 1223 448 1262 miseram
476 1223 479 1274 Ι
507 1223 600 1262 odio
628 1222 632 1273 Ι
658 1222 839 1261 enicauit.
900 1224 1002 1260 ART.
1035 1235 1158 1271 surge,
1181 1228 1343 1267 amator,
1366 1220 1378 1258 i
1398 1221 1574 1258 domum.

268 1291 343 1328 DE.
376 1290 506 1327 nullus
527 1302 625 1327 sum.
686 1291 789 1327 ART.
822 1287 946 1326 immo
972 1301 1023 1334 es,
1047 1301 1097 1325 ne
1124 1301 1234 1338 nega,
1257 1285 1436 1324 omnium
1455 1284 1597 1337 <homi-

1085 1351 1199 1404 num)
1218 1353 1285 1403 pol
1304 1351 1593 1402 nequissumuS.

266 1428 306 1459 at
328 1419 446 1459 etiam
467 1420 587 1458 cubat
607 1420 782 1458 cuculus.
841 1432 965 1469 surge,
987 1425 1150 1464 amator,
1172 1417 1185 1455 i
1205 1419 1381 1455 domum.

269 1488 344 1524 DE.
367 1499 441 1524 uae
455 1485 575 1523 mihi!
605 1487 708 1523 ART.
732 1498 825 1523 uera
837 1484 1037 1522 hariolare.
1075 1498 1200 1534 surge,
1213 1490 1374 1529 amator,
1390 1482 1402 1521 i
1418 1484 1593 1522 domum.

270 1554 344 1590 DE.
377 1553 547 1601 apscede
577 1565 669 1607 ergo
698 1552 916 1601 paullulum
947 1550 1057 1588 istuc.
1143 1552 1245 1588 ART.
1278 1562 1401 1600 surge,
1432 1555 1594 1594 amator,
1615 1558 1681 1594 925

1050 1611 1062 1621 ’
1386 1612 1398 1651 i
1418 1614 1594 1652 domum.

270 1684 346 1721 DE.
373 1681 451 1720 iam
472 1695 648 1732 opsecro,
670 1682 940 1729 uxor,——ART.
964 1695 1072 1720 nunc
1092 1694 1253 1719 uxorem
1274 1678 1338 1718 me
1358 1693 1444 1718 esse
1464 1678 1598 1717 memi-

1349 1744 1440 1783 nisti
1461 1745 1598 1782 tuam?

269 1814 402 1859 modo,
424 1826 546 1862 quom
567 1811 673 1851 dicta
693 1811 732 1850 in
754 1826 818 1851 me
837 1812 1053 1863 ingerebas,
1076 1811 1224 1858 odium,
1247 1825 1328 1850 non
1348 1824 1455 1857 uxor,
1477 1823 1594 1849 eram.

270 1879 345 1915 DE.
379 1884 483 1915 totus
504 1877 610 1927 perii.
671 1880 774 1916 ΛΚΤ.
798 1878 894 1919 ouid
911 1879 1072 1917 tandem
1086 1879 1104 1916 ?
1131 1876 1264 1915 anima
1278 1878 1452 1914 foetetne
1468 1874 1597 1913 uxoris

1479 1948 1569 1978 tuae
1581 1941 1598 1977 ?

270 2009 346 2045 DE.
388 2021 558 2046 murram
606 2011 694 2048 olet.
766 2011 868 2047 ART.
910 2007 988 2047 iarn
1028 2006 1257 2058 surrupuisti
1296 2008 1439 2057 pallam
1478 2019 1597 2055 quam

1306 2079 1436 2110 scorto
1456 2072 1568 2109 dares
1582 2072 1600 2108 ?

311 2179 377 2217 908
399 2177 588 2208 Artemona
620 2179 711 2208 ART.
736 2179 770 2208 in
798 2177 909 2208 Havet
924 2178 1007 2217 sorl.
1034 2180 1107 2207 recle
1132 2176 1194 2217 (iii.
1222 2176 1284 2213 23:
1316 2173 1426 2216 <nunc
1458 2173 1599 2216 cuculo)

255 2220 376 2260 ,Goetoz
406 2220 519 2251 Loewe
649 2233 714 2262 909
737 2226 772 2252 tu
799 2223 901 2252 istaec
931 2221 1163 2252 Camerarius:
1198 2220 1265 2249 tuis
1292 2219 1375 2249 haec
1402 2217 1470 2249 cod.
1498 2218 1537 2257 (i.
1562 2219 1597 2257 7)

268 2275 333 2304 910
356 2269 390 2295 et
414 2265 490 2304 quis
514 2264 591 2300 cod.y
617 2265 692 2295 item
715 2265 804 2295 codd.
828 2265 932 2295 Nouii
955 2275 1013 2310 15]
1040 2265 1079 2303 (i.
1097 2273 1127 2301 7.
1143 2264 1176 2302 7)
1311 2272 1372 2302 911
1398 2262 1449 2292 vel
1469 2262 1597 2292 salutist

271 2308 383 2350 (-test)
473 2308 523 2339 vel
538 2313 705 2339 mortuost
815 2318 879 2348 912
904 2314 956 2339 est
972 2307 1059 2339 codd.
1072 2307 1177 2337 Nonii
1190 2317 1230 2336 22
1245 2317 1251 2335 :
1277 2317 1346 2336 om.
1362 2305 1430 2336 cod.
1533 2306 1598 2344 916

269 2355 364 2392 parte
378 2350 443 2382 cod.
505 2352 668 2391 potierier
679 2351 747 2383 cod.
760 2351 837 2392 (pro
852 2352 929 2383 -tei-
943 2352 970 2392 12)
1074 2361 1135 2390 921
1162 2349 1309 2381 enieabit
1325 2348 1394 2380 cod.
1409 2349 1479 2386 (i.e.
1497 2349 1559 2379 -uit
1570 2348 1597 2389 2)

270 2405 325 2427 en.
344 2395 399 2426 od.
416 2395 492 2426 mis.
508 2395 641 2427 Gut'etus
748 2405 813 2434 922
837 2395 1011 2426 hominum
1029 2393 1105 2425 add.
1122 2394 1295 2424 Fleckeisen
1311 2403 1318 2423 :
1343 2391 1473 2435 (unus)
1489 2391 1555 2423 Leo
