1742 2718
669 56 929 95 EPIDICVS
1415 54 1461 90 V.
1483 52 1512 89 ii

142 169 211 205 ΕΡ.
244 165 314 205 tibi
335 178 485 204 moram
507 164 592 202 faci'
612 178 734 214 quom
759 178 832 214 ego
856 166 1007 202 solutus
1030 170 1126 201 asto.
1186 176 1271 212 age,
1291 162 1463 212 inquam,
1489 177 1526 208 ²5

1302 227 1465 277 conliga.

143 299 209 334 PE.
228 303 266 333 at
282 294 377 333 mihi
394 294 506 344 magi’
520 294 629 332 lubet
643 294 814 331 solutum
832 299 870 331 te
886 291 1060 342 rogitare.
1104 294 1172 330 ΕΡ.
1195 298 1234 329 at
1248 290 1343 329 nihil
1358 291 1466 329 scies.

145 364 210 399 PE.
244 360 339 411 quid
369 361 471 410 ago?
532 361 604 396 ΑΡ.
637 358 732 408 quid
762 359 882 408 agas?
921 371 1007 395 mos
1036 364 1198 406 geratur.
1271 358 1340 394 ΕΡ.
1372 356 1467 405 frugi

953 435 994 460 es
1015 425 1056 459 tu
1076 422 1209 467 homo,
1232 420 1467 470 Apoecides.

144 493 210 529 PE.
247 491 347 529 ced'o
378 502 516 527 manus
546 488 669 538 igitur.
751 489 818 525 ΕΡ.
853 494 1053 525 morantur
1084 486 1194 524 nihil.
1241 493 1359 536 atque
1390 493 1470 524 arte

1303 550 1468 601 conliga,

55 628 120 670 695
142 620 239 659 nihil
259 633 353 658 uero
372 617 485 671 (hoc)
503 618 751 657 obnoxiosse.
813 619 881 655 PE.
915 618 1018 654 facto
1039 629 1156 666 opere
1177 615 1440 654 arbitramino.

144 687 213 724 ΕΡ.
245 686 347 724 bene
374 686 451 722 hoc
478 684 608 722 habet.
667 696 738 733 age
770 681 957 720 nunciam
985 695 1031 719 ex
1063 694 1126 719 me
1156 679 1327 730 exquire,
1348 679 1472 730 rogita
1492 696 1533 726 30

1220 745 1328 795 quod
1349 744 1468 782 lubet.

144 819 212 854 PE.
244 829 322 866 qua
343 814 486 854 fiducia
505 814 634 852 ausu⁷s
655 812 826 863 primum
847 824 949 861 quae
969 817 1137 861 emptast
1158 808 1441 848 nudiustertius

143 881 263 919 filiam
283 894 411 919 meam
433 881 562 918 dicere
583 880 697 917 esse?
755 879 824 915 ΕΡ.
857 876 1008 916 lubuit:
1039 889 1085 914 ea
1104 874 1259 914 fiducia.

145 948 212 985 PE.
241 945 306 983 ain
326 947 397 983 tu?
426 944 582 983 lubuit?
640 945 709 981 ΕΡ.
738 942 812 981 aio.
853 943 917 980 uel
938 942 989 980 da
1009 940 1161 991 pignus,
1184 939 1224 978 ni
1245 953 1290 978 ea
1310 939 1358 978 sit
1379 937 1467 976 filia.

57 1026 125 1060 700
144 1013 212 1049 PE.
236 1024 354 1061 quarn
375 1017 491 1060 negat
510 1008 670 1047 nouisse
690 1009 842 1046 mater?
890 1008 960 1045 ΕΡ.
984 1005 1025 1044 ni
1045 1018 1136 1056 ergo
1151 1004 1284 1043 matris
1306 1003 1384 1042 filia
1400 1010 1468 1049 est,

143 1076 183 1114 in
204 1089 336 1114 meum
358 1077 577 1120 nummum,
594 1073 634 1112 in
654 1080 765 1111 tuom
786 1073 978 1110 talentum
998 1070 1140 1121 pignus
1161 1071 1221 1108 da.
1273 1071 1342 1107 PE.
1366 1068 1470 1107 enim
1492 1081 1530 1112 35

1152 1134 1272 1173 istaec
1292 1133 1469 1184 captiost.

144 1204 214 1242 sed
234 1202 321 1253 quis
342 1209 425 1241 east
445 1200 613 1240 mulier?
671 1202 740 1239 ΕΡ.
773 1198 829 1237 tui
850 1197 956 1249 gnati
983 1197 1121 1244 amica,
1144 1204 1185 1235 ut
1206 1210 1366 1235 ornnem
1391 1209 1472 1234 rem

1361 1261 1470 1300 scias.

146 1337 214 1373 PE.
246 1333 367 1373 dedin
390 1332 460 1371 tibi
480 1331 607 1370 minas
627 1330 783 1382 triginta
803 1330 856 1368 ob
876 1329 1028 1367 filiam?
1085 1330 1154 1367 ΕΡ.
1178 1329 1301 1366 fateor
1322 1327 1433 1366 datas

145 1408 184 1439 et
203 1413 252 1438 eo
270 1406 431 1449 argento
451 1397 556 1435 illam
578 1410 641 1435 me
662 1395 803 1434 emisse
823 1394 991 1432 amicam
1011 1393 1066 1431 fili
1087 1392 1288 1431 fidicinam

60 1480 124 1516 705
146 1478 217 1515 pro
236 1472 303 1503 tua
323 1463 425 1502 filia:
454 1462 486 1501 is
508 1470 544 1500 te
566 1462 744 1500 †ab0re†
765 1459 873 1510 tetigi
893 1458 1048 1509 triginta
1068 1457 1195 1496 minis.

147 1532 215 1568 PE.
247 1529 451 1579 quomodo
471 1540 535 1565 me
554 1527 670 1565 ludos
690 1524 815 1565 fecisti
835 1525 886 1563 de
905 1523 971 1562 illa
990 1522 1240 1562 conducticia
1316 1525 1323 1528 ”
1490 1539 1532 1569 40

147 1593 328 1633 fidicina!
386 1594 455 1632 ΕΡ.
487 1593 634 1630 factum
654 1591 785 1629 hercle
805 1602 900 1628 uero
920 1595 959 1627 et
979 1595 1083 1626 recte
1103 1589 1249 1626 factum
1271 1586 1413 1626 iudico.

148 1661 216 1697 PE.
248 1657 344 1709 quid
377 1664 577 1708 postremo
609 1662 771 1706 argento
800 1656 947 1694 factum
980 1661 1037 1692 est
1068 1653 1177 1703 quod
1208 1652 1331 1691 dedi?
1401 1654 1470 1690 ΕΡ.

1227 1717 1357 1756 dicam
1378 1716 1472 1756 tibi:

147 1801 276 1839 neque
296 1789 400 1826 malo
420 1786 572 1826 homini
592 1799 722 1837 neque
742 1785 914 1835 benigno
935 1791 1004 1822 tuo
1024 1783 1117 1822 dedi
1137 1781 1398 1833 Stratippocli.

62 1862 130 1898 710
148 1854 216 1893 PE.
243 1866 316 1903 qur
335 1853 429 1892 dare
447 1852 605 1891 ausu's?
662 1853 732 1889 ΕΡ.
758 1849 851 1900 quia
871 1849 924 1888 mi
950 1848 1120 1887 lubitum
1144 1854 1213 1887 est.
1273 1849 1341 1886 PE.
1371 1849 1471 1898 quae

860 1916 969 1961 haec,
992 1915 1152 1960 malum,
1175 1912 1472 1962 inpudentiast?

187 2021 249 2059 691
275 2019 354 2060 age]
386 2018 485 2058 alege
516 2018 550 2049 P
572 2018 640 2059 (aie
668 2017 827 2057 scriptum
858 2020 943 2051 erat:
980 2027 1010 2048 v.
1037 2015 1072 2055 3)
1207 2016 1272 2055 692
1302 2014 1354 2046 vel
1376 2024 1473 2054 mage

144 2065 296 2103 694—707
317 2067 424 2103 pauca
447 2063 602 2103 leguntur
624 2062 658 2092 in
681 2061 714 2091 A
848 2062 912 2100 695
936 2060 1000 2091 hoe
1025 2058 1100 2090 add.
1128 2057 1226 2090 Goetz
1250 2057 1300 2100 (A
1319 2068 1352 2089 n.
1370 2058 1407 2097 l.)
1431 2058 1470 2097 cf

145 2107 280 2146 Hasper
292 2105 340 2136 ad
354 2106 636 2147 Epid.con1'ectan.
743 2106 808 2144 699
831 2105 881 2135 vel
903 2103 968 2134 Ain
991 2108 1026 2134 tu
1056 2101 1227 2134 ‘lubuit'tt
1294 2101 1352 2143 da]
1378 2102 1420 2132 ad
1442 2101 1477 2132 P

148 2151 195 2191 (ii.
211 2151 245 2189 7)
335 2154 407 2180 east
422 2149 625 2190 Brugmann
726 2157 785 2187 701
812 2148 916 2178 istaec
933 2147 1038 2177 Brix:
1063 2146 1127 2177 iste
1138 2145 1177 2186 P,
1191 2145 1224 2176 A
1238 2155 1269 2176 n.
1283 2145 1305 2177 l.
1411 2155 1473 2184 702

147 2204 218 2224 rem
235 2191 309 2224 add.
327 2192 467 2232 Pylades
484 2193 531 2234 (A
553 2203 583 2224 n.
602 2192 641 2231 l.)
741 2200 805 2230 703
829 2191 931 2221 diden
956 2190 990 2219 P
1085 2200 1147 2229 704
1172 2189 1229 2230 eo]
1249 2199 1314 2229 ego
1330 2188 1363 2219 A
1383 2189 1473 2227 (cum

146 2237 242 2275 PBD)
334 2245 396 2275 705
419 2235 448 2267 is
464 2241 498 2267 te
517 2234 677 2278 (Merula)
696 2234 737 2265 ob
754 2244 828 2265 eam
845 2244 916 2264 rem
933 2232 1046 2263 Goetz:
1073 2233 1137 2263 iste
1149 2232 1309 2264 aboreP:
1335 2233 1418 2272 istaa
1431 2251 1472 2254 —

147 2281 180 2311 A
198 2280 300 2320 :sort.
321 2279 351 2310 is
370 2279 462 2311 fabre
480 2284 515 2310 te
618 2278 728 2310 minas
744 2278 776 2309 Β
907 2279 972 2316 706
994 2276 1073 2307 ludo
1089 2276 1122 2307 P
1251 2286 1315 2315 710
1337 2286 1422 2315 quor
1437 2275 1470 2305 A

147 2324 215 2363 inp.
234 2334 300 2355 om.
319 2323 354 2354 P
