1742 2718
42 462 128 506 584a

65 526 126 569 585

65 918 132 955 590

67 1364 131 1401 595

68 1486 134 1530 596

69 1625 134 1662 597

70 1749 135 1794 598

632 75 987 115 MENAECHMI
1403 69 1473 106 IV,
1493 65 1525 104 ii

470 188 657 228 sollicitos
678 195 864 238 patronos
884 185 1044 223 habent.

148 260 284 297 datum
306 259 503 306 denegant
523 254 632 304 quod
652 254 789 292 datum
810 258 879 297 est,
901 249 1027 288 litium
1048 246 1166 298 pleni,
1189 259 1348 296 rapaces

524 318 610 367 uiri,
630 315 879 362 fraudulenti,

149 388 214 438 qui
236 395 303 426 aut
324 389 482 425 faenore
501 391 568 423 aut
587 381 759 434 peiiuriis
780 382 927 420 habent
948 393 1028 418 rem
1050 385 1236 429 paratam,

524 462 634 488 mens
655 455 713 486 est
735 447 774 485 in
795 459 874 496 quo
933 460 950 479 *

203 518 257 556 eis
279 517 346 555 ubi
366 516 509 555 dicitur
527 514 623 561 dies,
646 513 761 551 simul
782 510 956 562 patronis
978 509 1131 556 dicitur,

364 581 510 632 quippe
531 579 597 629 qui
618 592 688 629 pro
709 577 783 616 illis
803 575 1001 626 loquimur
1021 588 1123 624 quae
1142 574 1245 612 male
1265 573 1442 611 fecerunt
1461 586 1468 609 :

310 654 376 686 aut
396 647 447 685 ad
467 646 658 696 populum
679 650 747 681 aut
766 642 806 680 in
827 641 909 680 iure
929 648 996 679 aut
1016 641 1067 678 ad
1088 639 1260 677 iudicem
1280 645 1367 676 rest.

150 713 250 751 sicut
271 726 334 750 me
353 710 474 750 hodie
493 709 600 748 nimi’
621 707 833 747 sollicitum
853 705 976 745 cliens
996 704 1160 755 quidam
1180 702 1319 741 habuit
1338 715 1469 752 neque

561 819 565 822 ,
1242 769 1350 818 quod
1371 766 1480 806 uolui

203 856 318 893 agere
336 849 404 880 aut
423 840 584 890 quicum
605 838 804 884 licitumst,
826 836 880 874 ita
899 836 992 874 med
1011 834 1154 881 attinit,
1174 833 1228 872 ita
1247 832 1397 872 detinit.

149 908 257 958 apud
276 906 414 945 aedilis
434 919 505 956 pro
525 904 608 944 eius
629 902 740 942 factis
761 900 1033 953 plurumisque
1054 898 1328 950 pessumisque

150 971 278 1011 deixei
298 984 491 1018 caussam,
506 968 762 1009 condiciones
783 966 895 1006 tetuli
915 973 1045 1012 tortas,
1068 966 1341 1014 confragosas:

150 1044 218 1076 aut
236 1038 325 1087 plus
344 1043 412 1075 aut
431 1034 553 1074 minu'
575 1047 695 1085 quam
717 1046 816 1084 opus
837 1038 918 1071 erat
938 1032 1046 1070 dicto
1067 1029 1241 1069 dixeram
1257 1029 1483 1067 controuor-

1308 1093 1420 1141 siam,
1440 1101 1481 1132 ut

367 1166 528 1218 sponsio
549 1167 669 1204 fieret.
728 1163 825 1214 quid
844 1162 896 1201 ill'
917 1161 985 1213 qui
1005 1162 1191 1212 praedem
1213 1159 1353 1199 dedit?

153 1247 227 1272 nec
247 1233 369 1284 magis
390 1233 656 1270 manufestum
677 1243 750 1280 ego
770 1227 975 1268 hominem
1002 1230 1191 1276 umquam
1215 1226 1340 1263 ullum
1360 1223 1484 1263 teneri

1378 1288 1461 1328 uidi
1477 1304 1485 1327 :

153 1352 339 1392 omnibus
359 1353 461 1390 male
480 1350 591 1389 factis
612 1357 730 1388 testes
750 1356 827 1387 tres
846 1349 1010 1386 aderant
1029 1344 1231 1385 acerrumi.

422 1416 463 1455 di
483 1415 593 1454 illum
613 1428 752 1454 omnes
772 1414 950 1464 perdant,
973 1412 1027 1450 ita
1046 1410 1143 1450 mihi

421 1483 528 1520 hunc
547 1480 668 1520 hodie
687 1478 902 1529 corrumpit
922 1477 1040 1524 diem,

423 1560 566 1597 meque
585 1547 698 1592 adeo,
721 1546 789 1595 qui
809 1543 928 1583 hodie
949 1544 1077 1581 forum

422 1624 612 1662 umquam
632 1609 756 1649 oculis
776 1608 927 1659 inspexi
947 1607 1056 1646 meis.

423 1676 530 1716 diem
551 1675 706 1726 corrupi
732 1674 736 1727 Ι
763 1681 996 1725 optumum:

424 1741 519 1780 iussi
538 1740 715 1792 apparari
734 1738 955 1790 prandium,

424 1807 552 1846 amica.
571 1813 770 1857 exspectat
790 1819 867 1852 me,
887 1803 979 1843 scio.

201 1914 262 1953 582
286 1912 395 1952 pleni.
409 1922 423 1950 r
436 1935 443 1942 .
463 1934 470 1941 .
486 1910 550 1950 atis
566 1909 599 1939 A
691 1911 770 1948 584²
797 1918 912 1951 mense
925 1908 960 1938 in
978 1917 1046 1947 quo
1063 1906 1112 1937 ire
1129 1905 1180 1936 P:
1202 1924 1244 1928 —
1262 1905 1385 1945 nquola
1398 1923 1440 1928 -
1453 1905 1486 1935 A

158 1958 222 1996 585
248 1956 304 1986 Lis
323 1955 437 1997 [uiris]
455 1953 545 2003 P-(L
558 1958 619 1994 pro
636 1952 680 1992 E)
786 1953 850 1991 586
872 1953 1053 1992 loquantur
1065 1950 1097 1981 Ρ
1112 1950 1227 1990 (loqua
1239 1962 1256 1977 ÷÷
1272 1962 1288 1977 κ
1302 1948 1366 1989 131)
1380 1960 1387 1981 :
1401 1950 1483 1988 fort.

158 2001 331 2041 loquamur
397 1998 541 2029 fecerint
556 1996 590 2026 P
640 2006 771 2027 versum
787 1995 855 2027 secl.
875 1995 1054 2025 Hermann
1151 1993 1214 2031 587
1238 1993 1326 2032 apud
1342 1992 1487 2023 aedilem

158 2054 213 2074 res
234 2047 285 2074 est
300 2042 334 2073 A
353 2043 467 2081 (anap.
488 2040 568 2072 dim.
587 2050 662 2070 cum
684 2040 749 2070 colo
766 2039 938 2075 Reiziano,
957 2041 994 2068 ut
1012 2036 1090 2076 vid.)
1100 2037 1181 2076 sort.
1208 2040 1291 2075 recte,
1314 2046 1394 2066 nam
1415 2041 1487 2066 rest

159 2088 227 2126 (res
245 2091 297 2117 est
313 2086 413 2117 etiam
429 2084 474 2124 P>
491 2087 675 2123 suspectum
813 2083 878 2122 588
902 2082 1002 2112 minis
1021 2080 1055 2111 P
1191 2080 1255 2119 589
1279 2084 1335 2110 aut
1351 2079 1485 2118 quicum

158 2130 300 2160 Ritschl:
325 2129 369 2168 ait
385 2138 431 2167 qu
449 2151 455 2159 .
473 2137 573 2168 quam
594 2127 628 2156 A
649 2127 682 2167 (i.
697 2137 722 2158 e.
741 2126 806 2157 hau
833 2124 1030 2166 quiquam'l)
1047 2136 1053 2155 :
1080 2124 1213 2163 quicum
1240 2122 1274 2152 P
1350 2123 1487 2153 attinuit

158 2174 204 2205 ita
227 2172 369 2204 detinuit
385 2171 418 2201 P
433 2170 547 2213 (anap.
567 2170 755 2210 septenam),
771 2169 804 2200 A
819 2180 850 2200 n.
867 2170 886 2199 l.
1035 2177 1100 2207 590
1123 2177 1185 2207 pro
1202 2166 1289 2208 eius]
1307 2165 1446 2205 proeliis
1458 2165 1490 2196 Ρ

159 2217 252 2258 (corr.
268 2215 333 2256 B2)
458 2224 519 2255 591
546 2214 651 2245 detuli
663 2211 749 2243 AB2
875 2222 939 2252 592
963 2222 1028 2251 qua
1039 2212 1072 2242 A
1144 2210 1254 2241 fuerat
1265 2210 1299 2240 A
1381 2208 1488 2248 dicto]

158 2261 263 2291 multo
279 2259 312 2290 P
417 2259 467 2289 vel
480 2258 702 2289 controrsiam
826 2265 892 2296 593
916 2255 966 2287 vel
979 2255 1045 2286 illic
1169 2254 1329 2294 praedam
1347 2252 1421 2283 PCD
1437 2251 1487 2282 B2

159 2314 223 2344 594
237 2303 317 2343 sort.
343 2312 522 2342 numquam
611 2301 706 2331 illum
726 2299 760 2331 A
851 2300 954 2339 deficit
968 2299 1001 2329 A
1025 2308 1125 2338 usque
1143 2298 1190 2328 ad
1198 2301 1229 2329 ‘v.
1250 2306 1332 2336 1005
1422 2297 1488 2335 596

160 2347 310 2387 corrupit
325 2345 374 2377 B²
470 2355 533 2386 597
551 2344 628 2376 miis
643 2343 709 2376 cod.
731 2344 882 2383 (antiqua
887 2342 1021 2384 forma)
1115 2343 1196 2382 597²
1219 2340 1368 2380 corrupit
1385 2338 1489 2370 Bothe

1500 457 1538 489 15

1501 843 1541 867 20

1506 1233 1544 1265 25

1506 1620 1548 1652 30
