1742 2718
682 66 943 105 EPIDICVS
1430 63 1482 99 ΙΙ.
1503 62 1534 99 ii

158 180 393 230 nuptiarum,
417 192 466 217 ne
486 184 668 228 grauetur
689 177 797 226 quod
819 175 925 214 uelis.
987 175 1057 211 PE.
1087 172 1178 211 uiue
1199 172 1302 222 sapis

159 254 197 284 et
218 247 355 296 placet.
416 246 484 282 ΕΡ.
518 251 602 281 tum
624 250 664 280 tu
686 242 800 291 igitur
819 240 946 279 calide
967 238 1163 289 quidquid
1183 238 1350 276 acturu’s
1371 250 1451 286 age.

72 313 137 357 285
163 312 230 348 PE.
263 310 343 348 re'm
361 310 490 348 hercle
506 309 676 358 loquere.
730 308 799 344 ΕΡ.
833 313 871 344 et
887 303 1039 355 repperi
1055 304 1152 342 haec
1169 310 1206 341 te
1223 303 1291 352 qui
1305 301 1492 351 apscedat

1308 365 1489 415 suspicio.

167 441 231 477 PE.
263 439 348 477 sine
376 452 438 477 me
465 437 572 477 scire.
635 439 703 474 ΕΡ.
737 435 865 481 scibis,
888 434 991 473 audi.
1052 435 1125 471 ΑΡ.
1157 431 1256 482 sapit
1284 431 1347 469 hic
1373 431 1492 480 pleno
1516 441 1574 472 105

1321 503 1489 546 pectore.

164 571 233 607 ΕΡ.
266 583 365 619 opus
387 576 443 607 est
464 568 624 606 homine
645 567 710 617 qui
734 567 799 604 illo
819 572 1025 614 argentum
1046 564 1194 602 deferat
1221 574 1290 611 pro
1311 560 1496 607 fidicina3

164 648 255 672 nam
283 642 321 672 te
348 636 440 671 nolo
474 647 602 683 neque
627 634 716 682 opu'
744 633 896 669 factost.
956 631 1025 667 PE.
1056 628 1152 678 quid
1179 627 1286 664 iam?
1344 627 1412 663 ΕΡ.
1445 638 1495 662 ne

1279 698 1316 728 te
1337 697 1495 728 censeat

166 764 219 802 fili
243 777 381 802 caussa
406 765 657 801 facere—PF..
691 763 832 800 docte!
892 762 961 798 ΕΡ.
993 771 1074 808 quo
1104 757 1211 795 illum
1241 756 1293 794 ab
1319 755 1383 792 illa
1412 768 1496 804 pro-

575 820 578 823 ’
1336 820 1495 858 hibeas:

81 905 150 941 290
168 908 218 932 ne
238 907 316 944 qua
336 894 389 932 ob
409 907 495 932 eam
516 892 782 943 suspicionem
804 890 1012 929 difficultas
1033 894 1185 926 euenat.

170 961 237 997 PE.
269 958 388 1009 quern
415 958 617 996 hominem
646 955 894 995 inueniemus
913 955 965 992 ad
985 966 1072 992 eam
1100 965 1181 991 rem
1202 950 1368 989 utilem?
1426 951 1495 988 ΕΡ.
1524 962 1583 984 110

1125 1017 1188 1055 hic
1209 1016 1279 1054 erit
1299 1023 1496 1066 optumus,

169 1089 233 1127 hic
253 1088 394 1139 poterit
414 1102 552 1128 cauere
573 1095 687 1134 recte,
710 1086 793 1124 iura
812 1086 880 1136 qui
900 1092 938 1123 et
958 1086 1062 1133 leges
1083 1089 1200 1121 tenet.

172 1156 239 1192 PE.
276 1153 445 1204 Epidico
478 1152 625 1191 habeas
657 1151 830 1202 gratiam.
903 1151 972 1187 ΕΡ.
1010 1149 1079 1187 sed
1114 1160 1187 1197 ego
1225 1146 1324 1184 istuc
1358 1145 1499 1183 faciam

1336 1211 1474 1249 sedulo
1491 1225 1498 1248 :

169 1297 242 1334 ego
276 1283 384 1322 illum
418 1282 654 1322 conueniam
683 1289 802 1331 atque
830 1281 1028 1319 adducam
1063 1279 1140 1316 huc
1169 1278 1220 1316 ad
1251 1284 1298 1323 te,
1331 1275 1499 1326 quoiiast

1328 1340 1498 1387 fidicina,

86 1428 151 1465 295
172 1423 290 1465 atque
309 1422 513 1466 argentum
534 1428 607 1464 ego
627 1427 717 1452 cum
738 1414 815 1451 hoc
830 1413 961 1450 feram.
1016 1411 1086 1448 PE.
1118 1407 1254 1459 quanti
1275 1407 1352 1446 emi
1372 1413 1502 1457 potest

1003 1475 1198 1514 minimo?
1256 1475 1325 1528 Ep:
1356 1472 1502 1510 illane?

171 1548 222 1585 ad
242 1546 499 1597 quadraginta
518 1547 680 1584 fortasse
700 1557 787 1583 eam
808 1543 924 1593 posse
944 1540 1022 1579 emi
1044 1539 1209 1577 minimo
1230 1537 1356 1576 minis.
1523 1545 1581 1577 115

173 1627 310 1651 uerum
330 1612 362 1651 si
382 1613 469 1662 plus
489 1610 644 1650 dederis
664 1611 838 1656 referam,
861 1607 960 1645 nihil
980 1606 1021 1644 in
1043 1618 1089 1644 ea
1110 1618 1150 1642 re
1171 1602 1348 1653 captiost.

172 1686 290 1728 atque
310 1677 351 1716 id
372 1690 452 1715 non
472 1678 612 1715 decem
632 1681 870 1724 occupatum
890 1671 962 1710 tibi
984 1670 1055 1709 erit
1075 1676 1281 1719 argentum
1302 1667 1395 1706 dies.

174 1745 243 1785 PE.
275 1742 470 1793 quidum?
527 1743 596 1779 ΕΡ.
628 1739 720 1790 quia
745 1738 851 1778 enim
882 1736 1085 1775 mulierem
1115 1733 1213 1772 alius
1240 1732 1347 1770 illam
1375 1732 1504 1770 adule-

1209 1811 1322 1836 scens
1342 1796 1502 1847 deperit,

88 1886 156 1922 300
172 1887 268 1912 auro
287 1874 508 1924 opulentus,
531 1884 695 1922 magnus
715 1870 827 1909 miles
849 1867 1044 1914 Rhodius,
1069 1873 1199 1916 raptor
1221 1863 1408 1909 hostium,

173 1939 364 1991 gloriosus
383 1955 390 1977 :
420 1938 484 1976 hic
504 1945 608 1976 emet
627 1936 734 1974 illam
754 1937 805 1974 de
824 1943 863 1974 te
883 1941 921 1973 et
942 1932 1051 1972 dabit
1073 1943 1210 1970 aurum
1232 1929 1382 1967 lubens.
1527 1940 1588 1962 120

221 2045 286 2074 288
309 2054 386 2074 narn
402 2043 472 2074 telo
488 2053 556 2073 non
580 2053 668 2082 eque
690 2052 777 2082 opus
793 2040 859 2072 cod.
880 2040 928 2081 (ii.
950 2039 1005 2080 73:
1033 2048 1110 2069 corr.
1135 2036 1259 2076 Ussing
1348 2044 1392 2064 ne
1407 2032 1482 2064 Ital.
1499 2043 1507 2063 z

179 2097 242 2118 nec
265 2086 330 2118 cod.
479 2096 542 2126 293
567 2085 707 2125 Epidico
739 2084 877 2125 Ussing:
910 2083 1042 2123 epidice
1070 2080 1135 2112 cod.
1231 2079 1341 2110 habeo
1375 2077 1509 2108 Guietus

179 2142 244 2171 294
260 2131 376 2171 atque]
394 2141 535 2170 eamque
551 2129 647 2161 Goetz
719 2129 811 2159 hunc
827 2128 869 2159 ad
887 2137 963 2157 eum
985 2125 1128 2164 Ussing:
1153 2124 1245 2154 hunc
1263 2122 1306 2152 ab
1319 2126 1354 2152 te
1369 2119 1509 2150 Redslob

180 2174 285 2215 (Berl.
300 2173 391 2206 Phil.
410 2173 517 2205 Woch.
536 2184 588 2214 22,
609 2174 690 2213 552)
804 2173 869 2210 296
892 2170 992 2201 minis
1007 2168 1148 2207 Bentley,
1173 2165 1378 2197 Gronovius:
1401 2163 1508 2194 minas

179 2217 249 2248 cod.
365 2219 429 2258 298
453 2218 569 2248 decem
585 2217 661 2248 Ital.
679 2229 686 2247 :
710 2216 807 2246 decet
824 2214 889 2246 cod.
1018 2221 1083 2251 299
1106 2210 1196 2241 illam
1213 2209 1298 2240 alius
1315 2207 1380 2238 cod.
1402 2218 1409 2238 ε
1434 2206 1509 2236 trai.

180 2260 285 2292 Bothe
414 2271 479 2300 30⁰
500 2261 551 2291 vel
561 2262 606 2291 sic
620 2259 783 2299 distingue
798 2267 948 2297 magum,
968 2256 1066 2287 miles
1187 2262 1250 2292 301
1277 2251 1349 2292 hic]
1366 2251 1395 2281 is
1411 2249 1506 2288 Brix,

171 2305 254 2344 sort.
269 2309 346 2336 recte
432 2304 552 2335 lubens
568 2304 707 2336 Gruter:
731 2302 848 2334 iubeas
863 2299 928 2332 cod.
