<?xml version="1.0" encoding="UTF-8"?>
<!DOCTYPE html PUBLIC "-//W3C//DTD XHTML 1.0 Transitional//EN"
    "http://www.w3.org/TR/xhtml1/DTD/xhtml1-transitional.dtd">
<html xmlns="http://www.w3.org/1999/xhtml" xml:lang="en" lang="en">
 <head>
  <title>
</title>
<meta http-equiv="Content-Type" content="text/html;charset=utf-8" />
  <meta name='ocr-system' content='tesseract 3.04.00' />
  <meta name='ocr-capabilities' content='ocr_page ocr_carea ocr_par ocr_line ocrx_word'/>
</head>
<body>
  <div class='ocr_page' id='page_1' title='image "./tmacciplauticomo01plauuoft_0244.png"; bbox 0 0 1814 2723; ppageno 0'>
   <div class='ocr_carea' id='block_1_1' title="bbox 165 46 1184 92">
    <p class='ocr_par' dir='ltr' id='par_1_1' title="bbox 165 46 1184 92">
     <span class='ocr_line' id='line_1_1' title="bbox 165 46 1184 92; baseline -0.009 0"><span class='ocrx_word' id='word_1_1' title='bbox 165 54 311 92; x_wconf 83' lang='lat' dir='ltr'>111.iv</span> <span class='ocrx_word' id='word_1_2' title='bbox 688 50 734 88; x_wconf 94' lang='lat' dir='ltr'>T.</span> <span class='ocrx_word' id='word_1_3' title='bbox 768 47 948 87; x_wconf 92' lang='lat' dir='ltr'>MACCI</span> <span class='ocrx_word' id='word_1_4' title='bbox 980 46 1184 84; x_wconf 91' lang='lat' dir='ltr'><strong>PLAVTI</strong></span> 
     </span>
    </p>
   </div>
   <div class='ocr_carea' id='block_1_2' title="bbox 183 152 1681 470">
    <p class='ocr_par' dir='ltr' id='par_1_2' title="bbox 183 152 1681 470">
     <span class='ocr_line' id='line_1_2' title="bbox 183 152 1461 204; baseline -0.009 -4"><span class='ocrx_word' id='word_1_5' title='bbox 183 178 244 199; x_wconf 88' lang='lat'>120</span> <span class='ocrx_word' id='word_1_6' title='bbox 266 163 346 200; x_wconf 82' lang='lat' dir='ltr'>HE.</span> <span class='ocrx_word' id='word_1_7' title='bbox 380 160 480 199; x_wconf 88' lang='lat' dir='ltr'>satin</span> <span class='ocrx_word' id='word_1_8' title='bbox 502 160 594 198; x_wconf 89' lang='lat' dir='ltr'>med</span> <span class='ocrx_word' id='word_1_9' title='bbox 614 158 669 196; x_wconf 91' lang='lat' dir='ltr'>illi</span> <span class='ocrx_word' id='word_1_10' title='bbox 689 156 809 195; x_wconf 88' lang='lat' dir='ltr'>hodie</span> <span class='ocrx_word' id='word_1_11' title='bbox 830 154 984 194; x_wconf 86' lang='lat' dir='ltr'>scelesti</span> <span class='ocrx_word' id='word_1_12' title='bbox 1003 154 1107 204; x_wconf 89' lang='lat' dir='ltr'>capti</span> <span class='ocrx_word' id='word_1_13' title='bbox 1127 159 1315 203; x_wconf 88' lang='lat' dir='ltr'>ceperunt</span> <span class='ocrx_word' id='word_1_14' title='bbox 1335 152 1461 190; x_wconf 90' lang='lat' dir='ltr'>dolo?</span> 
     </span>
     <span class='ocr_line' id='line_1_3' title="bbox 263 217 1415 267; baseline -0.01 -2"><span class='ocrx_word' id='word_1_15' title='bbox 263 227 341 265; x_wconf 93' lang='lat' dir='ltr'>illic</span> <span class='ocrx_word' id='word_1_16' title='bbox 362 238 518 264; x_wconf 91' lang='lat' dir='ltr'>seruom</span> <span class='ocrx_word' id='word_1_17' title='bbox 539 238 580 263; x_wconf 91' lang='lat' dir='ltr'>se</span> <span class='ocrx_word' id='word_1_18' title='bbox 600 221 874 267; x_wconf 79' lang='lat' dir='ltr'>adsimulabat,</span> <span class='ocrx_word' id='word_1_19' title='bbox 897 219 961 257; x_wconf 87' lang='lat' dir='ltr'>hic</span> <span class='ocrx_word' id='word_1_20' title='bbox 982 232 1066 257; x_wconf 91' lang='lat' dir='ltr'>sese</span> <span class='ocrx_word' id='word_1_21' title='bbox 1085 226 1216 256; x_wconf 88' lang='lat' dir='ltr'>autem</span> <span class='ocrx_word' id='word_1_22' title='bbox 1237 217 1415 255; x_wconf 88' lang='lat' dir='ltr'>liberum.</span> 
     </span>
     <span class='ocr_line' id='line_1_4' title="bbox 262 280 1681 336; baseline -0.01 -6"><span class='ocrx_word' id='word_1_23' title='bbox 262 292 477 329; x_wconf 78' lang='lat' dir='ltr'>nuculeum</span> <span class='ocrx_word' id='word_1_24' title='bbox 497 288 621 334; x_wconf 87' lang='lat' dir='ltr'>amisi,</span> <span class='ocrx_word' id='word_1_25' title='bbox 644 285 782 336; x_wconf 84' lang='lat' dir='ltr'>reliqui</span> <span class='ocrx_word' id='word_1_26' title='bbox 802 283 952 335; x_wconf 86' lang='lat' dir='ltr'>pigneri</span> <span class='ocrx_word' id='word_1_27' title='bbox 972 282 1186 333; x_wconf 83' lang='lat' dir='ltr'>putamina.</span> <span class='ocrx_word' id='word_1_28' title='bbox 1615 280 1681 326; x_wconf 85' lang='grc'>655</span> 
     </span>
     <span class='ocr_line' id='line_1_5' title="bbox 263 345 1405 394; baseline -0.01 0"><span class='ocrx_word' id='word_1_29' title='bbox 263 356 317 394; x_wconf 89' lang='lat' dir='ltr'>ita</span> <span class='ocrx_word' id='word_1_30' title='bbox 337 355 433 393; x_wconf 89' lang='lat' dir='ltr'>mihi</span> <span class='ocrx_word' id='word_1_31' title='bbox 453 353 596 392; x_wconf 77' lang='lat' dir='ltr'>stolido</span> <span class='ocrx_word' id='word_1_32' title='bbox 618 364 752 390; x_wconf 89' lang='lat' dir='ltr'>susum</span> <span class='ocrx_word' id='word_1_33' title='bbox 772 362 932 388; x_wconf 89' lang='lat' dir='ltr'>uorsum</span> <span class='ocrx_word' id='word_1_34' title='bbox 954 361 997 386; x_wconf 90' lang='lat' dir='ltr'>os</span> <span class='ocrx_word' id='word_1_35' title='bbox 1018 348 1223 386; x_wconf 86' lang='lat' dir='ltr'>subleuere</span> <span class='ocrx_word' id='word_1_36' title='bbox 1243 345 1405 384; x_wconf 86' lang='lat' dir='ltr'>offuciis.</span> 
     </span>
     <span class='ocr_line' id='line_1_6' title="bbox 264 410 1598 470; baseline -0.009 -11"><span class='ocrx_word' id='word_1_37' title='bbox 264 420 491 470; x_wconf 86' lang='lat' dir='ltr'>hicquidem</span> <span class='ocrx_word' id='word_1_38' title='bbox 508 432 571 456; x_wconf 90' lang='lat' dir='ltr'>me</span> <span class='ocrx_word' id='word_1_39' title='bbox 588 429 806 466; x_wconf 79' lang='lat' dir='ltr'>numquam</span> <span class='ocrx_word' id='word_1_40' title='bbox 820 413 1014 452; x_wconf 83' lang='lat' dir='ltr'>inridebit.</span> <span class='ocrx_word' id='word_1_41' title='bbox 1043 413 1232 462; x_wconf 83' lang='lat' dir='ltr'>Colaphe⁷</span> <span class='ocrx_word' id='word_1_42' title='bbox 1249 410 1448 457; x_wconf 84' lang='lat' dir='ltr'>CordaIio,</span> <span class='ocrx_word' id='word_1_43' title='bbox 1459 410 1598 456; x_wconf 87' lang='lat' dir='ltr'>Corax,</span> 
     </span>
    </p>
   </div>
   <div class='ocr_carea' id='block_1_3' title="bbox 186 484 739 531">
    <p class='ocr_par' dir='ltr' id='par_1_3' title="bbox 186 484 739 531">
     <span class='ocr_line' id='line_1_7' title="bbox 186 484 739 531; baseline -0.011 -6"><span class='ocrx_word' id='word_1_44' title='bbox 186 498 245 529; x_wconf 89' lang='lat'>125</span> <span class='ocrx_word' id='word_1_45' title='bbox 266 487 317 524; x_wconf 88' lang='lat' dir='ltr'>ite</span> <span class='ocrx_word' id='word_1_46' title='bbox 338 485 463 531; x_wconf 86' lang='lat' dir='ltr'>istinc,</span> <span class='ocrx_word' id='word_1_47' title='bbox 485 485 627 521; x_wconf 85' lang='lat' dir='ltr'>ecferte</span> <span class='ocrx_word' id='word_1_48' title='bbox 648 484 739 520; x_wconf 86' lang='lat' dir='ltr'>lora.</span> 
     </span>
    </p>
   </div>
   <div class='ocr_carea' id='block_1_4' title="bbox 782 570 1082 607">
    <p class='ocr_par' dir='ltr' id='par_1_4' title="bbox 782 570 1082 607">
     <span class='ocr_line' id='line_1_8' title="bbox 782 570 1082 607; baseline -0.013 0"><span class='ocrx_word' id='word_1_49' title='bbox 782 570 1082 607; x_wconf 77' lang='lat' dir='ltr'>COLAPHvs</span> 
     </span>
    </p>
   </div>
   <div class='ocr_carea' id='block_1_5' title="bbox 762 640 1322 693">
    <p class='ocr_par' dir='ltr' id='par_1_5' title="bbox 762 640 1322 693">
     <span class='ocr_line' id='line_1_9' title="bbox 762 640 1322 693; baseline -0.009 -11"><span class='ocrx_word' id='word_1_50' title='bbox 762 645 870 682; x_wconf 90' lang='lat' dir='ltr'>Num</span> <span class='ocrx_word' id='word_1_51' title='bbox 891 643 1081 693; x_wconf 82' lang='lat' dir='ltr'>lignatum</span> <span class='ocrx_word' id='word_1_52' title='bbox 1103 640 1322 679; x_wconf 85' lang='lat' dir='ltr'>mittimur?</span> 
     </span>
    </p>
   </div>
   <div class='ocr_carea' id='block_1_6' title="bbox 218 726 1530 773">
    <p class='ocr_par' dir='ltr' id='par_1_6' title="bbox 218 726 1530 773">
     <span class='ocr_line' id='line_1_10' title="bbox 218 726 1530 773; baseline -0.011 -1"><span class='ocrx_word' id='word_1_53' title='bbox 218 748 248 773; x_wconf 93' lang='lat' dir='ltr'>v</span> <span class='ocrx_word' id='word_1_54' title='bbox 336 733 522 769; x_wconf 80' lang='lat' dir='ltr'>HEG1o</span> <span class='ocrx_word' id='word_1_55' title='bbox 632 730 939 766; x_wconf 69' lang='lat' dir='ltr'>TYNDARvs</span> <span class='ocrx_word' id='word_1_56' title='bbox 1049 726 1530 762; x_wconf 82' lang='lat' dir='ltr'>ARISTOPHONTES</span> 
     </span>
    </p>
   </div>
   <div class='ocr_carea' id='block_1_7' title="bbox 213 800 1696 1960">
    <p class='ocr_par' dir='ltr' id='par_1_7' title="bbox 213 800 1696 1960">
     <span class='ocr_line' id='line_1_11' title="bbox 270 800 1088 850; baseline -0.01 -5"><span class='ocrx_word' id='word_1_57' title='bbox 270 809 350 845; x_wconf 83' lang='lat' dir='ltr'>HE.</span> <span class='ocrx_word' id='word_1_58' title='bbox 384 806 525 844; x_wconf 90' lang='lat' dir='ltr'>Inicite</span> <span class='ocrx_word' id='word_1_59' title='bbox 545 804 637 842; x_wconf 91' lang='lat' dir='ltr'>huic</span> <span class='ocrx_word' id='word_1_60' title='bbox 657 803 832 841; x_wconf 86' lang='lat' dir='ltr'>manicas</span> <span class='ocrx_word' id='word_1_61' title='bbox 854 800 1088 850; x_wconf 78' lang='lat' dir='ltr'>*mastigiae</span> 
     </span>
     <span class='ocr_line' id='line_1_12' title="bbox 268 864 1692 922; baseline -0.008 -11"><span class='ocrx_word' id='word_1_62' title='bbox 268 874 340 910; x_wconf 78' lang='lat' dir='ltr'>Tv.</span> <span class='ocrx_word' id='word_1_63' title='bbox 373 871 468 922; x_wconf 86' lang='lat' dir='ltr'>quid</span> <span class='ocrx_word' id='word_1_64' title='bbox 488 872 566 908; x_wconf 90' lang='lat' dir='ltr'>hoc</span> <span class='ocrx_word' id='word_1_65' title='bbox 586 869 644 908; x_wconf 78' lang='lat' dir='ltr'>est</span> <span class='ocrx_word' id='word_1_66' title='bbox 664 867 826 917; x_wconf 86' lang='lat' dir='ltr'>negoti?</span> <span class='ocrx_word' id='word_1_67' title='bbox 855 866 952 916; x_wconf 88' lang='lat' dir='ltr'>quid</span> <span class='ocrx_word' id='word_1_68' title='bbox 973 879 1046 915; x_wconf 84' lang='lat' dir='ltr'>ego</span> <span class='ocrx_word' id='word_1_69' title='bbox 1066 864 1248 914; x_wconf 76' lang='lat' dir='ltr'>deliqui?</span> <span class='ocrx_word' id='word_1_70' title='bbox 1306 865 1385 901; x_wconf 90' lang='grc' dir='ltr'>ΗΕ.</span> <span class='ocrx_word' id='word_1_71' title='bbox 1418 875 1541 911; x_wconf 46' lang='lat' dir='ltr'>rogas</span> <span class='ocrx_word' id='word_1_72' title='bbox 1620 866 1692 900; x_wconf 91' lang='grc' dir='ltr'>66ο</span> 
     </span>
     <span class='ocr_line' id='line_1_13' title="bbox 268 931 1267 985; baseline -0.009 -9"><span class='ocrx_word' id='word_1_73' title='bbox 268 946 372 976; x_wconf 79' lang='lat' dir='ltr'>sator</span> <span class='ocrx_word' id='word_1_74' title='bbox 392 944 592 985; x_wconf 85' lang='lat' dir='ltr'>sartorque</span> <span class='ocrx_word' id='word_1_75' title='bbox 613 935 805 972; x_wconf 87' lang='lat' dir='ltr'>scelerum</span> <span class='ocrx_word' id='word_1_76' title='bbox 826 940 864 971; x_wconf 89' lang='lat' dir='ltr'>et</span> <span class='ocrx_word' id='word_1_77' title='bbox 885 944 1035 970; x_wconf 82' lang='lat' dir='ltr'>messor</span> <span class='ocrx_word' id='word_1_78' title='bbox 1054 931 1267 968; x_wconf 86' lang='lat' dir='ltr'>maxume?</span> 
     </span>
     <span class='ocr_line' id='line_1_14' title="bbox 266 995 1203 1046; baseline -0.009 -5"><span class='ocrx_word' id='word_1_79' title='bbox 266 1005 338 1040; x_wconf 66' lang='grc' dir='ltr'>ΤΥ.</span> <span class='ocrx_word' id='word_1_80' title='bbox 371 1015 452 1040; x_wconf 90' lang='lat' dir='ltr'>non</span> <span class='ocrx_word' id='word_1_81' title='bbox 473 1008 697 1039; x_wconf 85' lang='lat' dir='ltr'>occatorem</span> <span class='ocrx_word' id='word_1_82' title='bbox 717 998 849 1037; x_wconf 85' lang='lat' dir='ltr'>dicere</span> <span class='ocrx_word' id='word_1_83' title='bbox 868 997 1044 1035; x_wconf 87' lang='lat' dir='ltr'>audebas</span> <span class='ocrx_word' id='word_1_84' title='bbox 1065 995 1203 1046; x_wconf 87' lang='lat' dir='ltr'>prius?</span> 
     </span>
     <span class='ocr_line' id='line_1_15' title="bbox 229 1059 1282 1116; baseline -0.009 -9"><span class='ocrx_word' id='word_1_85' title='bbox 229 1079 246 1110; x_wconf 84' lang='lat'>5</span> <span class='ocrx_word' id='word_1_86' title='bbox 267 1081 358 1106; x_wconf 83' lang='lat' dir='ltr'>nam</span> <span class='ocrx_word' id='word_1_87' title='bbox 380 1080 534 1116; x_wconf 86' lang='lat' dir='ltr'>semper</span> <span class='ocrx_word' id='word_1_88' title='bbox 554 1072 695 1103; x_wconf 87' lang='lat' dir='ltr'>occant</span> <span class='ocrx_word' id='word_1_89' title='bbox 715 1063 812 1114; x_wconf 88' lang='lat' dir='ltr'>priu&#39;</span> <span class='ocrx_word' id='word_1_90' title='bbox 833 1076 952 1113; x_wconf 91' lang='lat' dir='ltr'>quam</span> <span class='ocrx_word' id='word_1_91' title='bbox 974 1061 1121 1100; x_wconf 88' lang='lat' dir='ltr'>sariunt</span> <span class='ocrx_word' id='word_1_92' title='bbox 1141 1059 1282 1098; x_wconf 89' lang='lat' dir='ltr'>rustici.</span> 
     </span>
     <span class='ocr_line' id='line_1_16' title="bbox 270 1125 1278 1184; baseline -0.009 -12"><span class='ocrx_word' id='word_1_93' title='bbox 270 1135 349 1171; x_wconf 83' lang='lat' dir='ltr'>HE.</span> <span class='ocrx_word' id='word_1_94' title='bbox 381 1130 512 1184; x_wconf 78' lang='lat' dir='ltr'>at&lt;tat&gt;</span> <span class='ocrx_word' id='word_1_95' title='bbox 533 1139 575 1169; x_wconf 89' lang='lat' dir='ltr'>ut</span> <span class='ocrx_word' id='word_1_96' title='bbox 595 1131 842 1169; x_wconf 89' lang='lat' dir='ltr'>confidenter</span> <span class='ocrx_word' id='word_1_97' title='bbox 862 1128 959 1166; x_wconf 87' lang='lat' dir='ltr'>mihi</span> <span class='ocrx_word' id='word_1_98' title='bbox 979 1134 1115 1166; x_wconf 89' lang='lat' dir='ltr'>contra</span> <span class='ocrx_word' id='word_1_99' title='bbox 1134 1125 1278 1164; x_wconf 87' lang='lat' dir='ltr'>astitit!</span> 
     </span>
     <span class='ocr_line' id='line_1_17' title="bbox 267 1189 1692 1242; baseline -0.01 -5"><span class='ocrx_word' id='word_1_100' title='bbox 267 1201 340 1237; x_wconf 70' lang='grc' dir='ltr'>ΤΥ.</span> <span class='ocrx_word' id='word_1_101' title='bbox 373 1199 487 1236; x_wconf 89' lang='lat' dir='ltr'>decet</span> <span class='ocrx_word' id='word_1_102' title='bbox 508 1198 761 1235; x_wconf 89' lang='lat' dir='ltr'>innocentem</span> <span class='ocrx_word' id='word_1_103' title='bbox 783 1195 980 1233; x_wconf 92' lang='lat' dir='ltr'>seruolum</span> <span class='ocrx_word' id='word_1_104' title='bbox 1001 1200 1119 1242; x_wconf 90' lang='lat' dir='ltr'>atque</span> <span class='ocrx_word' id='word_1_105' title='bbox 1139 1190 1343 1229; x_wconf 84' lang='lat' dir='ltr'>innoxium</span> <span class='ocrx_word' id='word_1_106' title='bbox 1623 1189 1692 1233; x_wconf 83' lang='grc'>665</span> 
     </span>
     <span class='ocr_line' id='line_1_18' title="bbox 269 1256 1346 1309; baseline -0.009 -7"><span class='ocrx_word' id='word_1_107' title='bbox 269 1264 537 1302; x_wconf 89' lang='lat' dir='ltr'>confidentem</span> <span class='ocrx_word' id='word_1_108' title='bbox 559 1274 655 1307; x_wconf 89' lang='lat' dir='ltr'>esse,</span> <span class='ocrx_word' id='word_1_109' title='bbox 678 1273 792 1298; x_wconf 91' lang='lat' dir='ltr'>suom</span> <span class='ocrx_word' id='word_1_110' title='bbox 812 1259 919 1309; x_wconf 91' lang='lat' dir='ltr'>apud</span> <span class='ocrx_word' id='word_1_111' title='bbox 943 1271 1053 1296; x_wconf 91' lang='lat' dir='ltr'>erum</span> <span class='ocrx_word' id='word_1_112' title='bbox 1073 1256 1346 1307; x_wconf 88' lang='lat' dir='ltr'>potissumum.</span> 
     </span>
     <span class='ocr_line' id='line_1_19' title="bbox 273 1324 1253 1376; baseline -0.008 -10"><span class='ocrx_word' id='word_1_113' title='bbox 273 1331 353 1366; x_wconf 90' lang='grc' dir='ltr'>ΗΕ.</span> <span class='ocrx_word' id='word_1_114' title='bbox 385 1326 585 1376; x_wconf 86' lang='lat' dir='ltr'>astringite</span> <span class='ocrx_word' id='word_1_115' title='bbox 606 1325 669 1363; x_wconf 90' lang='lat' dir='ltr'>isti</span> <span class='ocrx_word' id='word_1_116' title='bbox 690 1324 800 1363; x_wconf 88' lang='lat' dir='ltr'>sultis</span> <span class='ocrx_word' id='word_1_117' title='bbox 821 1325 1079 1362; x_wconf 85' lang='lat' dir='ltr'>uehementer</span> <span class='ocrx_word' id='word_1_118' title='bbox 1103 1335 1253 1359; x_wconf 88' lang='lat' dir='ltr'>manus.</span> 
     </span>
     <span class='ocr_line' id='line_1_20' title="bbox 213 1386 1322 1440; baseline -0.01 -6"><span class='ocrx_word' id='word_1_119' title='bbox 213 1412 253 1435; x_wconf 87' lang='lat'>10</span> <span class='ocrx_word' id='word_1_120' title='bbox 271 1396 343 1432; x_wconf 73' lang='grc' dir='ltr'>ΤΥ.</span> <span class='ocrx_word' id='word_1_121' title='bbox 376 1401 465 1431; x_wconf 90' lang='lat' dir='ltr'>tuos</span> <span class='ocrx_word' id='word_1_122' title='bbox 486 1405 583 1439; x_wconf 86' lang='lat' dir='ltr'>sum,</span> <span class='ocrx_word' id='word_1_123' title='bbox 606 1399 649 1429; x_wconf 94' lang='lat' dir='ltr'>tu</span> <span class='ocrx_word' id='word_1_124' title='bbox 669 1392 739 1428; x_wconf 89' lang='lat' dir='ltr'>has</span> <span class='ocrx_word' id='word_1_125' title='bbox 760 1389 923 1440; x_wconf 92' lang='lat' dir='ltr'>quidem</span> <span class='ocrx_word' id='word_1_126' title='bbox 944 1389 1007 1427; x_wconf 91' lang='lat' dir='ltr'>uel</span> <span class='ocrx_word' id='word_1_127' title='bbox 1028 1386 1200 1438; x_wconf 87' lang='lat' dir='ltr'>praecidi</span> <span class='ocrx_word' id='word_1_128' title='bbox 1220 1386 1322 1424; x_wconf 87' lang='lat' dir='ltr'>iube.</span> 
     </span>
     <span class='ocr_line' id='line_1_21' title="bbox 271 1450 1374 1509; baseline -0.009 -12"><span class='ocrx_word' id='word_1_129' title='bbox 271 1461 341 1498; x_wconf 91' lang='lat' dir='ltr'>sed</span> <span class='ocrx_word' id='word_1_130' title='bbox 362 1458 458 1509; x_wconf 89' lang='lat' dir='ltr'>quid</span> <span class='ocrx_word' id='word_1_131' title='bbox 477 1456 610 1507; x_wconf 84' lang='lat' dir='ltr'>negoti</span> <span class='ocrx_word' id='word_1_132' title='bbox 630 1457 717 1494; x_wconf 88' lang='lat' dir='ltr'>est?</span> <span class='ocrx_word' id='word_1_133' title='bbox 745 1454 1004 1505; x_wconf 77' lang='lat' dir='ltr'>quamobrem</span> <span class='ocrx_word' id='word_1_134' title='bbox 1025 1464 1230 1490; x_wconf 84' lang='lat' dir='ltr'>suscenses</span> <span class='ocrx_word' id='word_1_135' title='bbox 1248 1450 1374 1488; x_wconf 87' lang='lat' dir='ltr'>mihi?</span> 
     </span>
     <span class='ocr_line' id='line_1_22' title="bbox 273 1515 1696 1574; baseline -0.008 -11"><span class='ocrx_word' id='word_1_136' title='bbox 273 1527 354 1563; x_wconf 86' lang='lat' dir='ltr'>HE.</span> <span class='ocrx_word' id='word_1_137' title='bbox 385 1523 477 1574; x_wconf 88' lang='lat' dir='ltr'>quia</span> <span class='ocrx_word' id='word_1_138' title='bbox 498 1536 561 1561; x_wconf 91' lang='lat' dir='ltr'>me</span> <span class='ocrx_word' id='word_1_139' title='bbox 581 1534 790 1570; x_wconf 89' lang='lat' dir='ltr'>meamque</span> <span class='ocrx_word' id='word_1_140' title='bbox 810 1533 905 1567; x_wconf 83' lang='lat' dir='ltr'>rem,</span> <span class='ocrx_word' id='word_1_141' title='bbox 927 1519 1035 1569; x_wconf 90' lang='lat' dir='ltr'>quod</span> <span class='ocrx_word' id='word_1_142' title='bbox 1056 1517 1096 1555; x_wconf 90' lang='lat' dir='ltr'>in</span> <span class='ocrx_word' id='word_1_143' title='bbox 1117 1524 1154 1555; x_wconf 84' lang='lat' dir='ltr'>te</span> <span class='ocrx_word' id='word_1_144' title='bbox 1174 1529 1255 1554; x_wconf 93' lang='lat' dir='ltr'>uno</span> <span class='ocrx_word' id='word_1_145' title='bbox 1275 1515 1358 1562; x_wconf 84' lang='lat' dir='ltr'>fuit,</span> <span class='ocrx_word' id='word_1_146' title='bbox 1625 1518 1696 1562; x_wconf 91' lang='lat'>670</span> 
     </span>
     <span class='ocr_line' id='line_1_23' title="bbox 271 1583 944 1634; baseline -0.01 -6"><span class='ocrx_word' id='word_1_147' title='bbox 271 1589 347 1628; x_wconf 90' lang='lat' dir='ltr'>tuis</span> <span class='ocrx_word' id='word_1_148' title='bbox 368 1587 553 1634; x_wconf 89' lang='lat' dir='ltr'>scelestis,</span> <span class='ocrx_word' id='word_1_149' title='bbox 576 1585 762 1625; x_wconf 86' lang='lat' dir='ltr'>falsidicis</span> <span class='ocrx_word' id='word_1_150' title='bbox 783 1583 944 1623; x_wconf 90' lang='lat' dir='ltr'>fallaciis</span> 
     </span>
     <span class='ocr_line' id='line_1_24' title="bbox 272 1649 1024 1703; baseline -0.009 -10"><span class='ocrx_word' id='word_1_151' title='bbox 272 1652 543 1693; x_wconf 87' lang='lat' dir='ltr'>delacerauisti</span> <span class='ocrx_word' id='word_1_152' title='bbox 564 1649 899 1703; x_wconf 81' lang='lat' dir='ltr'>deartuauistique</span> <span class='ocrx_word' id='word_1_153' title='bbox 918 1661 1024 1699; x_wconf 90' lang='lat' dir='ltr'>opes.</span> 
     </span>
     <span class='ocr_line' id='line_1_25' title="bbox 217 1713 1112 1763; baseline -0.01 -4"><span class='ocrx_word' id='word_1_154' title='bbox 217 1731 254 1763; x_wconf 88' lang='lat'>15</span> <span class='ocrx_word' id='word_1_155' title='bbox 273 1718 478 1759; x_wconf 89' lang='lat' dir='ltr'>confecisti</span> <span class='ocrx_word' id='word_1_156' title='bbox 497 1716 626 1756; x_wconf 90' lang='lat' dir='ltr'>omnis</span> <span class='ocrx_word' id='word_1_157' title='bbox 647 1729 706 1754; x_wconf 91' lang='lat' dir='ltr'>res</span> <span class='ocrx_word' id='word_1_158' title='bbox 726 1728 772 1753; x_wconf 88' lang='lat' dir='ltr'>ac</span> <span class='ocrx_word' id='word_1_159' title='bbox 792 1713 961 1752; x_wconf 87' lang='lat' dir='ltr'>rationes</span> <span class='ocrx_word' id='word_1_160' title='bbox 982 1726 1112 1751; x_wconf 89' lang='lat' dir='ltr'>meas:</span> 
     </span>
     <span class='ocr_line' id='line_1_26' title="bbox 274 1778 1080 1823; baseline -0.01 0"><span class='ocrx_word' id='word_1_161' title='bbox 274 1785 328 1823; x_wconf 88' lang='lat' dir='ltr'>ita</span> <span class='ocrx_word' id='word_1_162' title='bbox 348 1784 402 1822; x_wconf 91' lang='lat' dir='ltr'>mi</span> <span class='ocrx_word' id='word_1_163' title='bbox 423 1782 600 1822; x_wconf 85' lang='lat' dir='ltr'>exemisti</span> <span class='ocrx_word' id='word_1_164' title='bbox 622 1781 887 1819; x_wconf 89' lang='lat' dir='ltr'>Philocratem</span> <span class='ocrx_word' id='word_1_165' title='bbox 907 1778 1080 1817; x_wconf 86' lang='lat' dir='ltr'>fallaciis.</span> 
     </span>
     <span class='ocr_line' id='line_1_27' title="bbox 275 1835 1692 1892; baseline -0.01 -4"><span class='ocrx_word' id='word_1_166' title='bbox 275 1850 386 1888; x_wconf 91' lang='lat' dir='ltr'>illum</span> <span class='ocrx_word' id='word_1_167' title='bbox 406 1861 492 1887; x_wconf 89' lang='lat' dir='ltr'>esse</span> <span class='ocrx_word' id='word_1_168' title='bbox 511 1859 667 1886; x_wconf 90' lang='lat' dir='ltr'>seruom</span> <span class='ocrx_word' id='word_1_169' title='bbox 688 1844 851 1892; x_wconf 82' lang='lat' dir='ltr'>credidi,</span> <span class='ocrx_word' id='word_1_170' title='bbox 871 1851 910 1882; x_wconf 90' lang='lat' dir='ltr'>te</span> <span class='ocrx_word' id='word_1_171' title='bbox 930 1843 1096 1881; x_wconf 90' lang='lat' dir='ltr'>liberum</span> <span class='ocrx_word' id='word_1_172' title='bbox 1114 1857 1126 1890; x_wconf 78' lang='lat'><em>3</em></span> <span class='ocrx_word' id='word_1_173' title='bbox 1626 1835 1692 1880; x_wconf 88' lang='lat'>675</span> 
     </span>
     <span class='ocr_line' id='line_1_28' title="bbox 276 1909 1021 1960; baseline -0.009 -7"><span class='ocrx_word' id='word_1_174' title='bbox 276 1915 330 1953; x_wconf 90' lang='lat' dir='ltr'>ita</span> <span class='ocrx_word' id='word_1_175' title='bbox 349 1920 503 1952; x_wconf 89' lang='lat' dir='ltr'>uosmet</span> <span class='ocrx_word' id='word_1_176' title='bbox 522 1911 686 1950; x_wconf 83' lang='lat' dir='ltr'>aiebatis</span> <span class='ocrx_word' id='word_1_177' title='bbox 706 1910 839 1960; x_wconf 86' lang='lat' dir='ltr'>itaque</span> <span class='ocrx_word' id='word_1_178' title='bbox 859 1909 1021 1947; x_wconf 89' lang='lat' dir='ltr'>nomina</span> 
     </span>
    </p>
   </div>
   <div class='ocr_carea' id='block_1_8' title="bbox 261 2008 1612 2363">
    <p class='ocr_par' dir='ltr' id='par_1_8' title="bbox 280 2008 1610 2228">
     <span class='ocr_line' id='line_1_29' title="bbox 322 2008 1608 2057; baseline -0.007 -9"><span class='ocrx_word' id='word_1_179' title='bbox 322 2020 386 2057; x_wconf 86' lang='lat'>655</span> <span class='ocrx_word' id='word_1_180' title='bbox 410 2016 532 2047; x_wconf 86' lang='lat' dir='ltr'>retinui</span> <span class='ocrx_word' id='word_1_181' title='bbox 557 2020 593 2046; x_wconf 86' lang='lat' dir='ltr'>ut</span> <span class='ocrx_word' id='word_1_182' title='bbox 615 2014 678 2046; x_wconf 83' lang='lat' dir='ltr'>vid.</span> <span class='ocrx_word' id='word_1_183' title='bbox 698 2014 853 2044; x_wconf 79' lang='lat' dir='ltr'>Donatus</span> <span class='ocrx_word' id='word_1_184' title='bbox 869 2013 1009 2053; x_wconf 69' lang='lat' dir='ltr'>Adelph.</span> <span class='ocrx_word' id='word_1_185' title='bbox 1030 2021 1060 2051; x_wconf 82' lang='lat'>5,</span> <span class='ocrx_word' id='word_1_186' title='bbox 1075 2021 1105 2051; x_wconf 74' lang='grc'>37</span> <span class='ocrx_word' id='word_1_187' title='bbox 1123 2022 1162 2042; x_wconf 92' lang='lat'>10</span> <span class='ocrx_word' id='word_1_188' title='bbox 1178 2010 1254 2047; x_wconf 81' lang='lat' dir='ltr'>(sed.</span> <span class='ocrx_word' id='word_1_189' title='bbox 1276 2011 1311 2049; x_wconf 76' lang='lat' dir='ltr'>cf.</span> <span class='ocrx_word' id='word_1_190' title='bbox 1331 2009 1439 2040; x_wconf 77' lang='lat' dir='ltr'>chrv.</span> <span class='ocrx_word' id='word_1_191' title='bbox 1459 2008 1554 2040; x_wconf 73' lang='lat' dir='ltr'>Slud.</span> <span class='ocrx_word' id='word_1_192' title='bbox 1577 2019 1608 2048; x_wconf 86' lang='lat'>9,</span> 
     </span>
     <span class='ocr_line' id='line_1_30' title="bbox 282 2053 1609 2101; baseline -0.008 -9"><span class='ocrx_word' id='word_1_193' title='bbox 282 2064 358 2101; x_wconf 88' lang='lat'><strong>127)</strong></span> <span class='ocrx_word' id='word_1_194' title='bbox 448 2061 513 2099; x_wconf 88' lang='lat'>658</span> <span class='ocrx_word' id='word_1_195' title='bbox 536 2060 638 2090; x_wconf 88' lang='lat' dir='ltr'>istinc</span> <span class='ocrx_word' id='word_1_196' title='bbox 651 2058 787 2089; x_wconf 77' lang='lat' dir='ltr'>Guietus</span> <span class='ocrx_word' id='word_1_197' title='bbox 804 2069 811 2088; x_wconf 77' lang='lat' dir='ltr'><em>z</em></span> <span class='ocrx_word' id='word_1_198' title='bbox 836 2057 936 2087; x_wconf 87' lang='lat' dir='ltr'>istinc</span> <span class='ocrx_word' id='word_1_199' title='bbox 949 2054 1083 2097; x_wconf 84' lang='lat' dir='ltr'>[atque]</span> <span class='ocrx_word' id='word_1_200' title='bbox 1097 2055 1164 2085; x_wconf 91' lang='lat' dir='ltr'>cod.</span> <span class='ocrx_word' id='word_1_201' title='bbox 1180 2054 1231 2093; x_wconf 90' lang='lat' dir='ltr'>(cs.</span> <span class='ocrx_word' id='word_1_202' title='bbox 1245 2053 1379 2084; x_wconf 82' lang='lat' dir='ltr'>adAul.</span> <span class='ocrx_word' id='word_1_203' title='bbox 1394 2054 1471 2092; x_wconf 82' lang='lat'><strong>784)</strong></span> <span class='ocrx_word' id='word_1_204' title='bbox 1487 2064 1493 2084; x_wconf 73' lang='lat' dir='ltr'><em>z</em></span> <span class='ocrx_word' id='word_1_205' title='bbox 1520 2053 1609 2083; x_wconf 88' lang='lat' dir='ltr'>istim</span> 
     </span>
     <span class='ocr_line' id='line_1_31' title="bbox 280 2096 1610 2144; baseline -0.008 -8"><span class='ocrx_word' id='word_1_206' title='bbox 280 2111 382 2144; x_wconf 85' lang='lat' dir='ltr'>atque</span> <span class='ocrx_word' id='word_1_207' title='bbox 398 2104 599 2134; x_wconf 82' lang='lat' dir='ltr'>Lachmann</span> <span class='ocrx_word' id='word_1_208' title='bbox 731 2104 795 2141; x_wconf 86' lang='lat'>659</span> <span class='ocrx_word' id='word_1_209' title='bbox 819 2099 1040 2142; x_wconf 86' lang='lat' dir='ltr'>(maxumas)</span> <span class='ocrx_word' id='word_1_210' title='bbox 1055 2103 1151 2128; x_wconf 80' lang='lat' dir='ltr'>mast.</span> <span class='ocrx_word' id='word_1_211' title='bbox 1172 2096 1313 2137; x_wconf 77' lang='lat' dir='ltr'>Spengel</span> <span class='ocrx_word' id='word_1_212' title='bbox 1412 2098 1473 2126; x_wconf 85' lang='lat'>661</span> <span class='ocrx_word' id='word_1_213' title='bbox 1500 2102 1610 2126; x_wconf 82' lang='lat' dir='ltr'>sartor</span> 
     </span>
     <span class='ocr_line' id='line_1_32' title="bbox 281 2139 1606 2187; baseline -0.008 -8"><span class='ocrx_word' id='word_1_214' title='bbox 281 2154 437 2187; x_wconf 86' lang='lat' dir='ltr'>satorque</span> <span class='ocrx_word' id='word_1_215' title='bbox 450 2146 538 2177; x_wconf 89' lang='lat' dir='ltr'>codd.</span> <span class='ocrx_word' id='word_1_216' title='bbox 552 2146 683 2186; x_wconf 85' lang='lat' dir='ltr'>Nom&#39;i7</span> <span class='ocrx_word' id='word_1_217' title='bbox 698 2146 739 2185; x_wconf 86' lang='lat' dir='ltr'>(s.</span> <span class='ocrx_word' id='word_1_218' title='bbox 746 2156 774 2176; x_wconf 84' lang='lat' dir='ltr'>v.</span> <span class='ocrx_word' id='word_1_219' title='bbox 790 2143 952 2184; x_wconf 84' lang='lat' dir='ltr'>sartores)</span> <span class='ocrx_word' id='word_1_220' title='bbox 1042 2143 1105 2172; x_wconf 87' lang='lat'>662</span> <span class='ocrx_word' id='word_1_221' title='bbox 1123 2142 1218 2180; x_wconf 81' lang='lat' dir='ltr'>prius</span> <span class='ocrx_word' id='word_1_222' title='bbox 1231 2141 1378 2171; x_wconf 85' lang='lat' dir='ltr'>audebas</span> <span class='ocrx_word' id='word_1_223' title='bbox 1391 2141 1505 2171; x_wconf 86' lang='lat' dir='ltr'>dicere</span> <span class='ocrx_word' id='word_1_224' title='bbox 1519 2139 1606 2169; x_wconf 86' lang='lat' dir='ltr'>codd.</span> 
     </span>
     <span class='ocr_line' id='line_1_33' title="bbox 281 2184 1609 2228; baseline -0.008 -5"><span class='ocrx_word' id='word_1_225' title='bbox 281 2192 385 2223; x_wconf 78' lang='lat' dir='ltr'>Nonii</span> <span class='ocrx_word' id='word_1_226' title='bbox 533 2191 597 2228; x_wconf 82' lang='lat'>664</span> <span class='ocrx_word' id='word_1_227' title='bbox 621 2195 704 2220; x_wconf 84' lang='lat' dir='ltr'>attat</span> <span class='ocrx_word' id='word_1_228' title='bbox 720 2189 899 2219; x_wconf 81' lang='lat' dir='ltr'>Hermann</span> <span class='ocrx_word' id='word_1_229' title='bbox 999 2186 1079 2226; x_wconf 87' lang='lat' dir='ltr'>sort.</span> <span class='ocrx_word' id='word_1_230' title='bbox 1098 2185 1141 2215; x_wconf 89' lang='lat' dir='ltr'>mi</span> <span class='ocrx_word' id='word_1_231' title='bbox 1158 2185 1258 2214; x_wconf 88' lang='lat' dir='ltr'>homo</span> <span class='ocrx_word' id='word_1_232' title='bbox 1274 2189 1392 2214; x_wconf 86' lang='lat' dir='ltr'>contra</span> <span class='ocrx_word' id='word_1_233' title='bbox 1545 2184 1609 2222; x_wconf 87' lang='lat'>665</span> 
     </span>
    </p>

    <p class='ocr_par' dir='ltr' id='par_1_9' title="bbox 261 2227 1612 2363">
     <span class='ocr_line' id='line_1_34' title="bbox 261 2227 1606 2270; baseline -0.008 -3"><span class='ocrx_word' id='word_1_234' title='bbox 261 2235 452 2267; x_wconf 37' lang='lat' dir='ltr'>*seruolum</span> <span class='ocrx_word' id='word_1_235' title='bbox 475 2234 599 2264; x_wconf 73' lang='lat' dir='ltr'><em>Bothe:</em></span> <span class='ocrx_word' id='word_1_236' title='bbox 625 2243 758 2264; x_wconf 87' lang='lat' dir='ltr'>seruom</span> <span class='ocrx_word' id='word_1_237' title='bbox 782 2231 846 2262; x_wconf 83' lang='lat' dir='ltr'>cod.</span> <span class='ocrx_word' id='word_1_238' title='bbox 870 2231 918 2270; x_wconf 51' lang='lat' dir='ltr'>*cf</span> <span class='ocrx_word' id='word_1_239' title='bbox 937 2229 1036 2261; x_wconf 81' lang='lat' dir='ltr'>Asin.</span> <span class='ocrx_word' id='word_1_240' title='bbox 1059 2239 1128 2269; x_wconf 82' lang='lat' dir='ltr'>arg.</span> <span class='ocrx_word' id='word_1_241' title='bbox 1145 2238 1164 2266; x_wconf 93' lang='lat'>4</span> <span class='ocrx_word' id='word_1_242' title='bbox 1187 2237 1288 2258; x_wconf 88' lang='lat' dir='ltr'>seruo</span> <span class='ocrx_word' id='word_1_243' title='bbox 1308 2233 1371 2267; x_wconf 79' lang='lat' dir='ltr'>pro</span> <span class='ocrx_word' id='word_1_244' title='bbox 1391 2227 1549 2265; x_wconf 77' lang='lat' dir='ltr'>seruolo3</span> <span class='ocrx_word' id='word_1_245' title='bbox 1576 2237 1606 2256; x_wconf 91' lang='lat' dir='ltr'>v.</span> 
     </span>
     <span class='ocr_line' id='line_1_35' title="bbox 283 2270 1612 2318; baseline -0.008 -8"><span class='ocrx_word' id='word_1_246' title='bbox 283 2282 316 2318; x_wconf 88' lang='lat'>8)</span> <span class='ocrx_word' id='word_1_247' title='bbox 450 2279 516 2308; x_wconf 88' lang='grc'>668</span> <span class='ocrx_word' id='word_1_248' title='bbox 538 2282 614 2308; x_wconf 84' lang='lat' dir='ltr'>tuas</span> <span class='ocrx_word' id='word_1_249' title='bbox 630 2288 661 2316; x_wconf 90' lang='lat' dir='ltr'>q.</span> <span class='ocrx_word' id='word_1_250' title='bbox 681 2275 746 2307; x_wconf 88' lang='lat' dir='ltr'>cod.</span> <span class='ocrx_word' id='word_1_251' title='bbox 768 2275 818 2316; x_wconf 81' lang='lat' dir='ltr'>(tu</span> <span class='ocrx_word' id='word_1_252' title='bbox 837 2275 898 2305; x_wconf 86' lang='lat' dir='ltr'>has</span> <span class='ocrx_word' id='word_1_253' title='bbox 914 2285 944 2313; x_wconf 90' lang='lat' dir='ltr'>q.</span> <span class='ocrx_word' id='word_1_254' title='bbox 959 2273 1014 2313; x_wconf 62' lang='lat' dir='ltr'>J).</span> <span class='ocrx_word' id='word_1_255' title='bbox 1100 2273 1163 2311; x_wconf 86' lang='lat'>672</span> <span class='ocrx_word' id='word_1_256' title='bbox 1188 2272 1369 2301; x_wconf 86' lang='lat' dir='ltr'>deartuasti</span> <span class='ocrx_word' id='word_1_257' title='bbox 1388 2270 1612 2301; x_wconf 85' lang='lat' dir='ltr'>dilacerauisti</span> 
     </span>
     <span class='ocr_line' id='line_1_36' title="bbox 282 2314 1510 2363; baseline -0.007 -9"><span class='ocrx_word' id='word_1_258' title='bbox 282 2329 383 2363; x_wconf 86' lang='lat' dir='ltr'>atque</span> <span class='ocrx_word' id='word_1_259' title='bbox 400 2332 484 2362; x_wconf 87' lang='lat' dir='ltr'>opes</span> <span class='ocrx_word' id='word_1_260' title='bbox 499 2320 586 2351; x_wconf 86' lang='lat' dir='ltr'>codd.</span> <span class='ocrx_word' id='word_1_261' title='bbox 606 2320 762 2358; x_wconf 79' lang='lat' dir='ltr'>N0n1&#39;1&#39;95</span> <span class='ocrx_word' id='word_1_262' title='bbox 895 2320 958 2357; x_wconf 85' lang='lat'>675</span> <span class='ocrx_word' id='word_1_263' title='bbox 983 2317 1075 2347; x_wconf 82' lang='lat' dir='ltr'>credi</span> <span class='ocrx_word' id='word_1_264' title='bbox 1092 2315 1157 2347; x_wconf 84' lang='lat' dir='ltr'>(od.</span> <span class='ocrx_word' id='word_1_265' title='bbox 1179 2314 1377 2355; x_wconf 82' lang='lat' dir='ltr'>(credidis)</span> <span class='ocrx_word' id='word_1_266' title='bbox 1395 2314 1454 2353; x_wconf 82' lang='lat' dir='ltr'>(iii.</span> <span class='ocrx_word' id='word_1_267' title='bbox 1475 2314 1510 2354; x_wconf 86' lang='grc'>3)</span> 
     </span>
    </p>
   </div>
  </div>
 </body>
</html>
