<?xml version="1.0" encoding="UTF-8"?>
<!DOCTYPE html PUBLIC "-//W3C//DTD XHTML 1.0 Transitional//EN"
    "http://www.w3.org/TR/xhtml1/DTD/xhtml1-transitional.dtd">
<html xmlns="http://www.w3.org/1999/xhtml" xml:lang="en" lang="en">
 <head>
  <title>
</title>
<meta http-equiv="Content-Type" content="text/html;charset=utf-8" />
  <meta name='ocr-system' content='tesseract 3.04.00' />
  <meta name='ocr-capabilities' content='ocr_page ocr_carea ocr_par ocr_line ocrx_word'/>
</head>
<body>
  <div class='ocr_page' id='page_1' title='image "./tmacciplauticomo01plauuoft_0112.png"; bbox 0 0 1814 2723; ppageno 0'>
   <div class='ocr_carea' id='block_1_1' title="bbox 207 100 284 138">
    <p class='ocr_par' dir='ltr' id='par_1_1' title="bbox 207 100 284 138">
     <span class='ocr_line' id='line_1_1' title="bbox 207 100 284 138; baseline 0 0"><span class='ocrx_word' id='word_1_1' title='bbox 207 100 284 138; x_wconf 94' lang='lat' dir='ltr'>III.</span> 
     </span>
    </p>
   </div>
   <div class='ocr_carea' id='block_1_2' title="bbox 226 482 281 514">
    <p class='ocr_par' dir='ltr' id='par_1_2' title="bbox 226 482 281 514">
     <span class='ocr_line' id='line_1_2' title="bbox 226 482 281 514; baseline -0.018 0"><span class='ocrx_word' id='word_1_2' title='bbox 226 482 281 514; x_wconf 71' lang='lat'>145</span> 
     </span>
    </p>
   </div>
   <div class='ocr_carea' id='block_1_3' title="bbox 226 1006 284 1037">
    <p class='ocr_par' dir='ltr' id='par_1_3' title="bbox 226 1006 284 1037">
     <span class='ocr_line' id='line_1_3' title="bbox 226 1006 284 1037; baseline 0.017 -9"><span class='ocrx_word' id='word_1_3' title='bbox 226 1006 284 1037; x_wconf 80' lang='lat'>150</span> 
     </span>
    </p>
   </div>
   <div class='ocr_carea' id='block_1_4' title="bbox 225 1393 285 1426">
    <p class='ocr_par' dir='ltr' id='par_1_4' title="bbox 225 1393 285 1426">
     <span class='ocr_line' id='line_1_4' title="bbox 225 1393 285 1426; baseline 0.017 -1"><span class='ocrx_word' id='word_1_4' title='bbox 225 1393 285 1426; x_wconf 84' lang='lat'>155</span> 
     </span>
    </p>
   </div>
   <div class='ocr_carea' id='block_1_5' title="bbox 183 1812 287 1849">
    <p class='ocr_par' dir='ltr' id='par_1_5' title="bbox 183 1812 287 1849">
     <span class='ocr_line' id='line_1_5' title="bbox 183 1812 287 1849; baseline -0.01 0"><span class='ocrx_word' id='word_1_5' title='bbox 183 1813 250 1849; x_wconf 90' lang='lat' dir='ltr'>IV.</span> <span class='ocrx_word' id='word_1_6' title='bbox 274 1812 287 1848; x_wconf 93' lang='lat' dir='ltr'>i</span> 
     </span>
    </p>
   </div>
   <div class='ocr_carea' id='block_1_6' title="bbox 307 97 1222 137">
    <p class='ocr_par' dir='ltr' id='par_1_6' title="bbox 307 97 1222 137">
     <span class='ocr_line' id='line_1_6' title="bbox 307 97 1222 137; baseline -0.004 0"><span class='ocrx_word' id='word_1_7' title='bbox 307 101 352 137; x_wconf 86' lang='lat' dir='ltr'>iii</span> <span class='ocrx_word' id='word_1_8' title='bbox 724 100 771 136; x_wconf 93' lang='lat' dir='ltr'>T.</span> <span class='ocrx_word' id='word_1_9' title='bbox 805 97 985 136; x_wconf 88' lang='lat' dir='ltr'>MACCI</span> <span class='ocrx_word' id='word_1_10' title='bbox 1018 97 1222 134; x_wconf 89' lang='lat' dir='ltr'>PLAVTI</span> 
     </span>
    </p>
   </div>
   <div class='ocr_carea' id='block_1_7' title="bbox 304 205 1725 1364">
    <p class='ocr_par' dir='ltr' id='par_1_7' title="bbox 304 205 1725 1364">
     <span class='ocr_line' id='line_1_7' title="bbox 307 205 1622 253; baseline -0.005 -5"><span class='ocrx_word' id='word_1_11' title='bbox 307 212 368 248; x_wconf 88' lang='lat' dir='ltr'>LI.</span> <span class='ocrx_word' id='word_1_12' title='bbox 400 209 482 248; x_wconf 86' lang='lat' dir='ltr'>sati&#39;</span> <span class='ocrx_word' id='word_1_13' title='bbox 503 209 580 247; x_wconf 86' lang='lat' dir='ltr'>iam</span> <span class='ocrx_word' id='word_1_14' title='bbox 601 210 784 247; x_wconf 89' lang='lat' dir='ltr'>delusum</span> <span class='ocrx_word' id='word_1_15' title='bbox 805 220 960 245; x_wconf 88' lang='lat' dir='ltr'>censeo.</span> <span class='ocrx_word' id='word_1_16' title='bbox 1011 219 1118 244; x_wconf 87' lang='lat' dir='ltr'>nunc</span> <span class='ocrx_word' id='word_1_17' title='bbox 1137 205 1219 243; x_wconf 89' lang='lat' dir='ltr'>re&#39;m</span> <span class='ocrx_word' id='word_1_18' title='bbox 1241 212 1284 243; x_wconf 90' lang='lat' dir='ltr'>ut</span> <span class='ocrx_word' id='word_1_19' title='bbox 1303 211 1362 243; x_wconf 88' lang='lat' dir='ltr'>est</span> <span class='ocrx_word' id='word_1_20' title='bbox 1380 205 1622 253; x_wconf 78' lang='lat' dir='ltr'>eloquamur.</span> 
     </span>
     <span class='ocr_line' id='line_1_8' title="bbox 304 268 1620 324; baseline -0.005 -11"><span class='ocrx_word' id='word_1_21' title='bbox 304 274 491 322; x_wconf 88' lang='lat' dir='ltr'>animum,</span> <span class='ocrx_word' id='word_1_22' title='bbox 516 273 743 324; x_wconf 84' lang='lat' dir='ltr'>Argyrippe,</span> <span class='ocrx_word' id='word_1_23' title='bbox 766 274 931 311; x_wconf 89' lang='lat' dir='ltr'>aduorte</span> <span class='ocrx_word' id='word_1_24' title='bbox 951 271 1013 309; x_wconf 85' lang='lat' dir='ltr'>sis.</span> <span class='ocrx_word' id='word_1_25' title='bbox 1073 278 1182 321; x_wconf 91' lang='lat' dir='ltr'>pater</span> <span class='ocrx_word' id='word_1_26' title='bbox 1202 283 1273 308; x_wconf 87' lang='lat' dir='ltr'>nos</span> <span class='ocrx_word' id='word_1_27' title='bbox 1294 271 1391 308; x_wconf 86' lang='lat' dir='ltr'>ferre</span> <span class='ocrx_word' id='word_1_28' title='bbox 1411 270 1488 307; x_wconf 90' lang='lat' dir='ltr'>hoc</span> <span class='ocrx_word' id='word_1_29' title='bbox 1508 268 1620 307; x_wconf 85' lang='lat' dir='ltr'>iussit</span> 
     </span>
     <span class='ocr_line' id='line_1_9' title="bbox 304 333 1624 390; baseline -0.005 -12"><span class='ocrx_word' id='word_1_30' title='bbox 304 347 509 390; x_wconf 86' lang='lat' dir='ltr'>argentum</span> <span class='ocrx_word' id='word_1_31' title='bbox 529 340 579 377; x_wconf 89' lang='lat' dir='ltr'>ad</span> <span class='ocrx_word' id='word_1_32' title='bbox 601 338 648 376; x_wconf 88' lang='lat' dir='ltr'>te&#39;.</span> <span class='ocrx_word' id='word_1_33' title='bbox 708 340 814 375; x_wconf 83' lang='lat' dir='ltr'>ARG.</span> <span class='ocrx_word' id='word_1_34' title='bbox 847 343 889 374; x_wconf 85' lang='lat' dir='ltr'>ut</span> <span class='ocrx_word' id='word_1_35' title='bbox 910 335 1075 385; x_wconf 81' lang='lat' dir='ltr'><strong>temperi</strong></span> <span class='ocrx_word' id='word_1_36' title='bbox 1096 343 1398 385; x_wconf 82' lang='lat' dir='ltr'>opportuneque</span> <span class='ocrx_word' id='word_1_37' title='bbox 1417 333 1600 371; x_wconf 84' lang='lat' dir='ltr'>attulistis</span> <span class='ocrx_word' id='word_1_38' title='bbox 1617 336 1624 371; x_wconf 83' lang='lat'>!</span> 
     </span>
     <span class='ocr_line' id='line_1_10' title="bbox 306 401 1552 452; baseline -0.006 -9"><span class='ocrx_word' id='word_1_39' title='bbox 306 406 365 442; x_wconf 93' lang='lat' dir='ltr'>L1.</span> <span class='ocrx_word' id='word_1_40' title='bbox 398 404 462 443; x_wconf 93' lang='lat' dir='ltr'>hic</span> <span class='ocrx_word' id='word_1_41' title='bbox 482 404 638 442; x_wconf 89' lang='lat' dir='ltr'>inerunt</span> <span class='ocrx_word' id='word_1_42' title='bbox 659 402 797 452; x_wconf 82' lang='lat' dir='ltr'>uiginti</span> <span class='ocrx_word' id='word_1_43' title='bbox 819 401 948 439; x_wconf 87' lang='lat' dir='ltr'>minae</span> <span class='ocrx_word' id='word_1_44' title='bbox 969 402 1110 448; x_wconf 87' lang='lat' dir='ltr'>bonae,</span> <span class='ocrx_word' id='word_1_45' title='bbox 1133 402 1236 438; x_wconf 85' lang='lat' dir='ltr'>mala</span> <span class='ocrx_word' id='word_1_46' title='bbox 1256 413 1374 450; x_wconf 92' lang='lat' dir='ltr'>opera</span> <span class='ocrx_word' id='word_1_47' title='bbox 1394 406 1526 449; x_wconf 88' lang='lat' dir='ltr'>partae</span> <span class='ocrx_word' id='word_1_48' title='bbox 1541 413 1552 446; x_wconf 80' lang='lat'><em>3</em></span> 
     </span>
     <span class='ocr_line' id='line_1_11' title="bbox 305 462 1719 519; baseline -0.006 -12"><span class='ocrx_word' id='word_1_49' title='bbox 305 471 374 508; x_wconf 89' lang='lat' dir='ltr'>has</span> <span class='ocrx_word' id='word_1_50' title='bbox 401 468 472 507; x_wconf 87' lang='lat' dir='ltr'>tibi</span> <span class='ocrx_word' id='word_1_51' title='bbox 499 482 571 508; x_wconf 90' lang='lat' dir='ltr'>nos</span> <span class='ocrx_word' id='word_1_52' title='bbox 599 467 722 519; x_wconf 86' lang='lat' dir='ltr'>pactis</span> <span class='ocrx_word' id='word_1_53' title='bbox 749 466 901 517; x_wconf 82' lang='lat' dir='ltr'>legibus</span> <span class='ocrx_word' id='word_1_54' title='bbox 929 468 1021 504; x_wconf 90' lang='lat' dir='ltr'>dare</span> <span class='ocrx_word' id='word_1_55' title='bbox 1051 465 1172 504; x_wconf 86' lang='lat' dir='ltr'>iussit.</span> <span class='ocrx_word' id='word_1_56' title='bbox 1232 467 1336 502; x_wconf 86' lang='lat' dir='ltr'>ARG.</span> <span class='ocrx_word' id='word_1_57' title='bbox 1368 463 1465 513; x_wconf 85' lang='lat' dir='ltr'>quid</span> <span class='ocrx_word' id='word_1_58' title='bbox 1494 462 1535 500; x_wconf 91' lang='lat' dir='ltr'>id</span> <span class='ocrx_word' id='word_1_59' title='bbox 1564 469 1633 509; x_wconf 87' lang='lat' dir='ltr'>est,</span> <span class='ocrx_word' id='word_1_60' title='bbox 1655 469 1719 506; x_wconf 80' lang='lat'>735</span> 
     </span>
     <span class='ocr_line' id='line_1_12' title="bbox 1460 528 1637 577; baseline -0.006 -12"><span class='ocrx_word' id='word_1_61' title='bbox 1460 528 1637 577; x_wconf 82' lang='lat' dir='ltr'>quaeso?</span> 
     </span>
     <span class='ocr_line' id='line_1_13' title="bbox 307 591 1637 638; baseline -0.008 0"><span class='ocrx_word' id='word_1_62' title='bbox 307 602 366 638; x_wconf 91' lang='lat' dir='ltr'>L1.</span> <span class='ocrx_word' id='word_1_63' title='bbox 407 606 565 637; x_wconf 86' lang='lat' dir='ltr'>noctem</span> <span class='ocrx_word' id='word_1_64' title='bbox 605 597 721 635; x_wconf 91' lang='lat' dir='ltr'>huius</span> <span class='ocrx_word' id='word_1_65' title='bbox 760 604 798 635; x_wconf 86' lang='lat' dir='ltr'>et</span> <span class='ocrx_word' id='word_1_66' title='bbox 836 609 977 634; x_wconf 88' lang='lat' dir='ltr'>cenam</span> <span class='ocrx_word' id='word_1_67' title='bbox 1016 595 1090 633; x_wconf 85' lang='lat' dir='ltr'>sibi</span> <span class='ocrx_word' id='word_1_68' title='bbox 1130 601 1170 632; x_wconf 85' lang='lat' dir='ltr'>ut</span> <span class='ocrx_word' id='word_1_69' title='bbox 1209 595 1333 632; x_wconf 81' lang='lat' dir='ltr'>dares,</span> <span class='ocrx_word' id='word_1_70' title='bbox 1397 595 1502 630; x_wconf 86' lang='lat' dir='ltr'>ARG.</span> <span class='ocrx_word' id='word_1_71' title='bbox 1544 591 1637 629; x_wconf 90' lang='lat' dir='ltr'>iube</span> 
     </span>
     <span class='ocr_line' id='line_1_14' title="bbox 1234 657 1636 706; baseline -0.007 -9"><span class='ocrx_word' id='word_1_72' title='bbox 1234 657 1432 703; x_wconf 80' lang='lat' dir='ltr'>aduenire,</span> <span class='ocrx_word' id='word_1_73' title='bbox 1464 669 1636 706; x_wconf 83' lang='lat' dir='ltr'>quaeso:</span> 
     </span>
     <span class='ocr_line' id='line_1_15' title="bbox 306 723 1559 777; baseline -0.007 -10"><span class='ocrx_word' id='word_1_74' title='bbox 306 729 569 767; x_wconf 89' lang='lat' dir='ltr'>meritissumo</span> <span class='ocrx_word' id='word_1_75' title='bbox 590 728 687 766; x_wconf 87' lang='lat' dir='ltr'>eiius</span> <span class='ocrx_word' id='word_1_76' title='bbox 708 740 810 777; x_wconf 91' lang='lat' dir='ltr'>quae</span> <span class='ocrx_word' id='word_1_77' title='bbox 825 728 934 764; x_wconf 82' lang='lat' dir='ltr'>uolet</span> <span class='ocrx_word' id='word_1_78' title='bbox 954 725 1153 771; x_wconf 87' lang='lat' dir='ltr'>faciemus,</span> <span class='ocrx_word' id='word_1_79' title='bbox 1177 723 1246 773; x_wconf 88' lang='lat' dir='ltr'>qui</span> <span class='ocrx_word' id='word_1_80' title='bbox 1265 724 1386 760; x_wconf 87' lang='lat' dir='ltr'>hosce</span> <span class='ocrx_word' id='word_1_81' title='bbox 1405 734 1559 759; x_wconf 89' lang='lat' dir='ltr'>amores</span> 
     </span>
     <span class='ocr_line' id='line_1_16' title="bbox 304 784 1530 842; baseline -0.007 -10"><span class='ocrx_word' id='word_1_82' title='bbox 304 801 459 832; x_wconf 88' lang='lat' dir='ltr'>nostros</span> <span class='ocrx_word' id='word_1_83' title='bbox 479 793 677 842; x_wconf 89' lang='lat' dir='ltr'>dispulsos</span> <span class='ocrx_word' id='word_1_84' title='bbox 698 791 900 841; x_wconf 83' lang='lat' dir='ltr'>compulit.</span> <span class='ocrx_word' id='word_1_85' title='bbox 961 792 1031 827; x_wconf 81' lang='lat' dir='ltr'>LE.</span> <span class='ocrx_word' id='word_1_86' title='bbox 1063 788 1258 840; x_wconf 79' lang='lat' dir='ltr'>(patierin,</span> <span class='ocrx_word' id='word_1_87' title='bbox 1281 784 1530 837; x_wconf 73' lang='lat' dir='ltr'>Argyrippe‚&gt;</span> 
     </span>
     <span class='ocr_line' id='line_1_17' title="bbox 305 849 1637 909; baseline -0.008 -13"><span class='ocrx_word' id='word_1_88' title='bbox 305 866 454 909; x_wconf 90' lang='lat' dir='ltr'>patrem</span> <span class='ocrx_word' id='word_1_89' title='bbox 485 859 587 896; x_wconf 89' lang='lat' dir='ltr'>hanc</span> <span class='ocrx_word' id='word_1_90' title='bbox 614 855 826 907; x_wconf 80' lang='lat' dir='ltr'>amplexari</span> <span class='ocrx_word' id='word_1_91' title='bbox 855 855 996 893; x_wconf 77' lang='lat' dir='ltr'>tuom?</span> <span class='ocrx_word' id='word_1_92' title='bbox 1053 855 1158 891; x_wconf 84' lang='lat' dir='ltr'>ARG.</span> <span class='ocrx_word' id='word_1_93' title='bbox 1190 854 1288 890; x_wconf 89' lang='lat' dir='ltr'>haec</span> <span class='ocrx_word' id='word_1_94' title='bbox 1315 850 1430 889; x_wconf 88' lang='lat' dir='ltr'>faciet</span> <span class='ocrx_word' id='word_1_95' title='bbox 1456 849 1569 888; x_wconf 87' lang='lat' dir='ltr'>facile</span> <span class='ocrx_word' id='word_1_96' title='bbox 1595 857 1637 887; x_wconf 90' lang='lat' dir='ltr'>ut</span> 
     </span>
     <span class='ocr_line' id='line_1_18' title="bbox 1501 915 1635 967; baseline -0.007 -14"><span class='ocrx_word' id='word_1_97' title='bbox 1501 915 1635 967; x_wconf 89' lang='lat' dir='ltr'>patiar.</span> 
     </span>
     <span class='ocr_line' id='line_1_19' title="bbox 305 982 1725 1037; baseline -0.005 -10"><span class='ocrx_word' id='word_1_98' title='bbox 305 988 495 1035; x_wconf 82' lang='lat' dir='ltr'>Leonida,</span> <span class='ocrx_word' id='word_1_99' title='bbox 518 1002 628 1026; x_wconf 91' lang='lat' dir='ltr'>curre</span> <span class='ocrx_word' id='word_1_100' title='bbox 649 1000 824 1037; x_wconf 81' lang='lat' dir='ltr'>opsecro,</span> <span class='ocrx_word' id='word_1_101' title='bbox 848 993 999 1036; x_wconf 89' lang='lat' dir='ltr'>patrem</span> <span class='ocrx_word' id='word_1_102' title='bbox 1021 986 1098 1022; x_wconf 87' lang='lat' dir='ltr'>huc</span> <span class='ocrx_word' id='word_1_103' title='bbox 1119 991 1229 1022; x_wconf 86' lang='lat' dir='ltr'>orato</span> <span class='ocrx_word' id='word_1_104' title='bbox 1249 991 1291 1021; x_wconf 89' lang='lat' dir='ltr'>ut</span> <span class='ocrx_word' id='word_1_105' title='bbox 1311 982 1454 1030; x_wconf 82' lang='lat' dir='ltr'>ueniat.</span> <span class='ocrx_word' id='word_1_106' title='bbox 1657 986 1725 1021; x_wconf 88' lang='lat'>740</span> 
     </span>
     <span class='ocr_line' id='line_1_20' title="bbox 306 1046 1635 1098; baseline -0.005 -7"><span class='ocrx_word' id='word_1_107' title='bbox 306 1055 376 1091; x_wconf 83' lang='lat' dir='ltr'>LE.</span> <span class='ocrx_word' id='word_1_108' title='bbox 408 1053 485 1091; x_wconf 86' lang='lat' dir='ltr'>iam</span> <span class='ocrx_word' id='word_1_109' title='bbox 516 1055 670 1092; x_wconf 90' lang='lat' dir='ltr'>dudum</span> <span class='ocrx_word' id='word_1_110' title='bbox 700 1059 758 1090; x_wconf 89' lang='lat' dir='ltr'>est</span> <span class='ocrx_word' id='word_1_111' title='bbox 788 1052 904 1089; x_wconf 84' lang='lat' dir='ltr'>intus.</span> <span class='ocrx_word' id='word_1_112' title='bbox 963 1053 1068 1088; x_wconf 86' lang='lat' dir='ltr'>ARG.</span> <span class='ocrx_word' id='word_1_113' title='bbox 1102 1051 1176 1087; x_wconf 86' lang='lat' dir='ltr'>hac</span> <span class='ocrx_word' id='word_1_114' title='bbox 1206 1048 1369 1098; x_wconf 88' lang='lat' dir='ltr'>quidem</span> <span class='ocrx_word' id='word_1_115' title='bbox 1403 1060 1484 1085; x_wconf 90' lang='lat' dir='ltr'>non</span> <span class='ocrx_word' id='word_1_116' title='bbox 1515 1046 1635 1084; x_wconf 82' lang='lat' dir='ltr'>uenit.</span> 
     </span>
     <span class='ocr_line' id='line_1_21' title="bbox 1330 1111 1638 1162; baseline -0.006 -11"><span class='ocrx_word' id='word_1_117' title='bbox 1330 1115 1400 1151; x_wconf 81' lang='lat' dir='ltr'>LE.</span> <span class='ocrx_word' id='word_1_118' title='bbox 1432 1111 1638 1162; x_wconf 85' lang='lat' dir='ltr'>angiporto</span> 
     </span>
     <span class='ocr_line' id='line_1_22' title="bbox 306 1178 1441 1234; baseline -0.006 -12"><span class='ocrx_word' id='word_1_119' title='bbox 306 1185 392 1222; x_wconf 78' lang='lat' dir='ltr'>illac</span> <span class='ocrx_word' id='word_1_120' title='bbox 413 1197 481 1234; x_wconf 91' lang='lat' dir='ltr'>per</span> <span class='ocrx_word' id='word_1_121' title='bbox 501 1186 659 1222; x_wconf 90' lang='lat' dir='ltr'>hortum</span> <span class='ocrx_word' id='word_1_122' title='bbox 681 1183 828 1222; x_wconf 88' lang='lat' dir='ltr'>circum</span> <span class='ocrx_word' id='word_1_123' title='bbox 849 1182 892 1220; x_wconf 92' lang='lat' dir='ltr'>iit</span> <span class='ocrx_word' id='word_1_124' title='bbox 912 1183 1024 1228; x_wconf 87' lang='lat' dir='ltr'>clam,</span> <span class='ocrx_word' id='word_1_125' title='bbox 1049 1193 1099 1219; x_wconf 88' lang='lat' dir='ltr'>ne</span> <span class='ocrx_word' id='word_1_126' title='bbox 1119 1179 1206 1230; x_wconf 86' lang='lat' dir='ltr'>quis</span> <span class='ocrx_word' id='word_1_127' title='bbox 1228 1192 1269 1217; x_wconf 92' lang='lat' dir='ltr'>se</span> <span class='ocrx_word' id='word_1_128' title='bbox 1289 1178 1441 1217; x_wconf 89' lang='lat' dir='ltr'>uideret</span> 
     </span>
     <span class='ocr_line' id='line_1_23' title="bbox 306 1243 1320 1287; baseline -0.006 0"><span class='ocrx_word' id='word_1_129' title='bbox 306 1251 382 1287; x_wconf 88' lang='lat' dir='ltr'>huc</span> <span class='ocrx_word' id='word_1_130' title='bbox 403 1249 456 1287; x_wconf 89' lang='lat' dir='ltr'>ire</span> <span class='ocrx_word' id='word_1_131' title='bbox 477 1249 725 1287; x_wconf 79' lang='lat' dir='ltr'>familiarium</span> <span class='ocrx_word' id='word_1_132' title='bbox 743 1264 750 1286; x_wconf 90' lang='lat'>:</span> <span class='ocrx_word' id='word_1_133' title='bbox 780 1261 831 1285; x_wconf 89' lang='lat' dir='ltr'>ne</span> <span class='ocrx_word' id='word_1_134' title='bbox 851 1260 947 1285; x_wconf 85' lang='lat' dir='ltr'>uxor</span> <span class='ocrx_word' id='word_1_135' title='bbox 967 1245 1150 1284; x_wconf 84' lang='lat' dir='ltr'>resciscat</span> <span class='ocrx_word' id='word_1_136' title='bbox 1171 1243 1320 1282; x_wconf 86' lang='lat' dir='ltr'>metuit.</span> 
     </span>
     <span class='ocr_line' id='line_1_24' title="bbox 305 1307 1527 1364; baseline -0.007 -11"><span class='ocrx_word' id='word_1_137' title='bbox 305 1316 355 1353; x_wconf 90' lang='lat' dir='ltr'>de</span> <span class='ocrx_word' id='word_1_138' title='bbox 375 1322 536 1364; x_wconf 85' lang='lat' dir='ltr'>argento</span> <span class='ocrx_word' id='word_1_139' title='bbox 557 1314 589 1352; x_wconf 93' lang='lat' dir='ltr'>si</span> <span class='ocrx_word' id='word_1_140' title='bbox 609 1322 733 1353; x_wconf 87' lang='lat' dir='ltr'>mater</span> <span class='ocrx_word' id='word_1_141' title='bbox 752 1321 820 1351; x_wconf 91' lang='lat' dir='ltr'>tua</span> <span class='ocrx_word' id='word_1_142' title='bbox 840 1312 936 1351; x_wconf 84' lang='lat' dir='ltr'>sciat</span> <span class='ocrx_word' id='word_1_143' title='bbox 957 1319 998 1350; x_wconf 90' lang='lat' dir='ltr'>ut</span> <span class='ocrx_word' id='word_1_144' title='bbox 1019 1311 1067 1349; x_wconf 86' lang='lat' dir='ltr'>sit</span> <span class='ocrx_word' id='word_1_145' title='bbox 1087 1311 1396 1348; x_wconf 80' lang='lat' dir='ltr'>factum—ARG.</span> <span class='ocrx_word' id='word_1_146' title='bbox 1428 1307 1527 1354; x_wconf 87' lang='lat' dir='ltr'>heia,</span> 
     </span>
    </p>
   </div>
   <div class='ocr_carea' id='block_1_8' title="bbox 305 1374 1721 1476">
    <p class='ocr_par' dir='ltr' id='par_1_8' title="bbox 305 1374 1721 1476">
     <span class='ocr_line' id='line_1_25' title="bbox 305 1374 1721 1419; baseline -0.007 0"><span class='ocrx_word' id='word_1_147' title='bbox 305 1381 407 1419; x_wconf 89' lang='lat' dir='ltr'>bene</span> <span class='ocrx_word' id='word_1_148' title='bbox 437 1380 566 1419; x_wconf 87' lang='lat' dir='ltr'>dicite.</span> <span class='ocrx_word' id='word_1_149' title='bbox 628 1381 686 1417; x_wconf 95' lang='lat' dir='ltr'>L1.</span> <span class='ocrx_word' id='word_1_150' title='bbox 721 1379 773 1417; x_wconf 87' lang='lat' dir='ltr'>ite</span> <span class='ocrx_word' id='word_1_151' title='bbox 794 1378 897 1416; x_wconf 86' lang='lat' dir='ltr'>intro</span> <span class='ocrx_word' id='word_1_152' title='bbox 917 1377 1006 1415; x_wconf 82' lang='lat' dir='ltr'>cito.</span> <span class='ocrx_word' id='word_1_153' title='bbox 1066 1378 1172 1414; x_wconf 82' lang='lat' dir='ltr'>ARG.</span> <span class='ocrx_word' id='word_1_154' title='bbox 1204 1374 1473 1413; x_wconf 59' lang='lat' dir='ltr'>nalem—LE.</span> <span class='ocrx_word' id='word_1_155' title='bbox 1506 1380 1545 1410; x_wconf 92' lang='lat' dir='ltr'>et</span> <span class='ocrx_word' id='word_1_156' title='bbox 1564 1385 1636 1410; x_wconf 89' lang='lat' dir='ltr'>uos</span> <span class='ocrx_word' id='word_1_157' title='bbox 1655 1383 1721 1419; x_wconf 82' lang='lat'>745</span> 
     </span>
     <span class='ocr_line' id='line_1_26' title="bbox 1441 1445 1636 1476; baseline -0.005 0"><span class='ocrx_word' id='word_1_158' title='bbox 1441 1445 1636 1476; x_wconf 76' lang='lat' dir='ltr'>amate.—</span> 
     </span>
    </p>
   </div>
   <div class='ocr_carea' id='block_1_9' title="bbox 794 1685 1156 1735">
    <p class='ocr_par' dir='ltr' id='par_1_9' title="bbox 794 1685 1156 1735">
     <span class='ocr_line' id='line_1_27' title="bbox 794 1685 1156 1735; baseline -0.011 0"><span class='ocrx_word' id='word_1_159' title='bbox 794 1686 1030 1735; x_wconf 82' lang='lat' dir='ltr'>ACTVS</span> <span class='ocrx_word' id='word_1_160' title='bbox 1083 1685 1156 1732; x_wconf 91' lang='lat' dir='ltr'>IV</span> 
     </span>
    </p>
   </div>
   <div class='ocr_carea' id='block_1_10' title="bbox 618 1804 1338 1842">
    <p class='ocr_par' dir='ltr' id='par_1_10' title="bbox 618 1804 1338 1842">
     <span class='ocr_line' id='line_1_28' title="bbox 618 1804 1338 1842; baseline -0.008 0"><span class='ocrx_word' id='word_1_161' title='bbox 618 1805 907 1842; x_wconf 83' lang='lat' dir='ltr'>D1ABOLvs</span> <span class='ocrx_word' id='word_1_162' title='bbox 1020 1804 1338 1839; x_wconf 79' lang='lat' dir='ltr'>PARASITVS</span> 
     </span>
    </p>
   </div>
   <div class='ocr_carea' id='block_1_11' title="bbox 307 1896 1596 2084">
    <p class='ocr_par' dir='ltr' id='par_1_11' title="bbox 307 1896 1596 2084">
     <span class='ocr_line' id='line_1_29' title="bbox 309 1896 1596 1954; baseline -0.007 -12"><span class='ocrx_word' id='word_1_163' title='bbox 309 1906 374 1942; x_wconf 90' lang='lat' dir='ltr'>D1.</span> <span class='ocrx_word' id='word_1_164' title='bbox 407 1904 592 1954; x_wconf 83' lang='lat' dir='ltr'>Agedum</span> <span class='ocrx_word' id='word_1_165' title='bbox 612 1902 732 1940; x_wconf 87' lang='lat' dir='ltr'>istum</span> <span class='ocrx_word' id='word_1_166' title='bbox 753 1902 920 1940; x_wconf 83' lang='lat' dir='ltr'>ostende</span> <span class='ocrx_word' id='word_1_167' title='bbox 940 1913 1059 1951; x_wconf 87' lang='lat' dir='ltr'>quern</span> <span class='ocrx_word' id='word_1_168' title='bbox 1080 1897 1312 1948; x_wconf 86' lang='lat' dir='ltr'>conscripsti</span> <span class='ocrx_word' id='word_1_169' title='bbox 1333 1896 1596 1947; x_wconf 87' lang='lat' dir='ltr'>syngraphum</span> 
     </span>
     <span class='ocr_line' id='line_1_30' title="bbox 307 1965 1301 2015; baseline -0.006 -8"><span class='ocrx_word' id='word_1_170' title='bbox 307 1970 407 2007; x_wconf 89' lang='lat' dir='ltr'>inter</span> <span class='ocrx_word' id='word_1_171' title='bbox 426 1982 491 2007; x_wconf 88' lang='lat' dir='ltr'>me</span> <span class='ocrx_word' id='word_1_172' title='bbox 511 1976 549 2007; x_wconf 90' lang='lat' dir='ltr'>et</span> <span class='ocrx_word' id='word_1_173' title='bbox 568 1967 736 2006; x_wconf 86' lang='lat' dir='ltr'>amicam</span> <span class='ocrx_word' id='word_1_174' title='bbox 757 1974 796 2005; x_wconf 88' lang='lat' dir='ltr'>et</span> <span class='ocrx_word' id='word_1_175' title='bbox 815 1968 957 2005; x_wconf 86' lang='lat' dir='ltr'>lenam.</span> <span class='ocrx_word' id='word_1_176' title='bbox 1016 1967 1120 2015; x_wconf 87' lang='lat' dir='ltr'>leges</span> <span class='ocrx_word' id='word_1_177' title='bbox 1140 1965 1301 2014; x_wconf 82' lang='lat' dir='ltr'>pellege.</span> 
     </span>
     <span class='ocr_line' id='line_1_31' title="bbox 308 2028 1270 2084; baseline -0.006 -12"><span class='ocrx_word' id='word_1_178' title='bbox 308 2048 399 2072; x_wconf 87' lang='lat' dir='ltr'>nam</span> <span class='ocrx_word' id='word_1_179' title='bbox 420 2042 461 2072; x_wconf 88' lang='lat' dir='ltr'>tu</span> <span class='ocrx_word' id='word_1_180' title='bbox 481 2041 599 2084; x_wconf 89' lang='lat' dir='ltr'>poeta</span> <span class='ocrx_word' id='word_1_181' title='bbox 619 2046 660 2071; x_wconf 89' lang='lat' dir='ltr'>es</span> <span class='ocrx_word' id='word_1_182' title='bbox 680 2045 819 2083; x_wconf 89' lang='lat' dir='ltr'>prosus</span> <span class='ocrx_word' id='word_1_183' title='bbox 839 2033 890 2070; x_wconf 91' lang='lat' dir='ltr'>ad</span> <span class='ocrx_word' id='word_1_184' title='bbox 910 2044 997 2069; x_wconf 85' lang='lat' dir='ltr'>eam</span> <span class='ocrx_word' id='word_1_185' title='bbox 1018 2043 1100 2068; x_wconf 90' lang='lat' dir='ltr'>rem</span> <span class='ocrx_word' id='word_1_186' title='bbox 1121 2028 1270 2067; x_wconf 71' lang='lat' dir='ltr'>unicus</span> 
     </span>
    </p>
   </div>
   <div class='ocr_carea' id='block_1_12' title="bbox 308 2130 1640 2221">
    <p class='ocr_par' dir='ltr' id='par_1_12' title="bbox 308 2130 1640 2221">
     <span class='ocr_line' id='line_1_32' title="bbox 352 2130 1637 2178; baseline -0.009 -9"><span class='ocrx_word' id='word_1_187' title='bbox 352 2148 414 2178; x_wconf 85' lang='lat'>733</span> <span class='ocrx_word' id='word_1_188' title='bbox 438 2138 487 2168; x_wconf 84' lang='lat' dir='ltr'>vel</span> <span class='ocrx_word' id='word_1_189' title='bbox 500 2138 557 2167; x_wconf 89' lang='lat' dir='ltr'>ted</span> <span class='ocrx_word' id='word_1_190' title='bbox 625 2142 777 2176; x_wconf 85' lang='lat' dir='ltr'>tempore</span> <span class='ocrx_word' id='word_1_191' title='bbox 793 2135 858 2167; x_wconf 85' lang='lat' dir='ltr'>cod.</span> <span class='ocrx_word' id='word_1_192' title='bbox 882 2136 918 2176; x_wconf 77' lang='lat' dir='ltr'>(i.</span> <span class='ocrx_word' id='word_1_193' title='bbox 939 2136 973 2176; x_wconf 81' lang='grc'>7)</span> <span class='ocrx_word' id='word_1_194' title='bbox 1080 2135 1142 2173; x_wconf 81' lang='lat'>736</span> <span class='ocrx_word' id='word_1_195' title='bbox 1166 2137 1201 2162; x_wconf 86' lang='lat' dir='ltr'>ut</span> <span class='ocrx_word' id='word_1_196' title='bbox 1218 2131 1280 2162; x_wconf 83' lang='lat' dir='ltr'>sibi</span> <span class='ocrx_word' id='word_1_197' title='bbox 1297 2130 1469 2160; x_wconf 83' lang='lat' dir='ltr'>Fleckeisen</span> <span class='ocrx_word' id='word_1_198' title='bbox 1575 2131 1637 2168; x_wconf 82' lang='lat'>738</span> 
     </span>
     <span class='ocr_line' id='line_1_33' title="bbox 308 2172 1640 2221; baseline -0.009 -8"><span class='ocrx_word' id='word_1_199' title='bbox 308 2181 489 2221; x_wconf 84' lang='lat' dir='ltr'>discipulos</span> <span class='ocrx_word' id='word_1_200' title='bbox 512 2192 591 2213; x_wconf 81' lang='lat' dir='ltr'>corr.</span> <span class='ocrx_word' id='word_1_201' title='bbox 617 2182 787 2220; x_wconf 84' lang='lat' dir='ltr'>dispulsos</span> <span class='ocrx_word' id='word_1_202' title='bbox 809 2179 874 2211; x_wconf 88' lang='lat' dir='ltr'>cod.</span> <span class='ocrx_word' id='word_1_203' title='bbox 986 2182 1055 2218; x_wconf 87' lang='lat' dir='ltr'>pat.</span> <span class='ocrx_word' id='word_1_204' title='bbox 1079 2178 1161 2215; x_wconf 88' lang='lat' dir='ltr'>Arg.</span> <span class='ocrx_word' id='word_1_205' title='bbox 1185 2174 1345 2215; x_wconf 77' lang='lat' dir='ltr'>supplevit</span> <span class='ocrx_word' id='word_1_206' title='bbox 1367 2172 1550 2213; x_wconf 80' lang='lat' dir='ltr'>Angelius:</span> <span class='ocrx_word' id='word_1_207' title='bbox 1583 2174 1640 2203; x_wconf 64' lang='lat' dir='ltr'>viz·</span> 
     </span>
    </p>
   </div>
   <div class='ocr_carea' id='block_1_13' title="bbox 254 2215 1640 2264">
    <p class='ocr_par' dir='ltr' id='par_1_13' title="bbox 254 2215 1640 2264">
     <span class='ocr_line' id='line_1_34' title="bbox 254 2215 1640 2264; baseline -0.008 -7"><span class='ocrx_word' id='word_1_208' title='bbox 254 2242 262 2252; x_wconf 54' lang='lat' dir='ltr'>x</span> <span class='ocrx_word' id='word_1_209' title='bbox 310 2225 473 2256; x_wconf 90' lang='lat' dir='ltr'>Leonida.</span> <span class='ocrx_word' id='word_1_210' title='bbox 525 2225 583 2255; x_wconf 74' lang='lat' dir='ltr'>LE.</span> <span class='ocrx_word' id='word_1_211' title='bbox 604 2226 748 2264; x_wconf 83' lang='lat' dir='ltr'>patierin</span> <span class='ocrx_word' id='word_1_212' title='bbox 767 2224 826 2264; x_wconf 83' lang='lat' dir='ltr'>(iii.</span> <span class='ocrx_word' id='word_1_213' title='bbox 847 2224 883 2262; x_wconf 71' lang='lat'>2)</span> <span class='ocrx_word' id='word_1_214' title='bbox 989 2232 1052 2261; x_wconf 86' lang='lat'>739</span> <span class='ocrx_word' id='word_1_215' title='bbox 1074 2224 1205 2260; x_wconf 83' lang='lat' dir='ltr'>patrem</span> <span class='ocrx_word' id='word_1_216' title='bbox 1219 2243 1226 2249; x_wconf 88' lang='lat'>.</span> <span class='ocrx_word' id='word_1_217' title='bbox 1243 2242 1251 2250; x_wconf 92' lang='lat'>.</span> <span class='ocrx_word' id='word_1_218' title='bbox 1268 2243 1273 2249; x_wconf 86' lang='lat'>.</span> <span class='ocrx_word' id='word_1_219' title='bbox 1292 2222 1383 2248; x_wconf 86' lang='lat' dir='ltr'>tuom</span> <span class='ocrx_word' id='word_1_220' title='bbox 1401 2227 1466 2247; x_wconf 80' lang='lat' dir='ltr'>om.</span> <span class='ocrx_word' id='word_1_221' title='bbox 1487 2215 1564 2254; x_wconf 84' lang='lat' dir='ltr'>cod.,</span> <span class='ocrx_word' id='word_1_222' title='bbox 1582 2216 1640 2246; x_wconf 84' lang='lat' dir='ltr'>sed</span> 
     </span>
    </p>
   </div>
   <div class='ocr_carea' id='block_1_14' title="bbox 307 2259 1636 2396">
    <p class='ocr_par' dir='ltr' id='par_1_14' title="bbox 307 2259 1636 2396">
     <span class='ocr_line' id='line_1_35' title="bbox 307 2259 1633 2309; baseline -0.008 -9"><span class='ocrx_word' id='word_1_223' title='bbox 307 2280 418 2300; x_wconf 80' lang='lat' dir='ltr'>versus</span> <span class='ocrx_word' id='word_1_224' title='bbox 433 2272 518 2299; x_wconf 78' lang='lat' dir='ltr'>totus</span> <span class='ocrx_word' id='word_1_225' title='bbox 536 2268 627 2308; x_wconf 78' lang='lat' dir='ltr'>infra</span> <span class='ocrx_word' id='word_1_226' title='bbox 641 2272 712 2308; x_wconf 74' lang='lat' dir='ltr'>post</span> <span class='ocrx_word' id='word_1_227' title='bbox 728 2279 757 2298; x_wconf 88' lang='lat' dir='ltr'>v.</span> <span class='ocrx_word' id='word_1_228' title='bbox 780 2268 844 2306; x_wconf 87' lang='lat'>760</span> <span class='ocrx_word' id='word_1_229' title='bbox 861 2269 1007 2309; x_wconf 51' lang='lat' dir='ltr'>apparet!</span> <span class='ocrx_word' id='word_1_230' title='bbox 1011 2265 1057 2298; x_wconf 82' lang='lat' dir='ltr'>(ii.</span> <span class='ocrx_word' id='word_1_231' title='bbox 1077 2265 1114 2301; x_wconf 82' lang='lat'>6)</span> <span class='ocrx_word' id='word_1_232' title='bbox 1248 2272 1311 2300; x_wconf 83' lang='lat'>740</span> <span class='ocrx_word' id='word_1_233' title='bbox 1334 2272 1360 2292; x_wconf 88' lang='lat' dir='ltr'>e.</span> <span class='ocrx_word' id='word_1_234' title='bbox 1381 2271 1411 2291; x_wconf 93' lang='grc' dir='ltr'>ο.</span> <span class='ocrx_word' id='word_1_235' title='bbox 1432 2261 1468 2291; x_wconf 90' lang='lat' dir='ltr'>L.</span> <span class='ocrx_word' id='word_1_236' title='bbox 1489 2259 1633 2293; x_wconf 80' lang='lat' dir='ltr'>Mueller,</span> 
     </span>
     <span class='ocr_line' id='line_1_36' title="bbox 307 2303 1636 2351; baseline -0.009 -7"><span class='ocrx_word' id='word_1_237' title='bbox 307 2314 360 2344; x_wconf 78' lang='lat' dir='ltr'>cui</span> <span class='ocrx_word' id='word_1_238' title='bbox 377 2313 529 2343; x_wconf 75' lang='lat' dir='ltr'>Leonida</span> <span class='ocrx_word' id='word_1_239' title='bbox 548 2312 687 2351; x_wconf 79' lang='lat' dir='ltr'>displicet</span> <span class='ocrx_word' id='word_1_240' title='bbox 841 2319 902 2348; x_wconf 82' lang='lat'>742</span> <span class='ocrx_word' id='word_1_241' title='bbox 926 2309 977 2339; x_wconf 82' lang='lat' dir='ltr'>vel</span> <span class='ocrx_word' id='word_1_242' title='bbox 992 2309 1109 2339; x_wconf 81' lang='lat' dir='ltr'>circuit</span> <span class='ocrx_word' id='word_1_243' title='bbox 1205 2305 1329 2336; x_wconf 87' lang='lat' dir='ltr'>uiderit</span> <span class='ocrx_word' id='word_1_244' title='bbox 1345 2303 1412 2334; x_wconf 85' lang='lat' dir='ltr'>cod.</span> <span class='ocrx_word' id='word_1_245' title='bbox 1573 2305 1636 2342; x_wconf 86' lang='lat'>746</span> 
     </span>
     <span class='ocr_line' id='line_1_37' title="bbox 308 2347 1535 2396; baseline -0.009 -9"><span class='ocrx_word' id='word_1_246' title='bbox 308 2356 537 2396; x_wconf 83' lang='lat' dir='ltr'>conscripsisti</span> <span class='ocrx_word' id='word_1_247' title='bbox 558 2355 636 2393; x_wconf 62' lang='lat' dir='ltr'>cod„</span> <span class='ocrx_word' id='word_1_248' title='bbox 654 2356 728 2385; x_wconf 84' lang='lat' dir='ltr'>ilem</span> <span class='ocrx_word' id='word_1_249' title='bbox 750 2352 838 2384; x_wconf 88' lang='lat' dir='ltr'>codd.</span> <span class='ocrx_word' id='word_1_250' title='bbox 859 2352 964 2382; x_wconf 77' lang='lat' dir='ltr'>Nonii</span> <span class='ocrx_word' id='word_1_251' title='bbox 980 2360 1052 2390; x_wconf 79' lang='lat'>225,</span> <span class='ocrx_word' id='word_1_252' title='bbox 1076 2349 1237 2381; x_wconf 72' lang='lat' dir='ltr'>Prisciani</span> <span class='ocrx_word' id='word_1_253' title='bbox 1254 2359 1279 2389; x_wconf 85' lang='lat'>1,</span> <span class='ocrx_word' id='word_1_254' title='bbox 1299 2359 1341 2387; x_wconf 84' lang='lat'>50</span> <span class='ocrx_word' id='word_1_255' title='bbox 1359 2348 1403 2388; x_wconf 85' lang='lat' dir='ltr'>(v,</span> <span class='ocrx_word' id='word_1_256' title='bbox 1424 2357 1454 2386; x_wconf 89' lang='lat' dir='ltr'>p.</span> <span class='ocrx_word' id='word_1_257' title='bbox 1478 2347 1535 2387; x_wconf 87' lang='lat'>78)</span> 
     </span>
    </p>
   </div>
  </div>
 </body>
</html>
