1814 2723
212 54 357 90 111.iv
727 52 773 88 T.
807 48 988 88 MACCI
1020 48 1225 85 PLAVTI

313 165 385 201 Ev.
419 162 515 213 qui?
573 163 649 202 CH.
683 161 775 211 quia
801 161 1008 210 aequalem
1029 165 1068 197 et
1094 158 1283 203 sodalem,
1306 155 1473 195 liberum
1500 154 1640 200 ciuem,

1497 219 1640 258 enicas.

314 295 386 331 EV.
419 306 468 331 ne
489 291 529 330 di
551 291 683 330 sirint!
742 291 820 329 CH.
852 288 1046 328 demisisti
1065 286 1241 338 gladium
1268 285 1308 324 in
1335 285 1535 335 iugulum:
1566 283 1644 321 iam

1491 349 1642 387 cadam.

314 425 386 461 Ev.
424 436 571 473 quaeso
610 422 751 468 hercle,
784 419 962 457 animum
1001 432 1051 457 ne
1089 418 1305 467 desponde.
1384 416 1461 454 CH.
1498 415 1646 451 nullust

1220 494 1338 531 quem
1360 479 1642 529 despondeam.

254 568 295 598 30
313 555 474 603 loquere
503 565 620 602 porro
648 550 765 589 aliam
796 551 940 588 malam
970 562 1062 587 rem.
1122 546 1231 597 quoii
1263 553 1321 584 est
1352 545 1514 595 empta?
1570 544 1641 580 Ev.
1663 546 1730 591 615

1499 607 1643 647 nescio.

313 683 391 721 iarn
424 682 584 721 addicta
613 689 733 732 atque
766 681 940 719 abducta
971 686 1062 725 erat,
1094 690 1217 727 quom
1247 677 1298 714 ad
1328 682 1485 725 portum
1514 672 1644 712 uenio.

1328 742 1404 780 CH.
1432 753 1506 778 uae
1526 738 1620 776 mihi
1641 741 1646 776 !

315 813 460 852 montis
481 821 523 851 tu
545 812 707 862 quidem
730 810 822 849 mali
843 810 884 848 in
905 823 969 848 me
988 807 1161 847 ardentis
1182 807 1260 844 iam
1281 807 1434 844 dudum
1455 803 1559 842 iacis.

314 892 441 929 perge,
465 877 655 924 excrucia,
679 877 874 921 carnufex,
899 872 1228 924 quandoquidem
1249 869 1437 920 occepisti
1459 869 1590 907 semel.

316 946 389 982 EV.
420 957 502 982 non
523 942 594 981 tibi
614 942 715 980 istuc
737 940 860 991 magis
881 939 1103 985 diuidiaest‚
1128 950 1248 987 quam
1269 936 1366 974 mihi
1386 934 1506 973 hodie
1527 934 1609 972 fuit.

257 1019 295 1051 35
316 1010 393 1049 CH.
417 1008 492 1055 dic,
517 1007 604 1058 quis
625 1006 749 1046 emit?
790 1007 863 1043 EV.
886 1004 1021 1043 neseio
1037 1004 1178 1042 hercle.
1230 1002 1308 1041 CH.
1333 1002 1424 1039 hem
1446 998 1650 1038 istucinest
1668 1003 1737 1036 620

1375 1078 1537 1116 operam
1557 1065 1651 1102 dare

316 1140 466 1178 bonum
499 1139 706 1177 sodalem?
777 1138 850 1174 Ev.
882 1134 979 1185 quid
1014 1147 1078 1172 me
1108 1135 1236 1172 facere
1270 1131 1358 1170 uis?
1429 1131 1507 1170 CH.
1543 1128 1651 1167 idem

1311 1197 1420 1247 quod
1441 1208 1505 1233 me
1524 1193 1647 1241 uides,

316 1278 359 1309 ut
379 1283 525 1320 pereas.
585 1267 681 1318 quin
702 1266 966 1318 percontatu's
987 1263 1160 1303 hominis
1181 1276 1282 1313 quae
1302 1261 1421 1300 facies
1442 1261 1540 1298 foret
1593 1257 1596 1260 ’

316 1336 385 1387 qui
404 1335 510 1373 illam
532 1334 713 1372 emisset:
744 1346 792 1371 eo
812 1332 844 1370 si
864 1339 982 1382 pacto
1002 1337 1136 1380 posset
1155 1327 1374 1379 indagarier

317 1400 486 1440 mulier?
520 1401 597 1437 heu
629 1412 692 1437 me
723 1397 934 1436 miserum!
1003 1397 1075 1433 Ev.
1113 1396 1205 1433 flere
1232 1392 1381 1440 omitte,
1410 1391 1511 1430 istuc
1542 1389 1651 1440 quod

1430 1469 1537 1494 nune
1556 1454 1648 1504 agis.

257 1545 300 1578 40
318 1531 414 1582 quid
435 1544 508 1581 ego
529 1529 633 1568 feei?
692 1530 769 1568 CH.
794 1526 999 1578 perdidisti
1021 1540 1084 1565 rne
1105 1533 1143 1564 et
1164 1526 1285 1563 fidem
1306 1536 1464 1561 meeum
1484 1528 1622 1560 tuam.'
1671 1525 1738 1570 625

320 1599 392 1636 EV.
424 1596 465 1635 di
499 1596 628 1634 sciunt
659 1596 817 1645 culpam
848 1606 978 1631 meam
1008 1592 1133 1630 istanc
1159 1603 1241 1628 non
1268 1602 1354 1628 esse
1380 1589 1511 1626 ullam.
1571 1586 1649 1625 CH.

1451 1655 1625 1703 eiigepae
1645 1653 1652 1689 !

319 1730 416 1767 deos
436 1726 610 1778 apsentis
631 1726 740 1765 testis
762 1738 957 1764 memoras
974 1740 981 1762 :
1012 1724 1080 1774 qui
1101 1735 1174 1772 ego
1195 1721 1295 1759 istuc
1316 1719 1474 1758 credam
1495 1715 1596 1755 tibi?

321 1796 393 1833 Ev.
427 1793 518 1844 quia
539 1793 609 1831 tibi
630 1792 671 1830 in
692 1805 812 1830 manu
833 1798 891 1829 est
912 1790 1023 1840 quod
1042 1789 1190 1834 credas,
1213 1799 1287 1836 ego
1313 1785 1423 1835 quod
1449 1782 1590 1828 dicam,
1613 1780 1653 1819 id

1305 1849 1402 1888 mihi
1422 1848 1463 1886 in
1483 1853 1650 1886 manust.

321 1926 398 1965 CH.
431 1925 481 1963 de
501 1924 598 1962 istac
618 1937 658 1961 re
685 1922 689 1971 ἱ
715 1930 873 1973 argutus
893 1934 944 1967 es,
968 1927 1010 1958 ut
1031 1933 1099 1970 par
1119 1917 1201 1969 pari
1221 1915 1472 1966 respondeas,

260 2001 301 2032 45
321 1992 371 2029 ad
393 1991 580 2028 mandata
600 1989 775 2035 claudus,
799 1999 950 2032 caecus,
974 1992 1118 2030 mutus,
1142 1994 1319 2028 maneus,
1340 1978 1491 2018 debilis.
1673 1975 1743 2018 630

320 2054 578 2107 promittebas
600 2061 638 2092 te
659 2067 703 2091 os
724 2051 921 2091 sublinere
942 2064 1032 2088 meo
1052 2048 1151 2099 patri
1169 2064 1175 2086 :
1206 2052 1362 2096 egomet
1383 2042 1532 2082 credidi

363 2162 428 2199 613
453 2158 617 2190 desierint
631 2157 670 2198 P,
692 2158 723 2186 A
744 2168 774 2187 n.
793 2157 812 2188 I.
895 2155 1010 2194 guium
1023 2153 1056 2183 P
1152 2152 1215 2181 618
1241 2150 1425 2181 carnufexa
1439 2147 1474 2178 P
1566 2147 1653 2185 619—

320 2205 362 2235 80
379 2203 463 2234 deest
477 2202 509 2232 A
667 2202 792 2240 619-24
823 2197 1033 2229 retractatoris
1050 2207 1113 2227 esse
1124 2198 1267 2236 possunt
1413 2194 1477 2230 619
1501 2201 1569 2221 non
1587 2188 1652 2220 cod.

276 2253 284 2262 “
326 2248 464 2278 Varron.
483 2245 520 2276 de
533 2245 571 2276 L.
588 2246 628 2276 L.
646 2255 676 2283 7,
693 2245 736 2274 60
752 2256 759 2274 :
783 2253 844 2273 nec
858 2241 924 2273 cod.
1017 2241 1082 2270 622
1106 2239 1222 2279 pacies
1238 2237 1303 2268 cod.
1323 2237 1417 2276 (corr.
1438 2233 1501 2273 ΒΞ)
1589 2233 1656 2263 626

321 2301 407 2330 euge
425 2300 514 2330 pape
532 2289 599 2330 (Le.
619 2297 725 2326 eugae
744 2287 863 2326 papae)
880 2285 914 2315 Β
1001 2285 1066 2315 628
1090 2283 1173 2313 mihi
1188 2282 1259 2324 [ea]
1278 2281 1310 2310 in
1329 2279 1393 2311 cod.
1412 2281 1487 2318 (aut
1497 2277 1656 2318 exglossa

322 2338 380 2365 aut
402 2345 442 2364 ex
462 2333 600 2373 antiqua
611 2333 730 2371 forma
755 2330 882 2361 mihei:
908 2339 949 2359 ea
968 2328 1027 2358 del.
1049 2327 1153 2357 Bothe
1297 2326 1361 2363 629
1386 2324 1404 2354 i.
1424 2322 1485 2353 red
1507 2319 1656 2352 Rz'tsclzl:

323 2389 359 2408 re
377 2379 460 2409 istac
477 2376 536 2407 alii
664 2376 730 2413 630
753 2374 802 2405 vel
816 2371 966 2404 claudu's
1099 2372 1160 2406 631
1187 2380 1251 2407 ego
1268 2378 1320 2398 me
1337 2366 1463 2397 Ritsclzl
