1742 2718
642 44 1018 82 CISTELLARIA
1381 43 1456 80 111.
1481 42 1491 79 i

623 232 880 280 ACTVS
935 231 1025 278 ΙΙΙ

208 336 506 372 MELAEle
591 335 883 370 SELENIVM
968 334 1455 370 ALCEs1MARchs
1519 334 1630 371 111.1

167 423 250 459 ME.
282 423 383 458 Rem
397 421 552 459 elocuta
567 433 654 457 sum
671 418 741 456 tibi
755 432 916 457 omnem
932 433 941 466 3
962 432 1162 469 sequeren,
1180 432 1268 457 mea
1281 419 1491 466 Selenium,

167 494 208 523 ut
232 498 367 524 eorum
387 484 547 534 quoiam
569 498 653 522 esse
674 491 829 534 oportet
849 491 887 522 te
908 484 958 521 sis
980 483 1109 533 potius
1131 497 1250 534 quam
1271 486 1387 522 mea?

166 563 406 599 quamquam
426 548 550 587 inuita
571 556 608 587 te
629 548 782 595 carebo,
805 547 982 585 animum
1003 561 1075 598 ego
1096 548 1282 587 inducam
1303 556 1435 587 tamen

167 622 208 652 ut
237 614 334 652 illud
352 613 479 666 <quod
507 613 627 651 minu'
654 611 802 665 meam)
822 626 941 663 quam
967 615 1074 651 tuam
1102 613 1141 651 in
1166 627 1247 651 rem
1275 614 1377 652 bene
1404 628 1494 653 con-

1136 680 1255 717 ducat
1275 680 1489 718 consulam.

77 750 144 794 635
165 758 257 783 nam
289 744 353 782 hic
387 743 602 794 crepundia
631 743 774 791 insunt,
805 743 1033 794 quibu⁷cum
1064 751 1101 782 te
1131 743 1195 781 illa
1225 743 1318 782 olim
1348 746 1399 783 ad
1431 759 1493 783 me
1513 759 1530 790 5

568 805 572 807 v
1342 808 1492 855 detulit,

166 888 267 925 quae
288 874 384 912 mihi
404 874 525 921 dedit,
548 881 728 924 parentes
750 881 788 912 te
809 881 851 912 ut
872 881 1113 924 cognoscant
1134 873 1294 912 facilius.

164 939 300 990 accipe
320 941 423 978 hanc
443 939 644 986 cistellam,
669 938 844 976 Halisca.
903 938 1072 988 agedum
1093 940 1202 988 pulta
1222 938 1305 977 illas
1326 940 1437 978 fores.

165 1005 229 1044 dic
250 1019 313 1043 me
333 1018 442 1043 orare
463 1012 504 1042 ut
524 1003 664 1054 aliquis
686 1003 790 1041 intus
811 1004 977 1053 prodeat
997 1016 1162 1053 propere
1183 1003 1302 1042 ocius.

14 1076 146 1120 639-40
164 1073 238 1109 AL.
270 1070 399 1120 recipe
429 1083 492 1108 me
520 1070 571 1107 ad
601 1076 650 1116 te,
675 1070 796 1115 Mors,
828 1067 1001 1106 amicum
1031 1074 1069 1106 et
1098 1067 1340 1107 beniuolum.
1401 1071 1490 1108 SEL.

1249 1141 1372 1172 mater
1392 1148 1490 1181 mea,

164 1200 349 1251 periimus
380 1199 553 1238 miserae.
612 1201 686 1237 AL.
718 1205 848 1236 utrum
875 1198 950 1235 hac
977 1210 1040 1235 me
1067 1196 1202 1235 feriam
1228 1210 1277 1235 an
1304 1198 1353 1236 ab
1382 1200 1494 1238 laeua
1515 1214 1554 1237 10

1361 1264 1461 1301 latus
1477 1265 1494 1301 ?

167 1333 250 1370 ME.
280 1329 376 1381 quid
393 1328 463 1368 tibi
478 1331 565 1367 est?
612 1330 701 1368 SEL.
726 1327 1066 1367 Alcesimarchum
1082 1341 1163 1366 non
1180 1327 1321 1366 uides?
1350 1329 1493 1367 ferrum

1374 1401 1491 1432 tenet.

165 1463 238 1500 AL.
270 1460 414 1511 ecquid
437 1460 548 1510 agis?
586 1464 790 1498 remorare.
850 1460 984 1497 lumen
1011 1458 1156 1509 linque.
1216 1460 1305 1497 SEL.
1337 1459 1492 1506 amabo,

1293 1522 1493 1571 accurrite,

165 1604 216 1629 ne
235 1604 276 1629 se
296 1590 512 1629 interemat.
571 1591 644 1628 AL.
677 1603 701 1628 o
722 1590 854 1628 Salute
876 1602 964 1627 mea
984 1590 1086 1627 salus
1108 1588 1308 1636 salubrior,

77 1657 143 1701 645
165 1663 207 1694 tu
227 1669 344 1702 nunc,
367 1654 399 1693 si
419 1668 492 1705 ego
512 1656 605 1693 uolo
625 1668 694 1693 seu
714 1656 820 1701 nolo,
843 1655 926 1692 sola
946 1668 1010 1692 me
1030 1661 1073 1692 ut
1094 1653 1227 1692 uiuam
1247 1654 1352 1693 facis.

165 1722 249 1758 ME.
281 1721 358 1758 hau
374 1719 533 1758 uoluisti
549 1719 649 1758 istuc
664 1733 845 1758 seuerum
862 1720 998 1758 facere.
1059 1720 1132 1756 AL.
1165 1718 1219 1756 nil
1232 1732 1389 1757 mecum
1410 1719 1492 1767 tibi,
1517 1736 1552 1768 15

164 1791 339 1823 mortuos
359 1784 430 1823 tibi
451 1798 561 1822 sum:
592 1785 694 1822 hanc
715 1791 756 1822 ut
777 1784 906 1822 habeo
927 1791 1077 1823 certum
1099 1791 1157 1822 est
1178 1797 1259 1822 non
1279 1783 1457 1823 amittere
1471 1799 1482 1832 3

164 1863 255 1887 nam
276 1850 406 1888 hercle
432 1849 510 1887 iam
536 1850 587 1888 ad
614 1863 676 1887 me
703 1849 1027 1900 adglutinandam
1056 1855 1180 1887 totam
1207 1849 1410 1886 decretum
1436 1856 1494 1888 est

1387 1914 1492 1952 dare.

207 2023 267 2060 631
295 2032 472 2061 sequerem
493 2021 652 2062 (sequere
674 2033 728 2054 me
745 2020 808 2062 Β3)
827 2032 902 2052 mea
924 2020 990 2052 cod.
1007 2032 1013 2052 z
1039 2030 1183 2060 sequere
1204 2020 1266 2050 hac
1289 2029 1342 2050 me
1360 2018 1497 2058 Seyffirt

164 2066 227 2104 633
244 2063 323 2106 (in)
335 2076 389 2096 an.
408 2064 548 2096 Mueller
562 2066 694 2105 (Rhez'n.
716 2064 804 2097 Mus.
824 2075 876 2104 54,
897 2065 975 2104 387⁸,
1121 2065 1184 2103 634
1208 2064 1313 2104 suppl.
1334 2062 1494 2102 Sejffert:

165 2113 201 2138 ut
217 2108 250 2139 il.
268 2112 359 2139 tuam
374 2109 464 2148 quod
480 2119 579 2148 quam
599 2120 707 2140 meam
726 2109 760 2139 in
779 2119 848 2139 rem
868 2107 1007 2138 Mueller
1020 2107 1094 2138 ibid.
1226 2108 1289 2147 637
1314 2107 1375 2137 has
1392 2105 1493 2136 liscas

164 2151 228 2182 cod.
325 2156 401 2201 post
423 2163 540 2183 nomen
565 2153 693 2193 aliquzd
712 2151 866 2182 ι”ηίενι-ιιίιᾉ
853 2162 901 2181 sse
925 2151 981 2189 (ab
1005 2149 1108 2192 s(ed)
1129 2150 1295 2191 mcipz'ens)
1308 2153 1442 2191 propter
1461 2160 1489 2180 v.

166 2205 229 2234 713
248 2205 294 2234 sq.
312 2195 436 2226 com'em't
450 2196 584 2236 Seyffert
707 2197 768 2234 641
797 2195 859 2225 hac
876 2194 944 2235 me]
964 2194 1083 2224 hacine
1100 2193 1186 2224 Brz'x
1309 2196 1373 2233 642
1398 2197 1492 2224 tenet

164 2238 288 2269 Bothe:
311 2242 446 2270 tenenst
469 2239 533 2269 cod.
560 2243 598 2270 ut
619 2238 692 2278 vid,
709 2240 791 2278 sort.
818 2241 893 2269 recte
1023 2238 1086 2276 645
1108 2237 1182 2268 sola
1202 2248 1258 2268 me
1280 2248 1324 2268 an
1346 2248 1401 2268 me
1422 2237 1493 2268 sola

165 2282 270 2313 mcert.
289 2281 353 2312 cod.
487 2283 552 2321 646
576 2283 686 2313 istunc
703 2281 769 2313 cod.
891 2282 955 2320 648
980 2280 1257 2320 adglutinandum
1274 2280 1338 2312 cod.
1357 2279 1491 2323 (-amJ)

209 2379 325 2402 PLAVT.
344 2380 355 2403 1
1364 2369 1406 2402 20
