1794 2728
191 113 218 148 Ι.

161 235 220 265 140

160 758 219 789 145

160 1079 219 1110 150

163 1917 224 1948 160

242 113 254 147 i
657 111 704 148 T.
739 111 919 149 MACCI
951 112 1155 148 PLAVTI

241 222 311 259 sed
339 220 425 270 quis
453 220 516 259 hic
537 229 595 259 est
622 222 883 270 homoquem
909 229 1001 259 ante
1027 220 1136 259 aedis
1164 220 1284 259 uideo
1311 221 1386 258 hoc
1414 220 1570 259 noctis?

1327 300 1407 324 non
1428 288 1565 336 placet.

242 353 325 389 ΜΕ.
358 352 505 389 nullust
534 352 610 389 hoc
641 352 908 389 metuculosus
938 364 1074 400 aeque.
1136 352 1200 389 So.
1233 350 1287 388 mi
1322 350 1361 388 in
1395 358 1568 389 mentem

1448 416 1566 463 uenit,

240 480 317 520 illic
338 482 459 519 homo
479 479 634 532 (hodie)
654 483 729 519 hoc
750 482 883 519 denuo
906 483 987 519 uolt
1009 481 1170 531 pallium
1192 483 1383 520 detexere.

242 548 325 584 ME.
358 542 468 584 timet
502 547 647 585 homo:
688 540 876 584 deludam
907 541 979 596 ego
1014 540 1135 584 illum.
1195 548 1259 585 So.
1292 546 1399 596 perii,
1431 548 1569 586 dentes
1591 561 1655 596 295

1370 611 1546 661 pruriunt
1562 626 1572 659 3

241 668 344 715 certe
364 676 643 715 aduenientem
666 675 729 714 hic
751 690 814 714 me
835 662 1007 726 hospitio
1029 664 1186 726 pugneo
1206 676 1438 726 accepturus
1459 684 1528 714 est.

240 743 359 780 credo
380 742 597 780 misericors
619 749 676 780 est
694 757 700 778 :
731 755 837 779 nunc
859 748 1064 790 propterea
1084 743 1193 791 quod
1213 755 1277 779 me
1298 754 1408 779 meus
1429 755 1517 779 erus

240 806 331 844 fecit
352 815 393 844 ut
414 806 626 855 uigilarem,
650 806 713 844 hic
734 806 875 856 pugnis
896 805 1010 844 faciet
1031 806 1151 844 hodie
1172 814 1214 844 ut
1234 806 1437 844 dormiam.

240 871 389 921 oppido
406 871 542 909 interii.
594 885 758 921 opsecro
774 873 916 918 hercle,
936 878 1105 921 quantus
1124 878 1161 909 et
1183 885 1301 920 quam
1319 870 1471 909 ualidus
1488 879 1545 909 est
1563 874 1568 908 1

242 938 324 973 ME.
357 938 458 974 clare
478 938 692 974 aduorsum
714 937 930 983 fabulabor,
954 938 1148 975 auscultet
1168 936 1232 974 hic
1253 950 1354 986 quae
1374 937 1529 985 loquar3
1591 953 1659 986 300

241 998 355 1049 igitur
376 999 489 1049 magi'
512 1001 675 1038 modum
699 999 887 1038 maiorem
910 999 947 1037 in
971 1013 1055 1037 sese
1077 999 1274 1049 concipiet
1296 1006 1456 1037 metum.

241 1058 353 1114 agite,
377 1064 511 1114 pugni,
535 1066 611 1102 iam
633 1064 701 1103 diu
724 1072 782 1102 est
803 1066 912 1114 quod
935 1066 1065 1103 uentri·
1083 1064 1232 1103 uictum
1255 1079 1334 1103 non
1357 1064 1481 1103 datis:

240 1129 316 1166 iam
338 1127 489 1177 pridem
512 1127 667 1166 uidetur
688 1129 834 1166 factum
857 1127 938 1166 heri
960 1129 1068 1177 quod
1090 1127 1272 1166 homines
1293 1135 1477 1177 quattuor

240 1193 278 1231 in
300 1207 483 1243 soporem
504 1193 740 1231 conlocastis
762 1194 901 1231 nudos.
962 1195 1026 1231 So.
1060 1192 1230 1231 formido
1252 1194 1353 1231 male

240 1273 289 1297 ne
328 1272 400 1309 ego
439 1258 502 1297 hic
542 1272 688 1297 nomen
733 1272 865 1297 meum
904 1266 1147 1297 commutem
1186 1265 1224 1297 et
1264 1257 1437 1307 Quintus
1480 1259 1570 1296 fiam
1591 1270 1655 1306 305

1386 1336 1407 1361 e
1437 1323 1548 1361 Sosia
1563 1338 1572 1370 3

240 1397 424 1440 quattuor
445 1389 548 1427 uiros
570 1388 698 1439 sopori
722 1403 763 1427 se
784 1388 941 1427 dedisse
962 1388 1025 1426 hic
1045 1395 1248 1427 autumat:

182 1471 197 1502 5
241 1464 375 1495 metuo
420 1470 470 1494 ne
509 1469 717 1493 numerum
761 1468 926 1505 augeam
965 1454 1086 1492 illum.
1162 1456 1244 1491 ME.
1282 1468 1344 1492 em
1384 1453 1568 1492 nunciam

1243 1534 1357 1569 ergo:
1388 1519 1443 1557 sic
1464 1521 1566 1557 uolo.
1598 1547 1600 1549 -

241 1591 305 1627 So.
338 1587 504 1637 cingitur
521 1602 527 1624 z
552 1594 657 1624 certe
673 1585 831 1636 expedit
847 1599 899 1624 se.
960 1587 1053 1626 ME„
1076 1599 1157 1623 non
1173 1586 1269 1623 feret
1285 1584 1379 1634 quin
1398 1585 1568 1634 uapulet.

242 1655 305 1691 So.
339 1652 425 1702 quis
447 1653 598 1690 homo?
655 1653 738 1688 ΜΕ.
771 1649 948 1700 quisquis
969 1651 1092 1688 homo
1112 1651 1190 1687 huc
1210 1651 1386 1699 profecto
1407 1648 1567 1695 uenerit,

1293 1727 1446 1764 pugnos
1466 1715 1567 1757 edet.

243 1786 306 1821 So.
339 1796 472 1832 apage,
497 1795 577 1819 non
598 1783 726 1831 placet
747 1795 810 1818 me
831 1782 908 1818 hoc
928 1779 1056 1818 noctis
1076 1794 1185 1818 esse:
1214 1778 1354 1817 cenaui
1375 1779 1521 1825 modo‚·
1591 1791 1657 1824 3¹0

243 1848 354 1898 proin
376 1854 417 1884 tu
439 1846 552 1884 istam
574 1860 713 1884 cenam
734 1845 880 1895 largire,
904 1844 936 1882 si
956 1845 1073 1894 sapis,
1094 1843 1385 1883 essurientibus.

245 1914 327 1950 ME.
369 1913 446 1949 hau
496 1913 643 1948 malum
690 1910 782 1948 huic
828 1917 886 1948 est
933 1911 1091 1960 pondus
1138 1923 1282 1959 pugno.
1360 1910 1424 1946 So.
1461 1907 1566 1957 perii,

1192 1987 1344 2024 pugnos
1365 1974 1567 2023 ponderat.

288 2093 350 2121 293
367 2091 472 2120 aeque
485 2092 584 2120 quern
599 2081 632 2110 in
647 2085 748 2111 ment.
764 2079 828 2111 cod.
845 2091 852 2110 :
870 2090 949 2110 corr.
965 2079 1067 2110 Bothe
1122 2079 1204 2118 sort.
1218 2080 1304 2108 tolus
1313 2077 1363 2106 lzic
1371 2087 1481 2107 versus
1492 2087 1568 2107 cum

245 2126 344 2155 altero
361 2136 449 2155 nunc
458 2124 585 2164 perdito
603 2125 655 2163 (cf.
674 2124 721 2154 ad
734 2124 813 2162 294)
832 2123 993 2153 Mercurio
1009 2121 1142 2153 dandus
1155 2125 1201 2152 est
1288 2131 1350 2160 294
1374 2121 1474 2150 hodie
1491 2120 1567 2151 add.

248 2169 343 2200 Goetz
358 2172 387 2198 et
402 2167 515 2198 Loewe
529 2179 568 2198 ex
580 2168 691 2198 Servio
702 2167 735 2197 in
749 2167 833 2198 Aen.
850 2177 900 2201 10,
913 2176 974 2205 424
995 2167 1058 2196 ‘sic
1067 2165 1211 2196 Plautus
1222 2175 1286 2203 ego
1298 2165 1386 2194 hunc
1399 2164 1568 2194 hominem

241 2213 347 2252 hodie
364 2217 475 2242 texam
489 2212 658 2252 &detexam
680 2210 898 2249 Taulmzann)
910 2210 1011 2249 pallio
1022 2210 1029 2223 ’
1140 2210 1205 2247 296
1226 2217 1362 2247 pugneo
1374 2206 1547 2237 Acidalius
1563 2218 1570 2237 ι

245 2266 360 2295 pugne
386 2255 451 2285 cod.
598 2264 662 2292 300
686 2255 742 2284 hic
765 2253 932 2283 auscultet
962 2252 1027 2285 cod.
1057 2253 1126 2291 (hic
1156 2250 1354 2291 suspectum)
1507 2260 1566 2289 301

246 2299 351 2330 multo
380 2299 537 2328 maiorem
566 2297 704 2327 Redloh
719 2309 725 2328 :
758 2299 892 2327 modurn
920 2304 1046 2326 morem
1073 2295 1137 2326 cod.
1159 2296 1215 2335 (m.
1244 2293 1419 2333 maiorem)
1444 2291 1517 2333 (vii.
1535 2294 1567 2333 2)

445 2345 511 2381 306
534 2342 625 2371 uiros
640 2341 715 2371 Ital.
735 2353 741 2371 :
767 2341 868 2370 duros
890 2340 954 2370 cod.
974 2351 980 2369 z
1006 2340 1116 2369 nudos
1131 2338 1196 2367 Leo
1338 2347 1401 2376 307
1425 2337 1473 2367 sic
1492 2337 1569 2367 uolo

246 2388 385 2428 Pylades
401 2398 409 2418 z
431 2385 536 2417 sicolo
553 2385 619 2417 cod.
754 2394 819 2424 309
844 2383 995 2423 quisquis
1012 2383 1075 2412 huc
1094 2380 1168 2422 (del.
1190 2382 1304 2420 homo)
1323 2380 1462 2410 Rcdslob
