1814 2723
221 60 296 97 ΙΙΙ.
319 59 406 96 iva
742 60 789 98 T.
820 58 1002 97 MACCI
1033 57 1236 96 PLAVTI

320 182 415 215 reor,
439 175 645 219 peccatum
665 167 829 218 largiter.
890 169 957 205 PE.
991 166 1113 206 immo
1132 167 1230 205 haec
1250 172 1343 204 east.
1669 170 1734 213 485

319 249 410 273 narn
432 248 587 273 seruom
608 233 696 271 misi
718 232 784 283 qui
805 232 915 271 illum
937 232 1074 271 sectari
1094 233 1194 271 solet

318 313 451 339 meum
472 299 634 349 gnatum
652 313 658 336 :
689 297 720 336 is
741 297 824 347 ipse
845 298 948 335 hanc
969 295 1182 335 destinauit
1203 294 1414 335 fidicinam.

320 366 392 402 M1.
426 378 488 402 em
509 363 594 401 istic
615 364 738 400 homo
760 370 797 400 te
817 360 1051 400 articulatim
1072 360 1256 407 concidit,
1279 373 1408 406 senex,

261 442 296 474 15
317 431 397 468 tuo‘
419 442 561 467 seruos
623 429 690 464 PE.
723 426 820 476 quid
843 425 1089 464 ‘concidit'?
1147 427 1219 462 M1.
1252 424 1307 462 sic
1327 423 1549 474 suspiciost,

317 508 409 532 narn
431 506 500 543 pro
522 491 680 530 fidicina
701 493 798 529 haec
819 504 935 529 cerua
956 489 1158 540 supposita
1178 496 1236 527 est
1256 488 1338 527 tibi.
1669 502 1738 536 490

318 572 447 605 senex,
471 557 541 595 tibi
562 571 605 595 os
627 563 685 595 est
706 555 893 594 sublitum
916 557 1032 606 plane
1053 562 1091 593 et
1111 554 1244 605 probe.

318 637 391 673 ego
412 622 517 660 illam
538 621 731 671 requiram
754 620 830 658 iam
854 619 921 658 ubi
946 619 1012 658 ubi
1034 626 1103 657 est.
1162 619 1339 666 bellator,
1360 620 1511 657 nale—fl

321 690 388 726 PE.
421 700 554 736 eugae,
576 689 721 736 eugael
755 685 935 735 Epidice,
956 684 1094 734 frugi's,
1118 684 1309 734 pugnasti,
1332 685 1454 722 homo
1474 698 1527 730 es,

260 769 300 791 20
320 752 386 803 qui
407 766 470 790 me
491 750 699 790 emunxisti
721 749 935 797 mucidum,
959 748 1111 787 minimi
1131 748 1240 798 preti.

321 825 513 856 mercatus
535 824 572 855 te
592 815 712 854 hodie
733 823 791 854 est
812 817 862 854 de
883 817 1027 854 lenone
1047 813 1301 865 Apoecides?
1669 826 1734 863 495

321 886 378 922 F1.
410 883 531 921 fando
551 895 624 932 ego
645 881 772 920 istunc
795 880 999 919 hominem
1027 893 1245 929 numquam
1271 878 1407 918 audiui
1432 887 1524 918 ante
1544 881 1651 918 hunc

1544 944 1650 983 diem

317 1028 447 1064 neque
468 1027 531 1051 me
552 1011 713 1063 quidem
735 1026 864 1050 emere
887 1010 1096 1061 quisquam
1117 1011 1196 1048 ulla
1215 1008 1384 1060 pecunia

318 1079 446 1131 potuit
463 1093 469 1116 :
498 1079 586 1129 plus
607 1077 684 1116 iam
705 1091 792 1116 sum
814 1077 936 1116 libera
955 1075 1282 1126 quinquennium.

260 1155 299 1187 25
321 1147 388 1182 PE.
422 1142 518 1194 quid
538 1142 609 1181 tibi
629 1142 797 1192 negotist
819 1155 930 1180 meae
951 1140 1060 1180 domi
1081 1140 1224 1191 igitur?
1280 1141 1338 1178 F1.
1370 1138 1516 1179 audies.

319 1210 517 1248 conducta
537 1206 629 1246 ueni
649 1214 691 1244 ut
712 1206 857 1245 fidibus
878 1213 1076 1245 cantarem
1097 1204 1192 1252 seni,
1669 1214 1737 1252 500

319 1276 415 1314 dum
435 1287 517 1312 rem
539 1271 716 1311 diuinam
739 1272 894 1309 faceret.
954 1272 1023 1308 PE.
1054 1272 1178 1309 fateor
1197 1284 1261 1309 me
1282 1268 1459 1309 omnium

316 1338 523 1378 hominum
545 1351 630 1375 esse
651 1335 819 1374 Athenis
841 1334 981 1374 Atticis
1002 1334 1154 1373 minimi.
1174 1334 1285 1385 preti.

316 1405 386 1443 sed
408 1411 449 1442 tu
469 1400 643 1441 nouistin
666 1399 866 1439 fidicinam
889 1399 1251 1450 Acropolistidem?

257 1482 297 1512 30
319 1472 377 1508 F1.
408 1476 488 1506 tam
509 1466 622 1505 facile
644 1479 762 1516 quam
786 1478 858 1503 me.
920 1466 987 1502 PE.
1020 1463 1088 1502 ubi
1108 1463 1291 1503 habitat?
1347 1466 1407 1503 F1.
1437 1471 1647 1516 postquam

1491 1530 1648 1569 liberast

316 1599 384 1638 ubi
404 1597 555 1637 habitet
575 1596 705 1636 dicere
726 1597 945 1635 admodum
966 1594 1113 1633 incerte
1133 1593 1225 1633 scio.
1669 1606 1732 1644 505

317 1667 386 1703 PE.
418 1665 494 1702 eho
514 1677 564 1702 an
585 1661 708 1700 libera
728 1661 794 1699 illa
815 1662 902 1699 est?
932 1660 1019 1710 quis
1040 1673 1127 1698 eam
1147 1658 1370 1698 liberauerit

315 1730 409 1767 uolo
430 1727 540 1775 scire,
561 1726 591 1765 si
613 1726 700 1765 scis.
761 1727 820 1763 F1.
854 1725 895 1764 id
916 1726 1024 1775 quod
1045 1723 1180 1763 audiui
1199 1724 1348 1763 audies.

358 1817 423 1855 485
448 1826 472 1847 r.
494 1816 560 1857 [et]
578 1826 609 1856 p.
628 1815 661 1845 Ρ
750 1815 838 1855 east]
859 1819 910 1846 est
932 1814 964 1843 A
1072 1815 1136 1852 486
1162 1812 1254 1843 illum
1273 1812 1331 1852 qui
1356 1811 1411 1843 ΡΑ
1429 1816 1465 1843 ut
1485 1811 1548 1843 vid.
1565 1824 1571 1843 :
1595 1813 1650 1853 qui

317 1860 398 1901 (om.
423 1859 493 1899 PE>
512 1862 589 1900 post
611 1860 757 1900 spatium
780 1859 857 1889 PBD
884 1858 931 1899 (in
953 1858 1113 1898 archetypi
1130 1856 1183 1887 ΡΑ
1198 1857 1322 1897 pagina
1330 1856 1478 1895 fenestra
1498 1860 1582 1893 eral;
1612 1858 1648 1896 cf.

314 1915 342 1935 v.
359 1905 437 1944 506)
451 1903 511 1943 (iii.
521 1904 558 1944 8)
642 1905 704 1943 487
723 1904 751 1934 is
764 1915 829 1935 om.
845 1903 878 1934 P
946 1901 1133 1933 destinauit
1145 1911 1211 1931 om.
1223 1899 1326 1940 spatio
1340 1899 1439 1929 relicto
1450 1899 1484 1929 P
1495 1900 1589 1940 (emit
1599 1901 1647 1940 Β)

314 1947 367 1988 (cf
387 1946 434 1978 ad
446 1946 526 1986 486)
641 1949 705 1986 488
731 1947 944 1979 articulatum
968 1945 1117 1976 concidis
1134 1945 1165 1974 A
1279 1943 1343 1982 489
1367 1943 1423 1983 qui
1439 1942 1473 1973 A
1586 1955 1650 1983 490

315 2001 415 2022 cerua
432 2001 495 2021 om.
516 1990 550 2020 Ρ
636 2002 700 2030 492
727 1992 776 2022 vel
791 1991 892 2022 illanc
984 1989 1041 2020 PE.
1061 1989 1138 2020 bell.
1157 1988 1197 2027 P,
1204 1987 1289 2030 fort.
1304 1990 1380 2017 recte
1467 1997 1530 2027 493
1555 1987 1649 2027 Euge

314 2034 401 2074 frugi
417 2034 450 2064 P
536 2036 730 2075 pugnauisti
751 2035 963 2066 Cameramcs
1072 2043 1136 2073 495
1160 2037 1343 2063 mercatum
1361 2036 1414 2062 est
1433 2032 1507 2072 (pro
1524 2042 1650 2063 merca-

315 2083 384 2109 tust
407 2077 457 2108 vel
478 2079 663 2110 mercatu'n
685 2080 787 2121 [estD
808 2083 842 2110 te
865 2079 897 2111 h.
919 2084 972 2110 est
990 2078 1062 2119 (vix
1071 2083 1132 2118 pro
1149 2079 1206 2117 ex}
1224 2078 1244 2108 l.
1262 2077 1295 2106 A
1445 2077 1510 2115 496
1536 2075 1651 2105 Fando

317 2122 468 2163 Geppert:
505 2123 656 2153 Fandum
682 2123 728 2161 A,
755 2123 811 2153 vix
836 2126 928 2155 recte:
965 2123 1118 2153 Eandum
1140 2121 1174 2152 Ρ
1193 2121 1235 2162 <E
1252 2126 1314 2161 pro
1333 2121 1373 2160 F)
1396 2119 1565 2160 (Ehodum
1585 2119 1649 2159 5²³)

314 2177 377 2206 497
402 2177 454 2196 me
479 2167 635 2205 equidem
655 2166 688 2196 A
825 2169 890 2206 498
914 2167 969 2197 vix
991 2177 1065 2197 sum
1090 2166 1194 2196 libere
1282 2165 1548 2204 quinquennium
1574 2173 1648 2194 sum

263 2248 271 2258 x
315 2210 421 2240 libera
431 2209 602 2240 Fleckeisen
707 2219 771 2249 503
796 2210 975 2249 probistiin
991 2210 1023 2240 A
1097 2208 1304 2250 [mulierem]
1317 2209 1485 2239 fidicinam
1497 2208 1528 2238 A
1550 2208 1571 2248 (‘
1579 2217 1647 2237 var.

316 2253 379 2285 lect.
405 2253 521 2285 adscr.’
545 2253 694 2294 Seyffert)
851 2263 915 2292 504
940 2254 1089 2284 ubertast
1113 2252 1146 2282 Ρ
1167 2253 1202 2293 (u
1222 2258 1284 2292 pro
1309 2253 1349 2287 li)
1376 2253 1421 2293 (v.
1451 2262 1502 2289 12,
1527 2261 1558 2291 p.
1591 2251 1646 2290 75)

316 2307 380 2337 505
405 2298 517 2328 dioere
545 2308 612 2328 om.
635 2297 668 2327 P
762 2297 959 2338 admodum]
989 2298 1067 2328 dum
1094 2297 1126 2327 P
1152 2297 1205 2336 (ff-
1231 2295 1277 2326 ad
1301 2297 1380 2335 486)
1467 2296 1594 2326 incerto
1620 2293 1653 2323 Ρ

316 2343 382 2381 506
397 2342 503 2372 libera
521 2341 576 2371 illa
590 2345 642 2371 est
654 2352 719 2372 om.
731 2342 833 2382 spatio
851 2341 952 2371 relicto
968 2341 1001 2371 Ρ
1017 2341 1071 2383 (cf.
1086 2339 1133 2370 ad
1141 2339 1219 2379 486)
1297 2339 1452 2370 liberauit
1469 2339 1501 2369 A
1519 2350 1525 2368 ε
1550 2339 1649 2369 liber-

318 2386 426 2416 auerit
435 2384 668 2425 percompend.
683 2395 742 2417 scr.
756 2386 790 2415 in
801 2384 840 2422 P,
854 2388 890 2415 ut
899 2384 963 2416 vid.
1053 2394 1116 2423 507
1137 2384 1251 2415 audiui
1265 2383 1329 2414 iam
1341 2383 1525 2414 audiensA
1540 2381 1597 2423 (iv.
1612 2381 1648 2421 3)
