1814 2723
263 52 316 92 ΙΙ.
342 52 373 91 ii
763 53 808 90 T.
843 52 1022 91 MACCI
1054 53 1257 90 PLAVTI

345 164 428 201 face
450 164 581 209 modo,
605 169 661 200 est
683 163 833 200 lucrum
861 161 924 200 hic
945 161 1015 200 tibi
1041 164 1227 211 amplum.
1290 164 1357 199 PE.
1390 163 1486 200 deos
1511 161 1671 212 quidem

1233 240 1312 265 oro.
1373 228 1442 265 ΕΡ.
1476 228 1669 277 impetras.

344 295 414 331 ΑΡ.
448 291 543 342 quin
560 299 601 330 tu
617 291 647 330 is
669 291 770 330 intro
785 300 903 341 atque
924 291 1014 329 huic
1030 298 1234 342 argentum
1255 290 1431 341 promis?
1460 305 1532 341 ego
1548 291 1672 329 uisam

1461 357 1511 394 ad
1533 358 1670 394 forum.

344 422 521 473 Epidice,
559 436 606 461 eo
640 421 741 460 ueni.
808 423 876 459 ΕΡ.
921 435 970 459 ne
1003 420 1127 459 abitas
1162 420 1258 470 priu'
1293 434 1411 471 quam
1447 435 1519 471 ego
1552 422 1603 460 ad
1636 428 1674 459 te

1515 500 1671 525 uenero.

344 556 414 592 ΑΡ.
448 567 573 604 usque
595 553 911 604 opperiar.—-PE.
945 566 1107 603 sequere
1127 560 1170 591 tu
1191 553 1434 591 intro—Ep,
1466 552 1478 590 i
1498 565 1670 599 numera,
1694 560 1758 597 305

1306 618 1359 656 nil
1380 631 1452 667 ego
1473 625 1511 656 te
1531 631 1671 656 moror.

275 672 323 711 iii
873 675 904 710 E
921 685 941 710 P
956 685 967 709 1
982 684 1009 709 D
1025 685 1035 710 1
1051 684 1074 710 c
1089 684 1112 709 v
1127 684 1145 710 s

452 750 522 786 ΕΡ.
556 750 719 787 Nullum
742 762 826 787 esse
848 748 988 798 opinor
1008 761 1081 798 ego
1100 762 1235 798 agrum
1257 748 1296 786 in
1318 761 1410 798 agro
1430 747 1563 786 Attico

449 828 575 864 aeque
596 815 763 852 feracem
786 814 904 863 quam
925 814 989 852 hic
1010 821 1067 852 est
1089 821 1221 852 noster
1243 814 1481 864 Periphanes
1499 829 1505 851 ;

452 879 547 929 quin
569 893 614 917 ex
635 881 795 917 occluso
815 887 934 929 atque
956 879 1163 929 opsignato
1183 879 1348 917 armario

450 943 609 982 decutio
629 943 777 993 argenti
799 951 950 981 tantum
972 950 1164 993 quantum
1186 943 1282 981 mihi
1303 944 1421 982 lubet.

305 1024 323 1055 5
451 1010 559 1059 quod
580 1011 647 1059 pol
668 1022 740 1059 ego
762 1016 896 1047 metuo
918 1009 949 1046 si
971 1022 1090 1048 senex
1110 1008 1309 1048 resciuerit
1695 1024 1765 1059 310

451 1088 500 1112 ne
522 1075 650 1112 ulmos
672 1073 861 1124 parasitos
882 1073 997 1111 faciat
1019 1087 1119 1124 quae
1140 1087 1265 1124 usque
1285 1074 1528 1112 attondeant.

450 1140 520 1177 sed
541 1152 605 1177 me
625 1152 703 1177 una
724 1140 853 1178 turbat
874 1153 932 1177 res
954 1139 1145 1189 ratioque,
1166 1139 1361 1190 Apoecidi

451 1217 570 1254 quam
592 1205 798 1242 ostendam
820 1203 1021 1242 fidicinam
1043 1204 1214 1254 aliquam
1236 1203 1539 1243 conducticiam.

453 1277 570 1319 atque
590 1269 631 1307 id
652 1282 810 1319 quoque
832 1269 984 1308 habeo:
1015 1283 1131 1308 mane
1152 1283 1214 1308 me
1235 1269 1345 1307 iussit
1366 1283 1484 1308 senex

289 1346 329 1369 10
454 1336 675 1373 conducere
696 1334 867 1384 aliquam
888 1334 1088 1373 fidicinam
1110 1335 1183 1373 sibi
1204 1336 1281 1373 huc
1301 1336 1478 1381 domum,
1698 1347 1761 1384 315

453 1402 550 1438 dum
570 1414 651 1438 rem
673 1400 849 1438 diuinam
871 1402 1024 1447 faceret,
1049 1408 1222 1439 cantaret
1244 1400 1317 1438 sibi
1333 1416 1342 1447 3

454 1478 500 1503 ea
520 1466 763 1503 conducetur
783 1473 901 1515 atque
922 1465 958 1504 ei
979 1465 1326 1515 praemostrabitur

453 1544 533 1580 quo
552 1538 669 1581 pacto
690 1532 755 1569 fiat
777 1532 945 1569 subdola
966 1532 1157 1569 aduorsus
1180 1544 1326 1569 senem.

453 1596 519 1635 ibo
540 1595 651 1642 intro,
674 1603 878 1645 argentum
900 1595 1091 1647 accipiam
1112 1596 1163 1634 ab
1185 1597 1379 1634 damnoso
1401 1608 1561 1633 sene.—

833 1731 1069 1777 ACTVS
1122 1730 1200 1777 III

216 1815 324 1852 Ilii
521 1820 988 1856 STRATIPPOCLES
1100 1819 1504 1858 CHAERIBVLVS

454 1907 515 1943 ST.
549 1906 826 1954 Exspectando
849 1907 994 1944 exedor
1014 1905 1130 1944 miser
1149 1912 1268 1955 atque
1289 1912 1491 1943 exenteror
1695 1910 1764 1946 320

454 1984 532 2020 quo
554 1971 674 2008 modo
695 1970 748 2008 mi
772 1970 927 2020 Epidici
951 1971 1096 2009 blanda
1116 1970 1221 2009 dicta
1242 1977 1422 2008 euenant.

388 2083 450 2111 302
473 2073 543 2103 sace
571 2072 783 2105 Palmerius:
808 2078 881 2104 tace
908 2074 971 2105 cod.
998 2074 1042 2114 <T
1060 2080 1122 2114 pro
1148 2073 1186 2112 F)
1292 2073 1452 2113 impetras
1468 2072 1674 2104 Palmerius:

345 2116 487 2156 impetra
503 2115 567 2147 cod.
661 2127 724 2156 303
750 2118 802 2147 hic
821 2117 886 2148 cod.
910 2118 1001 2158 <huic
1014 2117 1045 2156 J
1048 2121 1058 2153 )
1148 2118 1212 2156 306
1234 2117 1345 2147 hiatus
1359 2120 1523 2156 suspectus
1592 2115 1674 2154 sort.

345 2160 491 2195 Nullum,
510 2158 685 2202 (nullum)
705 2171 780 2191 esse
798 2161 900 2200 opino
984 2161 1018 2191 in
1037 2159 1172 2203 (omni)
1189 2159 1323 2190 Loman
1398 2158 1544 2201 (alium)
1560 2169 1674 2196 agrum

342 2202 481 2233 Redsloh
493 2203 593 2242 (Berl.
614 2203 701 2235 Phil.
728 2204 833 2235 Woch.
857 2214 908 2243 22,
929 2205 1008 2244 553)
1110 2205 1173 2241 308
1197 2204 1338 2234 armario
1354 2203 1517 2243 Pylades:
1542 2202 1673 2243 [atque]

274 2251 283 2260 ⁸
343 2247 488 2277 armario
506 2246 569 2277 cod.
664 2249 728 2285 316
752 2246 884 2289 (quae)
903 2246 998 2289 ((ut>
1015 2247 1210 2285 Abraham)
1225 2247 1303 2276 dum
1321 2256 1391 2276 rem
1409 2247 1520 2277 dinam
1541 2246 1600 2285 (ita
1612 2244 1673 2285 Bl)

343 2289 520 2329 Buecheler,
540 2288 597 2320 sed
610 2290 648 2329 cs.
665 2290 803 2320 Redslob
821 2290 921 2329 (Berl.
942 2290 1028 2322 Phil.
1047 2290 1093 2320 W
1090 2290 1153 2321 och.
1172 2300 1225 2329 22,
1242 2290 1336 2330 553),
1354 2289 1491 2331 Sjyb'gren
1502 2292 1590 2330 part.
1608 2293 1670 2329 cop.

343 2343 385 2371 33
397 2344 427 2364 n.
518 2333 581 2372 318
606 2334 787 2364 aduorsum
805 2333 925 2365 Pradel
939 2333 976 2364 de
987 2339 1095 2374 praep.
1117 2334 1182 2372 486
1270 2343 1331 2371 321
1360 2333 1519 2364 eueniant
1536 2331 1600 2363 cod.
