1742 2718
722 71 951 111 CAPTIVI
1416 69 1494 107 III.
1514 67 1562 104 iv

87 198 155 234 540
228 186 308 222 HE.
350 196 523 234 sequere.
574 195 637 220 em
672 180 742 219 tibi
772 180 987 219 hominem.
1020 179 1095 225 adi,
1125 186 1243 228 atque
1272 178 1497 226 adloquere.

593 249 666 284 ΤΥ.
699 245 786 296 quis
808 247 966 284 homost
987 258 1050 282 me
1071 243 1277 281 hominum
1299 241 1504 279 miserior?

172 316 248 353 AR.
281 313 377 364 quid
412 313 511 351 istuc
546 319 603 350 est
637 311 746 361 quod
781 323 890 348 meos
925 317 963 348 te
993 308 1122 347 dicam
1157 307 1319 357 fugitare
1354 307 1500 351 oculos

1306 373 1501 421 Tyndare,

172 458 322 495 proque
343 444 479 494 ignoto
500 456 563 481 me
584 440 792 492 aspernari,
816 440 927 490 quasi
949 454 1011 479 me
1033 452 1250 489 numquam
1273 436 1458 475 noueris?
1527 453 1565 473 10

173 509 358 559 equidem
380 516 460 547 tam
481 522 568 546 sum
591 520 725 546 seruos
746 519 865 556 quam
887 514 939 551 tu,
963 505 1034 543 etsi
1056 519 1128 554 ego
1150 503 1259 542 domi
1279 502 1376 540 liber
1397 501 1462 547 fui,

174 577 215 613 tu
237 588 361 624 usque
381 588 404 612 a
424 586 546 624 puero
567 572 796 611 seruitutem
818 570 1012 609 seruiuisti
1033 570 1072 607 in
1094 569 1222 607 Alide.

90 653 151 688 545
176 642 256 678 HE.
289 641 430 689 edepol
452 638 614 676 minime
635 638 762 684 miror,
786 637 816 675 si
838 645 875 674 te
895 636 1032 686 fugitat
1052 643 1118 673 aut
1139 635 1274 673 oculos
1295 641 1394 681 tuOS,

173 713 239 743 aut
261 704 291 742 si
312 712 350 742 te
371 704 466 750 odit,
489 703 556 753 qui
577 703 695 741 istum
716 703 888 752 appelles
909 701 1138 750 Tyndarum
1160 712 1230 749 pro
1253 698 1483 736 Philocrate.

174 772 246 808 ΤΥ.
281 769 424 819 Hegio,
447 769 511 807 hic
532 770 654 816 homo
675 767 851 805 rabiosus
873 765 1029 804 habitus
1050 773 1107 803 est
1128 765 1167 802 in
1188 764 1316 810 Alide,
1529 775 1566 807 15

175 849 225 873 ne
245 842 286 873 tu
308 835 416 884 quod
437 833 524 872 istic
545 834 741 871 fabuletur
759 832 861 870 auris
882 831 1070 869 immittas
1092 838 1188 868 tuas.

175 914 267 938 nam
289 899 374 938 istic
394 898 516 937 hastis
536 898 749 937 insectatus
771 905 828 936 est
849 896 958 935 domi
980 904 1143 935 matrem
1164 903 1202 934 et
1223 902 1384 945 patrem,

90 980 157 1018 550
175 973 213 1004 et
234 965 311 1003 illic
332 965 394 1003 isti
415 964 482 1015 qui
503 971 681 1014 sputatur
702 964 862 1002 morbus
883 962 1080 1000 interdum
1102 961 1220 1000 uenit.

176 1031 288 1082 proin
312 1038 354 1069 tu
382 1031 434 1069 ab
460 1030 558 1069 istoc
588 1031 725 1080 procul
755 1029 924 1068 recedas.
986 1029 1066 1065 HE.
1099 1029 1200 1065 ultro
1229 1026 1347 1064 istum
1372 1039 1395 1063 a
1419 1026 1504 1062 me!

1104 1095 1180 1130 AR.
1212 1092 1287 1138 ain,
1312 1090 1507 1129 uerbero?

176 1176 240 1201 me
269 1155 468 1201 rabiosum
495 1169 615 1212 atque
641 1160 877 1200 insectatum
904 1173 989 1198 esse
1010 1157 1130 1196 hastis
1151 1170 1284 1195 meum
1312 1168 1507 1194 memoras
1530 1168 1570 1189 20

1343 1229 1504 1271 patrem,

176 1302 214 1332 et
233 1307 324 1332 eum
346 1292 529 1331 morbum
551 1291 647 1329 mihi
668 1304 763 1339 esse,
787 1298 829 1329 ut
850 1290 917 1340 qui
939 1303 1001 1328 me
1022 1302 1122 1339 opus
1143 1288 1190 1326 sit
1211 1285 1473 1337 insputarier?

179 1360 258 1397 HE.
290 1372 341 1397 ne
361 1371 506 1405 uerere,
530 1359 674 1395 multos
695 1356 767 1394 iste
788 1356 949 1394 morbus
969 1354 1150 1393 homines
1172 1359 1352 1398 macerat,

92 1433 131 1469 55
139 1434 155 1470 5
177 1423 320 1473 quibus
341 1422 530 1473 insputari
551 1421 665 1460 saluti
686 1421 757 1459 fuit
777 1429 895 1470 atque
916 1420 947 1458 is
968 1418 1123 1470 profuit.

176 1489 252 1526 AR.
285 1488 381 1538 quid
411 1495 452 1526 tu
486 1489 649 1525 autem?
689 1486 807 1524 etiam
842 1485 933 1523 huic
968 1484 1123 1522 credis?
1194 1485 1274 1521 HE.
1299 1483 1403 1532 ‚quid
1434 1495 1506 1531 ego

638 1553 796 1590 credam
818 1550 939 1588 huic?
995 1552 1072 1587 AR.
1104 1549 1286 1586 insanum
1308 1561 1393 1586 esse
1414 1548 1506 1585 me?

175 1620 248 1657 ΤΥ.
280 1618 400 1658 uiden
428 1626 471 1657 tu
501 1619 607 1656 hunc
634 1617 753 1667 quam
781 1615 942 1654 inimico
972 1616 1082 1653 uoltu
1109 1613 1300 1652 intuitur?
1338 1611 1504 1651 concedi
1527 1624 1564 1655 25

1248 1684 1504 1728 optumumst,

177 1749 333 1799 Hegio:
364 1750 407 1787 fit
427 1749 536 1799 quod
556 1747 628 1786 tibi
649 1760 722 1797 ego
743 1746 834 1795 dixi,
856 1745 983 1797 gliscit
1003 1745 1142 1791 rabies,
1165 1757 1262 1782 caue
1283 1743 1365 1782 tibi.

178 1817 259 1853 HE.
300 1814 450 1854 credidi
493 1827 578 1852 esse
620 1813 803 1851 insanum
846 1813 1055 1862 extemplo,
1101 1810 1168 1848 ubi
1214 1817 1252 1847 te
1296 1807 1508 1859 appellauit

1264 1875 1504 1923 Tyndarum.

93 1950 159 1996 560
178 1946 251 1982 ΤΥ.
283 1944 378 1994 quin
413 1957 527 1983 suom
561 1943 645 1994 ipse
678 1943 876 1982 interdum
910 1942 1062 1992 ignorat
1097 1953 1243 1978 nomen
1278 1951 1407 1988 neque
1437 1937 1507 1976 scit

1334 2016 1401 2053 qui
1423 2010 1504 2040 Slet.

179 2076 259 2112 HE.
291 2082 330 2112 at
359 2074 477 2113 etiam
504 2081 542 2113 te
572 2087 685 2113 suom
713 2074 890 2112 sodalem
919 2085 1005 2110 esse
1034 2071 1150 2109 aibat.
1208 2071 1281 2107 ΤΥ.
1314 2070 1391 2106 hau
1426 2067 1507 2105 uidi

1372 2133 1504 2183 magis.

224 2254 287 2284 547
312 2244 388 2275 istic
404 2244 514 2274 Luchs
625 2253 689 2283 550
713 2244 907 2282 insputatur
923 2241 1064 2280 Pylades
1083 2241 1090 2258 ‘
1105 2251 1142 2271 ex
1158 2239 1223 2271 cod.
1238 2238 1417 2278 ant.,'fort.
1436 2241 1511 2268 recte

182 2288 323 2328 (V.9‚8)
445 2297 508 2327 553
532 2287 580 2318 vel
594 2288 671 2318 med
797 2296 859 2325 554
884 2286 946 2316 ΤΥ.
975 2285 1028 2315 Ne
1044 2283 1184 2314 Redslob
1256 2284 1335 2322 sort.
1353 2283 1509 2312 homines

180 2332 315 2362 morbus
332 2331 370 2372 (i,
383 2341 413 2370 p.
433 2332 490 2370 37)
624 2340 686 2370 557
712 2331 863 2361 intuetur
874 2329 943 2359 cod.
1076 2328 1139 2366 558
1163 2329 1206 2357 sit
1222 2327 1273 2357 PE
1287 2327 1319 2367 <s
1330 2325 1429 2366 prof)
1444 2337 1451 2355 2
1476 2325 1509 2354 id

179 2374 312 2414 Schoell‚
329 2374 381 2405 cm·
395 2374 509 2413 Hegio
526 2373 664 2414 dzlsplicet
795 2375 859 2412 560
884 2373 973 2411 Quin
992 2371 1187 2401 Pomanus:
1212 2369 1299 2408 Quia
1317 2370 1382 2399 cod.
