1742 2718
724 43 1011 82 CVRCVLIO
1500 45 1528 81 I.
1550 42 1596 78 iii

205 154 272 191 PL.
306 152 478 201 irascere,
502 153 532 192 si
555 160 592 192 te
612 154 796 192 edentem
820 153 882 192 hic
902 168 925 193 a
945 154 1036 193 cibo
1055 155 1198 205 abigat.
1260 157 1326 192 ΡΑ.
1351 154 1478 193 ilicet!

204 218 346 268 pariter
364 220 436 257 hos
453 218 576 269 perire
596 219 769 257 amando
790 219 920 268 uideo,
943 227 1107 270 uterque
1126 220 1338 258 insaniunt.

205 283 323 322 uiden
346 291 387 322 ut
409 284 546 323 misere
567 284 782 323 moliuntur
797 287 814 322 ?
843 293 1045 335 nequeunt
1065 285 1275 336 complecti
1297 285 1398 323 satis.

205 347 322 386 etiam
336 348 624 399 dispertimini?
663 351 730 387 PL.
755 350 850 387 nulli
867 358 925 388 est
941 351 1092 388 homini
1107 358 1339 401 perpetuom
1355 351 1506 389 bonum
1526 366 1533 388 :

123 427 188 462 190
205 412 282 451 iarn
312 413 402 451 huic
432 414 624 464 uoluptati
645 415 722 452 hoc
741 414 1012 453 adiunctumst
1038 416 1186 454 odium.
1247 418 1315 454 ΡΑ.
1348 415 1444 465 quid
1463 415 1530 461 ais,

1263 480 1501 531 propudium
1517 482 1534 519 Ρ

1555 235 1595 264 30

204 551 273 582 tun
293 543 410 582 etiam
431 558 521 582 cum
543 544 740 583 noctuinis
761 545 886 584 oculis
909 546 1091 585 ‘odium'
1112 560 1175 585 me
1196 547 1345 585 uocas?

202 608 350 647 ebriola
370 611 549 659 persolla‚
571 623 707 659 nugae.
761 612 835 648 PH.
859 618 928 648 tun
946 625 1075 650 meam
1092 611 1289 650 Venerem
1304 610 1501 661 uituperas
1518 613 1533 649 ?
1554 623 1594 655 35

203 675 312 724 quod
333 673 494 724 quidem
516 674 612 712 mihi
634 677 831 725 polluctus
853 676 969 726 uirgis
990 690 1125 715 seruos
1146 690 1369 715 sermonem
1391 678 1520 714 serat?

203 747 242 777 at
262 754 312 778 ne
332 747 373 777 tu
395 741 524 778 hercle
544 753 634 778 cum
655 741 829 779 cruciatu
851 755 995 792 magno
1014 741 1144 780 dixisti
1165 741 1205 781 id
1226 749 1308 780 tuo.

121 821 183 858 195
204 819 266 843 em
287 805 358 844 tibi
379 807 481 844 male
500 805 615 844 dictis
635 820 706 856 pro
727 806 820 853 istis,
843 806 958 845 dictis
979 806 1172 845 moderari
1194 815 1236 846 ut
1256 821 1387 858 queas.

205 872 272 908 ΡΑ.
316 878 423 909 tuam
462 871 592 918 fidem,
630 873 758 910 Venu’
797 871 1062 922 noctuuigilal
1116 875 1191 910 PH.
1229 873 1364 924 pergin
1403 872 1531 920 etiam,

1338 939 1535 977 uerbero?

205 1002 271 1038 PL.
304 1000 394 1047 noli,
419 1002 573 1050 amabo,
595 1003 801 1042 uerberare
820 1002 1007 1054 lapidem,
1028 1017 1078 1042 ne
1099 1004 1239 1054 perdas
1261 1017 1433 1042 manum.
1554 1018 1596 1049 40

206 1067 276 1104 PA.
285 1066 473 1117 flagitium
487 1068 756 1118 probrumque
771 1082 970 1119 magnum,
982 1070 1243 1116 Phaedrome,
1255 1068 1534 1119 expergefacis:

204 1131 307 1170 bene
328 1140 611 1172 monstrantem
632 1134 773 1185 pugnis
798 1134 944 1183 caedis,
966 1135 1069 1173 hanc
1090 1148 1210 1182 amas,
1234 1149 1357 1185 nugas
1378 1149 1513 1174 meras.

117 1210 186 1234 200
204 1196 370 1235 hoccine
390 1197 485 1245 fieri,
505 1206 547 1236 ut
567 1197 800 1238 inmodestis
820 1199 886 1237 hic
905 1207 943 1238 te
964 1201 1146 1238 moderes
1167 1199 1374 1239 moribus?

205 1263 279 1299 ΡΗ.
311 1275 405 1301 auro
434 1270 570 1301 contra
599 1265 700 1302 cedo
727 1266 952 1303 modestum
982 1272 1225 1304 amatorem:
1254 1280 1278 1304 a
1304 1280 1368 1306 me
1396 1281 1534 1306 aurum

1387 1333 1532 1384 accipe.

206 1394 273 1430 ΡΑ.
311 1394 411 1431 cedo
432 1393 527 1432 mihi
548 1401 687 1434 contra
703 1395 926 1435 aurichalco
947 1399 1043 1447 quoi
1062 1411 1136 1448 ego
1157 1411 1254 1437 sano
1276 1398 1454 1437 seruiam.
1552 1409 1593 1441 45

205 1459 272 1495 PL.
305 1458 407 1497 bene
440 1461 537 1506 uale,
571 1461 686 1499 ocule
715 1460 780 1508 mi,
816 1475 908 1499 nam
938 1462 1111 1501 sonitum
1142 1470 1181 1501 et
1212 1463 1403 1513 crepiturn
1433 1466 1534 1503 clau-

1215 1526 1382 1568 strorum
1402 1530 1531 1577 audio,

204 1588 447 1628 aeditumum
474 1589 478 1641 Ι
505 1590 652 1641 aperire
679 1593 824 1630 fanum.
879 1605 959 1643 quo
989 1607 1126 1644 usque,
1158 1607 1317 1644 quaeso,
1348 1597 1399 1634 ad
1429 1597 1535 1635 hunc

1369 1662 1533 1700 modum

120 1733 184 1769 205
204 1719 304 1759 inter
323 1733 395 1759 nos
415 1734 549 1760 amore
568 1728 724 1760 utemur
743 1736 898 1774 semper
917 1724 1181 1775 surrupticio?

205 1787 280 1824 PH.
311 1785 485 1834 minime,
507 1800 600 1825 nam
620 1787 832 1838 parasitum
852 1789 940 1827 misi
960 1789 1269 1841 nudiusquartus
1292 1791 1448 1831 Cariam

1134 1858 1202 1895 PL.
1244 1857 1409 1895 nimium
1444 1872 1535 1898 con-
1557 1870 1595 1903 50

203 1859 335 1902 petere
367 1859 581 1902 argentum,
618 1852 650 1891 is
684 1852 803 1892 hodie
837 1853 900 1892 hic
933 1855 1068 1894 aderit.

1310 1924 1431 1962 sultas
1452 1923 1531 1962 diu.

1335 2030 1465 2061 homini
1482 2034 1534 2060 est

252 2022 314 2061 189
335 2021 457 2052 -tlmin‘i
473 2021 508 2052 in
524 2022 614 2053 terlio
623 2023 704 2064 pede
714 2025 953 2065 vixferendum
1035 2030 1163 2061 nullum
1180 2030 1245 2062 Leo

1397 2073 1533 2114 per-sole

207 2064 319 2105 (mist)
335 2064 458 2106 Ussing
568 2077 629 2107 192
653 2068 809 2100 ebriola's
828 2070 924 2101 Goetz
940 2083 947 2102 z
972 2073 1026 2103 cm'
1039 2074 1165 2105 ebriola
1178 2074 1319 2115 dz‘splz'cet

205 2108 241 2145 (i.
256 2119 278 2139 e.
295 2108 479 2150 persollae)
496 2109 577 2140 PBD
713 2122 773 2152 193
797 2112 907 2152 Quem
920 2115 1108 2148 Lambinus
1197 2117 1307 2157 Quid?
1333 2118 1434 2149 istum
1452 2117 1531 2148 mihi

206 2151 302 2182 Goetz
434 2155 495 2193 198
518 2165 675 2194 magnum
692 2156 853 2195 flagitium
870 2159 1096 2200 probrumque
1113 2161 1163 2191 PE
1279 2173 1345 2194 200
1368 2163 1437 2203 hic]
1447 2163 1528 2201 sort.

203 2195 250 2226 sic
321 2197 508 2229 modereris
518 2198 582 2230 cod.
664 2200 753 2231 haud
777 2201 962 2234 modereris
972 2203 1132 2245 Langen:
1149 2210 1183 2236 te
1195 2205 1247 2237 hic
1259 2217 1300 2238 m.
1319 2206 1530 2237 Camerarius

201 2249 265 2278 204
289 2241 539 2273 aeditumumne
555 2243 712 2274 Bosscher
797 2242 907 2288 (iam)
928 2257 981 2286 ap.
1003 2247 1136 2280 sanum!
1169 2248 1306 2290 Seyffert
1322 2250 1424 2290 (Berl.
1442 2249 1527 2279 Phil.

204 2281 311 2315 Woch.
330 2285 422 2324 1896,
441 2296 473 2325 p.
487 2286 565 2327 846)
701 2296 764 2327 205
789 2288 914 2320 utimur
927 2289 993 2322 cod.
1011 2291 1083 2332 (pro
1097 2295 1253 2324 utemur?
1270 2293 1289 2325 i.
1308 2293 1341 2334 3)
