1742 2718
662 179 1009 216 AMPHITRVO
1458 180 1487 215 I.
1509 179 1523 214 i

78 302 142 337 215
165 305 329 342 propere
350 291 429 330 suis
450 292 500 329 de
521 289 664 328 finibus
686 289 876 328 exercitus
897 290 1149 328 deducerent.

165 358 263 395 haec
283 356 351 395 ubi
371 355 485 406 legati
507 356 709 405 pertulere,
734 354 971 404 Amphitruo
992 354 1125 392 castris
1146 354 1236 392 ilico

166 421 346 472 producit
367 434 527 460 omnem
548 419 772 458 exercitum.
832 427 968 457 contra
988 419 1190 457 Teloboae
1211 434 1257 457 ex
1278 420 1426 469 oppido
1508 427 1548 468 65

164 486 337 537 legiones
358 487 533 524 educunt
553 498 642 523 suas
663 484 770 522 nimi’
792 484 965 534 pulchris
986 485 1102 522 armis
1123 484 1328 534 praeditas.

271 558 481 601 postquam
501 550 699 599 utrimque
720 549 865 587 exitum
887 557 944 587 est
966 562 1148 587 maxuma
1168 549 1292 598 copia,

77 624 146 648 220
271 614 463 666 dispertiti
483 615 565 661 uiri,
589 614 780 664 dispertiti
803 614 970 660 ordines,

270 693 342 718 nos
363 688 514 718 nostras
536 693 644 717 more
666 687 800 717 nostro
821 686 859 717 et
880 680 1002 716 modo
1023 678 1275 716 instruximus

217 745 400 795 legiones,
424 745 518 783 item
539 746 671 782 hostes
693 752 829 781 contra
849 743 1023 793 legiones
1044 758 1133 782 suas
1155 744 1358 782 instruont.
1512 760 1550 791 70

325 810 471 848 deinde
491 809 645 859 utrique
666 809 918 859 imperatores
939 808 979 847 in
1000 809 1175 848 medium
1197 818 1350 853 exeunt,

272 883 379 914 extra
398 875 553 913 turbam
574 874 757 912 ordinum
779 875 1071 924 conloquontur
1090 874 1216 911 simul.

77 954 141 989 225
273 941 471 988 conuenit,
493 940 588 979 uicti
607 940 682 978 utri
703 940 781 979 sint
801 954 848 979 eo
868 940 1029 991 proelio,

271 1008 420 1054 urbem,
443 1021 590 1059 agrurn,
613 1020 708 1053 aras,
732 1008 842 1045 focos
862 1020 983 1056 seque
1004 1006 1060 1044 uti
1082 1007 1284 1045 dederent.

272 1080 482 1123 postquam
498 1073 539 1110 id
554 1080 687 1110 actum
701 1079 770 1118 est,
786 1072 906 1110 tubae
921 1079 1057 1110 contra
1071 1071 1267 1122 utrimque
1282 1079 1489 1118 occanunt,
1513 1087 1549 1120 7⁵

272 1146 465 1176 consonat
485 1145 594 1184 terra,
617 1138 830 1175 clamorem
851 1136 1047 1186 utrimque
1068 1138 1253 1174 ecferunt.

273 1203 484 1253 imperator
502 1202 711 1253 utrimque,
733 1202 826 1240 hinc
847 1210 884 1240 et
906 1201 1021 1248 illinc,
1048 1202 1134 1239 Ioui

76 1281 146 1315 230
272 1276 366 1306 uota
386 1268 593 1317 suscipere,
615 1265 848 1320 (utrimque)
866 1266 1010 1304 hortari
1031 1266 1253 1304 exercitum.

269 1333 389 1386 (turn)
408 1347 478 1384 pro
499 1347 540 1372 se
561 1333 728 1384 quisque
749 1332 790 1371 id
811 1334 918 1383 quod
940 1332 1107 1382 quisque
1127 1339 1256 1381 potest
1276 1339 1313 1369 et
1336 1333 1437 1369 ualet

271 1399 363 1447 edit,
386 1401 486 1438 ferro
507 1399 604 1446 ferit,
626 1400 704 1450 tela
720 1400 913 1448 frangunt,
938 1398 1030 1435 boat
1511 1402 1550 1432 8ο

325 1468 479 1505 caelum
499 1465 655 1504 fremitu
676 1465 814 1510 uirum,
838 1478 885 1502 ex
904 1463 1040 1513 spiritu
1060 1470 1179 1513 atque
1199 1462 1373 1500 anhelitu

329 1531 474 1570 nebula
493 1538 658 1577 constat,
682 1531 830 1568 cadunt
849 1529 1021 1567 uolneris
1042 1529 1081 1567 ui
1102 1536 1140 1566 et
1161 1527 1313 1566 uirium.

78 1606 143 1642 235
273 1597 457 1647 denique,
479 1604 522 1634 ut
543 1596 752 1642 uoluimus,
776 1602 908 1633 nostra
927 1602 1083 1644 superat
1104 1606 1266 1631 manus:

272 1664 406 1700 hostes
426 1661 551 1700 crebri
572 1662 730 1707 cadunt,
754 1659 875 1698 nostri
895 1667 1031 1697 contra
1051 1659 1244 1708 ingruont.

380 1727 547 1765 uicimus
568 1726 608 1764 ui
628 1727 788 1764 feroces.
1513 1726 1552 1767 85

273 1793 343 1831 sed
362 1793 495 1842 fugam
514 1791 555 1829 in
576 1805 617 1829 se
637 1799 769 1829 tamen
791 1803 910 1828 nemo
930 1789 1173 1828 conuortitur

274 1871 347 1896 nec
367 1857 515 1896 recedit
534 1859 623 1895 loco
644 1856 739 1906 quin
761 1855 891 1894 statim
914 1868 994 1893 rem
1015 1862 1121 1904 gerat
1135 1869 1145 1902 3

78 1936 148 1970 240
273 1923 446 1962 animam
466 1922 651 1961 amittunt
671 1922 776 1972 prius
798 1934 917 1971 quarn
937 1922 1027 1958 loco
1047 1919 1264 1969 demigrent
1282 1934 1288 1956 :

275 1988 443 2038 quisque
463 1996 505 2026 ut
526 1995 683 2026 steterat
704 1987 803 2025 iacet
825 1986 1056 2036 optinetque
1077 1985 1267 2023 ordinem.

215 2101 277 2130 215
301 2092 372 2122 suis
389 2092 432 2122 de
448 2090 573 2122 Bothe:
597 2090 639 2121 de
664 2090 731 2121 suis
755 2099 819 2121 coa.
960 2099 1021 2128 217
1046 2089 1117 2119 Tel.
1145 2092 1263 2118 contra
1280 2086 1397 2126 Begk,
1413 2096 1494 2116 nam

171 2140 289 2166 contri
303 2139 487 2176 suspectum
599 2135 662 2165 218
687 2135 854 2165 reducunt
870 2131 914 2163 B¹
931 2145 937 2163 :
966 2133 1131 2163 seducunt
1148 2131 1192 2161 Βἵ
1326 2139 1388 2168 223
1416 2129 1494 2159 utri-

170 2189 235 2218 que
249 2179 470 2218 imperatores
482 2178 580 2208 etiam
602 2177 688 2209 codd.
709 2177 818 2208 Servii
837 2176 872 2206 in
887 2177 972 2207 Aen.
997 2186 1023 2215 1,
1046 2186 1102 2214 191
1124 2186 1131 2205 z
1154 2180 1298 2213 uterque
1315 2175 1497 2212 imperator

170 2222 281 2262 Bothe,
307 2226 345 2253 ut
365 2223 460 2252 cretic.
486 2225 613 2253 tetram.
631 2222 700 2261 fiat
724 2220 795 2251 (sed
815 2220 853 2259 cs.
878 2221 956 2259 233)
1092 2228 1153 2256 227
1180 2229 1206 2249 c.
1233 2228 1263 2248 u.
1291 2227 1339 2248 oc.
1366 2215 1496 2255 Bmgk:

171 2266 340 2305 utrimque
371 2271 496 2296 canunt
526 2269 646 2296 contra
673 2264 750 2296 cod..
775 2264 830 2294 cui
854 2263 977 2294 lectt'om'
1001 2262 1193 2292 adliltemtzb
1209 2261 1303 2300 favet
1432 2269 1496 2297 230

172 2309 340 2349 utrimque
355 2309 431 2340 add.
451 2309 592 2348 Spengel
744 2317 804 2346 231
831 2311 902 2337 tum
919 2306 994 2337 add.
1015 2306 1080 2336 Leo
1098 2306 1157 2343 (iii.
1182 2308 1211 2340 1⁸)
1323 2304 1373 2334 vel
1389 2301 1496 2343 quisq'

172 2362 236 2391 233
259 2352 320 2393 ex]
334 2357 368 2383 et
384 2352 474 2384 codd.
491 2351 668 2391 Nonz'z‘272
823 2360 886 2388 234
911 2350 1018 2380 uirum
1032 2349 1080 2378 D¹
1195 2349 1370 2379 uolnerum
1383 2348 1414 2377 ui
1433 2345 1494 2376 uiri

173 2395 284 2426 Luchs
371 2406 433 2436 237
451 2396 595 2426 uicimus
607 2395 666 2425 del.
678 2393 878 2435 SpengelQfi
894 2394 970 2432 247)
1063 2394 1127 2431 238
1143 2391 1273 2423 Nonms
1285 2392 1350 2430 480
1366 2393 1495 2421 testalm

173 2440 384 2470 conuertitur
392 2445 453 2480 pro
467 2437 653 2469 ‘conuertit’
770 2447 834 2474 240
852 2437 999 2466 animum
1018 2436 1102 2468 (-am
1116 2436 1229 2474 Jetex
1242 2445 1308 2465 —orn
1319 2433 1383 2475 D1)
1401 2433 1494 2463 amit-

173 2487 248 2513 tunt
264 2483 430 2523 Angelius
446 2483 498 2521 (ef.
511 2482 634 2521 Journ.
655 2480 740 2511 Phil.
761 2481 812 2519 26„
833 2482 913 2520 294)
932 2491 939 2510 :
964 2480 1122 2509 omittunt
1139 2478 1204 2509 cod.
