1742 2718
689 68 950 108 EPIDICVS
1456 66 1485 104 Ι.
1506 65 1520 102 i

162 180 368 227 Mulciber,
391 180 522 226 credo,
544 191 651 216 arma
672 177 764 216 fecit
781 178 881 227 quae
902 176 1040 215 habuit
1061 175 1339 226 Stratippocles
1356 190 1363 213 :

97 258 138 294 35
160 247 452 284 trauolauerunt
472 245 523 283 ad
544 243 677 282 hostis.
739 245 808 281 ΕΡ.
841 251 925 281 turn
946 242 1011 281 ille
1031 250 1243 292 prognatus
1264 240 1382 279 Theti
1513 248 1551 280 35

160 311 244 350 sine
264 312 402 361 perdat
419 326 425 348 :
455 309 531 348 alia
551 309 819 359 adportabunt
839 307 875 346 ei
896 307 992 346 Neri
1013 307 1124 346 filiae.

211 376 252 414 id
274 376 395 413 modo
416 374 635 413 uidendum
652 381 721 420 est,
745 381 787 411 ut
808 372 988 411 materies
1010 379 1191 422 suppetat
1212 371 1398 418 scutariis,

215 440 246 478 si
267 440 305 478 in
328 439 488 490 singulis
510 437 716 489 stipendiis
737 437 769 475 is
789 439 838 476 ad
860 437 985 476 hostis
1007 437 1167 475 exuuias
1188 436 1309 475 dabit.

215 507 293 543 ΤΗ.
326 505 538 554 supersede
569 502 651 541 istis
684 503 791 541 rebu'
824 502 912 540 iarn.
988 503 1057 539 ΕΡ.
1095 509 1136 539 tu
1169 501 1251 551 ipse
1283 500 1351 540 ubi
1383 502 1491 540 lubet

1254 568 1373 605 finem
1394 568 1484 605 face

97 653 142 686 40
215 637 293 673 ΤΗ.
325 634 470 673 desiste
490 632 764 684 percontarier.
826 634 896 670 ΕΡ.
928 633 1089 682 loquere
1118 631 1228 682 ipse:
1258 631 1363 670 ubist
1393 633 1491 670 Stra·
1511 648 1554 678 40

1271 696 1462 747 tippocles
1476 698 1492 734 ?

214 767 293 803 ΤΗ.
324 771 383 804 est
398 777 537 803 caussa
556 777 635 814 qua
655 776 794 802 caussa
813 761 930 801 simul
951 775 1108 801 mecum
1129 761 1183 800 ire
1203 761 1378 801 ueritust.
1420 763 1489 799 ΕΡ.

574 819 577 821 .
1130 827 1321 877 quidnam
1342 826 1382 866 id
1403 828 1493 866 est?

215 898 295 934 ΤΗ.
336 902 486 946 patrem
534 893 670 933 uidere
707 908 750 933 se
788 894 925 933 neuolt
966 892 1204 932 etiamnunc.
1282 894 1353 931 ΕΡ.
1402 905 1493 942 qua-

1025 959 1214 1008 propter?
1266 959 1347 995 ΤΗ.
1380 957 1490 996 scies.

216 1025 308 1076 quia
327 1026 452 1064 forma
472 1023 605 1075 lepida
625 1031 663 1063 et
683 1023 833 1063 liberali
854 1022 1053 1074 captiuam
1073 1023 1411 1061 adulescentulam

162 1093 212 1130 de
232 1092 378 1142 praeda
398 1097 618 1129 mercatust.
680 1092 750 1128 ΕΡ.
783 1089 881 1140 quid
900 1102 974 1139 ego
994 1102 1041 1128 ex
1061 1096 1099 1127 te
1119 1088 1268 1127 audio?
1315 1091 1395 1127 ΤΗ.
1418 1090 1493 1127 hoc

1198 1155 1307 1204 quod
1327 1155 1490 1194 fabulor.

98 1235 140 1271 45
164 1225 235 1261 ΕΡ.
265 1236 338 1273 qur
371 1235 458 1261 eam
492 1221 617 1261 emit?
678 1223 758 1259 ΤΗ.
800 1220 922 1259 animi
953 1233 1100 1259 caussa.
1172 1221 1242 1258 ΕΡ.
1288 1227 1385 1270 quot
1415 1220 1494 1259 illic
1514 1236 1554 1268 45

971 1287 1093 1326 homo
1117 1285 1271 1325 animos
1292 1286 1440 1325 habet?

325 1367 416 1391 narn
437 1359 554 1399 certo,
578 1351 676 1402 priu'
696 1365 816 1402 quam
837 1351 929 1390 hinc
949 1352 1000 1390 ad
1021 1351 1217 1401 legionem
1238 1350 1334 1390 abiit
1354 1352 1489 1400 domo,

325 1418 408 1468 ipse
428 1417 634 1456 mandauit
653 1416 750 1455 mihi
770 1417 821 1455 ab
841 1418 986 1455 lenone
1006 1423 1049 1454 ut
1069 1415 1238 1462 fidicina,

219 1497 337 1534 quam
357 1483 530 1530 amabat,
549 1489 744 1521 erneretur
763 1481 848 1520 sibi.
908 1481 949 1519 id
970 1480 1006 1519 ei
1026 1480 1278 1531 impetratum
1299 1480 1464 1528 reddidi.

218 1549 298 1586 TH.
346 1555 594 1597 utquomque
627 1546 668 1584 in
696 1547 777 1584 alto
811 1553 980 1592 uentust‚
1015 1544 1192 1596 Epidice‚
1224 1545 1326 1584 exim
1360 1547 1494 1584 uelum

1318 1611 1493 1650 uortitur.

102 1689 147 1725 50
166 1681 234 1718 ΕΡ.
267 1691 340 1717 uae
369 1678 512 1717 misero
540 1676 648 1724 mihi,
671 1678 773 1716 male
792 1676 964 1728 perdidit
991 1679 1078 1715 mel
1136 1677 1214 1714 TH.
1247 1675 1343 1726 quid
1364 1676 1464 1714 istuc
1480 1679 1497 1714 ?
1516 1692 1556 1723 50

1158 1741 1349 1791 quidnam
1376 1739 1380 1792 Ι
1406 1743 1497 1780 est?

167 1812 236 1847 ΕΡ.
268 1808 365 1859 quid
393 1808 518 1847 istanc
548 1821 667 1858 quarn
698 1807 804 1854 emit,
835 1806 971 1858 quanti
1005 1820 1092 1845 eam
1123 1806 1247 1845 emit?
1303 1808 1381 1844 ΤΗ.
1414 1806 1493 1844 uili.

974 1874 1043 1910 ΕΡ.
1077 1873 1183 1910 haud
1209 1871 1309 1910 istuc
1331 1879 1368 1911 te
1389 1885 1493 1922 rogo.

381 1941 460 1977 ΤΗ.
494 1938 588 1989 quid
610 1938 753 1990 igitur?
811 1941 879 1977 ΕΡ.
913 1945 1011 1988 quot
1031 1937 1179 1976 minis?

85 2015 146 2056 52²²
326 2006 405 2042 TH.
438 2012 518 2042 tot:
549 2003 808 2054 quadraginta
827 2003 954 2042 minis.

165 2070 205 2110 id
225 2072 328 2110 adeo
346 2077 550 2120 argentum
569 2071 620 2109 ab
641 2069 795 2109 danista
815 2070 922 2120 apud
943 2069 1103 2108 The'bas
1120 2069 1287 2120 sumpsit
1308 2071 1465 2108 faenore

210 2170 252 2207 36
274 2168 368 2199 nerei
385 2167 449 2199 cod.
469 2180 475 2199 :
501 2168 625 2199 Neriae
641 2167 802 2198 Dzz'atzko
922 2178 964 2206 40
998 2167 1049 2198 vel
1069 2166 1208 2207 loquere
1226 2179 1233 2198 ε
1257 2167 1330 2207 ipse
1455 2179 1496 2205 42

167 2256 205 2277 se
237 2244 352 2276 neuolt
376 2245 490 2282 Bothe,
519 2245 720 2276 Hermann:
755 2255 872 2275 senem
899 2255 967 2275 non
1000 2244 1071 2275 uult
1097 2244 1163 2276 cod.
1196 2243 1273 2285 (pro
1298 2255 1336 2275 se
1363 2219 1495 2283 iiicetiiult)

169 2300 210 2329 47
233 2290 282 2319 vel
296 2289 360 2329 ips'
418 2289 467 2319 vel
480 2289 575 2328 ipsus
588 2300 650 2320 ma.
664 2288 708 2319 mi
797 2298 840 2327 50
863 2289 943 2328 quid
961 2299 1038 2319 nam
1054 2288 1163 2319 istuc?
1187 2288 1268 2327 quid
1283 2289 1357 2319 est?
1384 2287 1496 2318 Came-

170 2334 278 2364 rarius
365 2342 404 2372 51
423 2333 504 2363 uilei
521 2332 586 2364 cod.
677 2341 719 2371 52
743 2333 931 2371 reddigitur
946 2332 1010 2363 cod.
1029 2331 1159 2371 (—getur
1173 2329 1230 2369 B3‚
1247 2332 1329 2370 quid
1346 2331 1447 2370 igitur
1451 2331 1495 2371 J)

169 2379 311 2417 52²-107
332 2381 440 2417 pauca
471 2376 626 2417 leguntur
646 2375 679 2406 A
814 2377 872 2415 52²·
896 2380 947 2406 tot
975 2375 1062 2417 (PE)
1087 2386 1132 2406 an
1159 2379 1252 2407 totus
1278 2374 1326 2416 (Β
1349 2377 1387 2405 ut
1409 2373 1494 2413 vid.)

169 2422 274 2452 incert.
294 2419 358 2451 cod.
375 2431 382 2452 z
407 2419 487 2451 totis
505 2420 669 2450 Meursius
686 2419 823 2462 (etfort.
844 2420 889 2450 ita
905 2419 938 2450 in
955 2419 1036 2460 cod.)
