1742 2718
744 53 973 92 CAPTIVI
1476 50 1528 86 II.
1550 48 1579 84 ii

198 164 293 205 mihi
313 166 383 203 des
404 178 474 216 pro
495 163 591 203 illo?
647 164 720 201 Tv.
754 163 917 212 &ptuma
941 161 1074 200 immo.
1137 163 1218 199 HE.
1251 159 1392 198 soluite
1413 159 1528 196 istum

1332 223 1528 270 nunciam,

110 308 176 346 355
196 304 314 346 atque
335 302 555 344 utrumque.
616 295 688 332 ΤΥ.
721 293 761 332 di
782 293 853 332 tibi
873 307 1012 332 omnes
1033 292 1168 331 omnia
1191 297 1325 342 optata
1345 291 1518 335 offerant,
1555 301 1612 330 105

197 375 319 411 quom
340 374 403 399 me
424 368 534 398 tanto
554 360 705 397 honore
725 360 911 397 honestas
933 370 1135 408 quomque
1156 370 1202 394 ex
1222 354 1362 393 uinclis
1383 353 1529 392 eximis.

197 429 274 465 hoc
295 426 456 476 quidem
478 426 555 463 hau
577 426 826 463 molestumst
847 423 935 470 iam,
959 424 1067 473 quod
1088 423 1213 460 collus
1234 420 1366 458 collari
1387 426 1501 457 caret.

199 494 279 530 HE.
313 492 421 541 quod
448 490 562 529 bonis
593 490 694 528 bene
724 490 767 527 fit
793 488 1046 535 beneficium,
1065 486 1187 537 gratia
1216 499 1262 524 ea
1289 484 1451 535 grauida
1475 492 1534 523 est

1405 550 1530 588 bonis.

200 636 304 660 nunc
321 629 362 660 tu
379 621 487 660 illum
509 620 540 659 si
561 620 628 659 illo
649 633 689 658 es
711 619 913 666 missurus,
928 618 1028 665 dice,
1052 616 1291 663 demc'mstra,
1315 615 1496 667 praecipe

113 693 182 738 360
200 701 300 738 quae
321 688 371 725 ad
392 694 541 737 patrem
566 685 625 724 uis
652 684 831 723 nuntiari.
892 683 959 722 uin
987 697 1129 723 uocem
1157 683 1234 720 huc
1260 682 1312 720 ad
1336 682 1402 720 te?
1458 682 1531 718 ΤΥ.
1557 693 1617 715 110

1419 759 1530 784 uoca.

311 922 497 959 HEGIO
609 921 1010 957 PHILOCRATES
1121 918 1428 953 TYNDARvs
1554 913 1600 950 iii

203 1011 284 1048 HE.
317 1010 431 1058 Quae
452 1021 512 1046 res
533 1007 635 1046 bene
656 1013 784 1045 uortat
805 1004 902 1044 mihi
924 1018 1094 1054 meoque
1116 1002 1197 1042 filio

203 1073 407 1123 uobisque,
431 1074 514 1111 uolt
534 1079 573 1111 te
593 1085 721 1111 nouos
741 1084 829 1110 erus
850 1083 1010 1120 operam
1031 1070 1124 1107 dare

149 1156 151 1159 ⁴
204 1147 272 1178 tuo
293 1137 415 1177 ueteri
436 1136 610 1184 domino,
634 1137 743 1187 quod
763 1135 795 1174 is
816 1135 922 1182 uelit,
943 1133 1120 1173 fideliter.

203 1219 296 1243 nam
317 1218 390 1255 ego
410 1211 449 1242 te
468 1209 732 1242 aestumatum
753 1202 846 1239 huic
866 1199 960 1239 dedi
980 1198 1117 1249 uiginti
1138 1197 1264 1245 minis,

116 1277 181 1323 365
203 1271 268 1309 hic
287 1278 419 1309 autem
441 1277 478 1308 te
498 1268 551 1307 ait
572 1267 725 1307 mittere
745 1266 838 1306 hinc
859 1267 959 1305 uelle
979 1266 1029 1304 ad
1050 1271 1211 1315 patrem,
1556 1278 1576 1311 5

204 1350 336 1375 meum
357 1337 400 1374 iit
419 1334 498 1373 illie
519 1333 686 1373 redimat
705 1332 840 1379 filiurn,
863 1330 1029 1370 mutatio

204 1402 304 1441 inter
324 1416 387 1440 me
406 1408 525 1450 atque
545 1399 655 1438 illum
676 1406 719 1437 ut
739 1397 880 1436 nostris
902 1398 969 1435 fiat
988 1395 1086 1435 filiis.

206 1471 378 1507 PHILOC.
410 1474 578 1516 utroque
606 1477 767 1503 uorsum
788 1469 976 1502 rectumst
995 1461 1196 1512 ingenium
1216 1473 1361 1507 meum,

205 1535 256 1573 ad
278 1535 344 1572 ted
365 1540 482 1583 atque
504 1532 613 1570 illum
632 1545 642 1579 3
673 1543 743 1581 pro
764 1536 848 1567 rota
868 1542 931 1566 me
951 1527 1008 1565 uti
1027 1527 1118 1565 licet
1137 1541 1144 1565 :
1299 1520 1306 1524 ⁶

119 1611 188 1648 370
206 1600 270 1638 uel
290 1612 363 1649 ego
382 1600 461 1636 huc
481 1598 545 1636 uel
565 1598 657 1634 illuc
678 1602 820 1641 uortar,
841 1606 921 1644 quo
940 1590 1191 1642 imperabitis.
1558 1595 1600 1619 10
1652 1593 1658 1599 “

208 1667 289 1703 ΗΕ.
321 1671 404 1703 tute
424 1663 495 1702 tibi
516 1670 653 1713 tuopte
673 1661 832 1711 ingenio
853 1660 995 1710 prodes
1014 1659 1254 1708 plurumum,

207 1743 329 1780 quom
350 1728 578 1768 seruitutem
601 1727 656 1765 ita
676 1728 751 1765 fers
772 1733 814 1764 ut
833 1722 956 1776 (eam)
974 1722 1062 1762 ferri
1082 1723 1206 1761 decet.

207 1808 380 1844 sequere.
440 1807 503 1832 em
524 1793 596 1832 tibi
617 1791 831 1831 hominem.
889 1791 964 1828 ΤΥ.
993 1787 1157 1839 gratiam
1177 1787 1307 1825 habeo
1327 1784 1410 1833 tibi,

207 1873 329 1910 quom
349 1859 505 1910 copiam
525 1858 640 1897 istam
661 1857 715 1896 mi
735 1864 774 1896 et
792 1862 1029 1908 potestatem
1048 1852 1154 1899 facis,

122 1935 187 1972 375
208 1932 252 1964 ut
271 1939 343 1976 ego
362 1927 414 1964 ad
434 1932 615 1976 parentes
635 1925 742 1962 hunc
761 1922 957 1961 remittam
977 1918 1171 1965 nuntium,
1560 1928 1598 1961 15

210 1989 277 2041 qui
298 2004 361 2029 me
381 1990 477 2041 quid
498 2003 626 2028 rerum
646 1989 710 2027 hic
730 1987 875 2038 agitem
895 1993 934 2025 et
953 1985 1050 2035 quid
1070 1983 1151 2022 fieri
1172 1981 1291 2022 uelim

209 2055 308 2105 patri
329 2069 418 2094 meo
439 2055 576 2094 ordine
597 2067 758 2092 omnem
778 2066 861 2091 rem
881 2052 972 2089 illue
992 2050 1168 2100 perferat.

253 2168 316 2198 355
342 2159 486 2189 offerant
511 2157 708 2188 Fleckeisen:
733 2156 844 2186 ferant
867 2154 934 2185 cod.
1086 2161 1148 2190 357
1175 2151 1291 2181 collari
1310 2149 1467 2181 Donatus
1482 2149 1538 2190 (G.

210 2203 250 2233 L.
280 2212 310 2241 3,
338 2203 417 2241 393)
451 2205 490 2232 ut
520 2201 582 2232 vid.
604 2212 612 2232 ε
656 2200 795 2231 collaria
826 2198 891 2228 cod.
1055 2205 1119 2235 359
1143 2199 1295 2225 monstra
1328 2193 1540 2225 Camerarius

209 2247 273 2285 364
297 2251 330 2276 te
347 2246 423 2276 huic
442 2246 518 2276 dedi
538 2248 762 2276 aestumatum
780 2243 884 2273 Bothe
901 2240 1004 2279 :sot-t.
1025 2243 1108 2270 aest.
1127 2239 1203 2269 huic
1219 2242 1253 2269 te
1271 2237 1350 2268 dedi
1474 2238 1540 2275 369

209 2294 312 2329 atque
329 2289 370 2320 ad
390 2289 482 2319 illum
499 2289 549 2319 PE
719 2297 780 2326 371
808 2285 867 2316 tibi
881 2284 1055 2317 Flecker'sen
1070 2294 1077 2313 :
1103 2282 1160 2312 tibi
1176 2282 1249 2322 [ea]
1268 2280 1332 2312 cod.
1348 2280 1399 2322 (ιγ.
1412 2291 1441 2311 υ.
1457 2280 1537 2320 372)

209 2343 274 2373 372
299 2343 372 2364 eam
387 2331 462 2363 add.
484 2331 612 2363 Schoell
625 2342 664 2362 ex
680 2341 708 2362 v.
729 2340 804 2370 371,
822 2339 904 2360 nam
921 2329 968 2359 ita
983 2327 1039 2358 vix
1056 2325 1252 2356 Plautinum
