1814 2723
173 88 251 126 III.

150 425 256 463 III.i

237 801 254 832 5

220 1326 259 1348 10

225 1779 261 1811 15

273 88 289 124 i
691 91 737 128 Τ.
770 90 949 130 MACCI
981 91 1186 129 PLAVTI

756 287 991 334 ACTVS
1044 287 1125 333 III

544 427 847 465 CLEARETA
960 427 1331 464 PHILAENIVM

276 524 345 563 CL.
379 525 417 562 N
421 537 576 574 equeon
597 537 669 573 ego
690 525 756 562 ted
777 523 994 562 interdictis
1016 525 1143 562 facere
1163 531 1410 562 mansuetem
1431 523 1558 563 meis?

274 603 324 627 an
345 589 398 627 ita
418 598 460 627 tu
481 603 521 628 es
541 589 714 627 animata
734 596 776 627 ut
796 589 863 639 qui
885 602 1020 639 expers
1042 589 1173 627 matris
1194 589 1358 639 imperio
1379 589 1484 628 sies?
1622 601 1687 640 505

276 658 350 694 ΡΗ.
383 655 450 693 ubi
471 655 576 704 piem
598 654 801 702 Pietatem,
825 655 857 692 si
876 654 975 693 istoc
996 668 1104 693 more
1126 663 1317 693 moratam
1337 655 1407 693 tibi

275 722 471 771 postulem
493 722 656 771 placere,
681 728 814 767 mater,
837 720 934 757 mihi
956 734 1035 770 quo
1056 728 1173 770 pacto
1193 720 1415 771 praecipis?

276 788 346 826 CL.
378 800 429 825 an
460 788 648 826 decorum
683 794 741 825 est
775 786 975 824 aduorsari
1009 786 1107 825 meis
1140 794 1179 825 te
1213 786 1459 837 praeceptis?
1526 789 1600 825 PH.

1400 852 1496 902 quid
1517 854 1604 891 est?

278 919 347 958 CL.
380 917 547 956 hoccine
568 925 625 955 est
646 917 833 967 pietatem
854 919 994 964 colere,
1017 917 1149 955 matris
1170 917 1378 967 imperium
1399 917 1604 957 minuere?

276 985 351 1021 PH.
392 997 521 1033 neque
561 996 662 1032 quae
700 990 804 1021 recte
843 982 992 1022 faciunt
1030 984 1148 1033 culpo
1186 996 1317 1033 neque
1347 996 1449 1033 quae
1483 983 1604 1022 delin-
1624 994 1693 1031 510

1355 1055 1481 1098 quont
1499 1062 1601 1087 amo.

276 1115 347 1152 CL.
384 1113 466 1151 sati'
505 1113 683 1152 dicacula
722 1127 762 1151 es
801 1113 974 1152 amatrix.
1059 1115 1133 1152 PH.
1175 1121 1311 1162 mater,
1349 1113 1381 1152 is
1419 1121 1605 1164 quaestus

1406 1179 1503 1217 mihi
1523 1187 1580 1218 est
1597 1194 1604 1218 :

276 1244 409 1294 lingua
429 1243 565 1294 poscit,
590 1257 731 1294 corpus
753 1245 902 1294 quaerit
917 1260 927 1292 ;
955 1244 1110 1283 animus
1131 1252 1226 1292 orat,
1248 1258 1308 1283 res
1329 1252 1474 1283 monet.

280 1311 349 1348 CL.
382 1323 454 1360 ego
475 1317 514 1347 te
533 1309 641 1348 uolui
663 1310 861 1360 castigare,
885 1318 926 1348 tu
948 1310 1043 1348 mihi
1063 1310 1281 1349 accusatrix
1300 1312 1405 1350 ades.

280 1377 353 1413 PH.
409 1388 538 1424 neque
577 1376 719 1425 edepol
758 1383 796 1413 te
839 1388 985 1413 accuso
1018 1389 1148 1426 neque
1186 1375 1227 1414 id
1267 1389 1330 1414 me
1378 1377 1503 1415 facere
1550 1377 1607 1414 fas

1400 1441 1603 1480 existumo.

279 1519 415 1544 uerum
437 1519 510 1555 ego
531 1519 638 1544 meas
659 1519 801 1556 queror
820 1508 1006 1553 fortunas,
1030 1520 1153 1556 quom
1173 1507 1242 1545 illo
1260 1506 1379 1557 quem
1399 1520 1490 1545 amo
1519 1520 1607 1557 pro·r
1627 1518 1691 1556 515

1048 1613 1060 1622 ¹
1457 1572 1603 1611 hibeor.

281 1637 351 1676 CL.
384 1650 509 1687 ecqua
528 1650 616 1687 pars
638 1636 824 1675 orationis
845 1638 896 1676 de
915 1637 982 1676 die
1000 1637 1159 1676 dabitur
1177 1638 1304 1676 mihi?

282 1704 355 1739 ΡΗ.
389 1709 426 1740 et
447 1715 576 1740 meam
596 1709 747 1752 partem
768 1701 959 1752 loquendi
979 1701 1018 1740 et
1038 1710 1146 1740 tuam
1166 1704 1281 1741 trado
1300 1703 1371 1741 tibi
1386 1717 1396 1751 3

281 1768 332 1804 ad
353 1767 598 1816 loquendum
618 1774 737 1816 atque
757 1768 809 1805 ad
829 1768 1042 1805 tacendum
1064 1774 1147 1805 tute
1167 1767 1313 1805 habeas
1337 1768 1605 1818 portisculum.

282 1830 377 1880 quin
397 1833 463 1881 pol
484 1830 516 1868 si
536 1831 707 1881 reposiui
728 1845 892 1879 remum,
915 1833 998 1870 sola
1018 1845 1092 1882 ego
1112 1832 1151 1870 in
1172 1833 1336 1871 casteria

281 1895 349 1934 ubi
370 1895 542 1946 quiesco,
566 1897 695 1935 omnis
716 1896 887 1936 familiae
907 1910 1045 1935 caussa
1065 1898 1243 1936 consistit
1263 1899 1344 1938 tibi.
1627 1915 1696 1952 520

281 1961 351 2000 CL.
384 1961 479 2010 quid
506 1961 562 1999 ais
597 1969 649 2009 tu,
680 1975 798 2012 quam
830 1975 903 2012 ego
934 1975 1055 2000 unam
1086 1962 1169 2001 uidi
1199 1964 1403 2003 mulierem
1432 1965 1607 2004 audacis-

1427 2045 1579 2070 sumam
1593 2034 1609 2070 ?

282 2092 464 2142 quotiens
485 2100 523 2130 te
544 2093 653 2130 uotui
676 2093 939 2144 Argyrippum
960 2094 1083 2132 filium
1107 2096 1340 2134 Demaeneti

326 2201 388 2230 504
414 2195 622 2221 mansuetam
641 2191 706 2223 cod.
723 2192 774 2232 (cs.
786 2191 833 2224 ad
844 2192 920 2234 145)
1055 2203 1118 2233 505
1143 2195 1260 2225 matris
1276 2205 1400 2234 expers
1415 2195 1482 2227 cod.
1496 2208 1503 2227 z
1528 2207 1606 2228 corr.

252 2242 260 2252 *
284 2234 496 2265 Camerarius
555 2235 698 2273 imperio
709 2234 840 2266 Luchs:
866 2237 998 2276 imperii
1015 2237 1080 2269 cod.
1102 2238 1137 2277 (i.
1151 2239 1211 2276 9):
1236 2238 1309 2269 -riis
1324 2238 1457 2269 Brandt
1522 2249 1547 2271 S.
1566 2250 1608 2272 m.

283 2289 311 2310 e.
329 2278 448 2317 imperi
465 2276 591 2308 Schocll
733 2290 799 2319 509
822 2283 898 2310 ante
919 2281 1121 2320 5082c0nloc.
1142 2281 1314 2313 Fleckeisen
1405 2283 1517 2314 colore
1542 2283 1606 2315 cod.

286 2322 375 2363 (-ere
391 2320 459 2361 PE)
548 2323 612 2360 516
636 2332 742 2362 ecqua
758 2323 863 2354 Brt'x:
888 2334 997 2363 egoua
1013 2325 1077 2357 cod.
1094 2324 1140 2367 (G
1153 2330 1214 2365 pro
1231 2326 1268 2366 C,
1289 2325 1393 2366 Opro
1409 2326 1456 2365 Q)
1546 2327 1610 2366 518

284 2366 388 2439 Ιῖᾅὲίῗέ
400 2363 500 2451 8cgdd.
526 2364 719 2405 Nom'1’151‚
748 2367 865 2398 Isidori
884 2367 1023 2406 Etymol.
1053 2378 1102 2407 19,
1129 2379 1161 2405 2,
1189 2378 1226 2408 13
1338 2379 1402 2409 520
1427 2369 1490 2400 cibi
1519 2369 1606 2402 codd.
