1742 2718
669 104 995 142 AVLVLARIA
1460 106 1488 142 1.
1511 104 1539 139 ii

527 258 739 295 Evcmo
849 257 1143 294 STAPHVLA
1516 256 1543 291 ii

171 353 268 390 Evc.
302 351 420 389 Nunc
441 350 645 388 defaecato
666 350 828 387 demum
849 348 983 386 animo
1004 347 1182 398 egredior
1203 348 1336 393 domo,

106 425 152 459 80
170 424 380 468 postquam
402 414 580 465 perspexi
600 415 709 452 salua
729 426 814 452 esse
835 413 940 451 intus
961 412 1105 451 omnia.

170 482 252 521 redi
273 480 458 520 nunciam
479 480 581 518 intro
600 487 720 529 atque
741 478 845 517 intus
865 491 987 516 serua.
1047 479 1138 516 STA.
1171 476 1379 531 quippini?

170 561 243 597 ego
264 546 368 584 intus
388 547 572 584 seruem?
600 557 650 582 an
672 557 722 582 ne
742 543 829 594 quis
849 542 959 581 aedis
978 544 1129 581 auferat
1142 530 1194 581 f(

170 626 261 650 nam
282 611 346 650 hic
366 611 473 661 apud
494 623 565 648 nos
588 609 684 647 nihil
705 616 764 647 est
782 608 889 647 aliud
910 608 1061 658 quaesti
1084 607 1244 653 furibus,
1522 613 1537 647 5

170 678 224 716 ita
243 676 384 715 inaniis
405 683 496 714 sunt
516 676 699 725 oppletae
719 681 838 723 atque
858 673 1020 712 araneis.

107 748 149 792 85
173 731 288 780 Evc‘.¹>
304 741 445 780 mirum
466 740 562 790 quin
583 747 650 778 tua
670 752 734 777 me
754 751 892 777 caussa
912 738 1027 776 faciat
1050 737 1227 788 Iuppiter

171 807 398 858 Philippum
419 812 637 856 regem‘aut
659 806 845 850 Dareum,
868 803 1106 842 triuenefica.

170 886 332 912 araneas
353 872 406 910 mi
426 884 500 922 ego
520 870 604 908 illas
626 869 770 908 seruari
791 870 895 908 uolo.

172 952 319 989 pauper
339 950 426 976 sum
441 952 451 985 3
479 938 613 983 fateor,
637 935 787 986 patior3
816 936 926 985 quod
946 934 987 974 di
1008 935 1104 973 dant
1124 935 1217 972 fero.
1526 946 1564 967 10

171 1004 237 1043 abi
257 1004 369 1051 intro,
393 1003 560 1042 occlude
580 1001 751 1039 ianuam.
809 1000 886 1038 iam
908 1013 981 1050 ego
1001 999 1066 1038 hic
1086 1012 1163 1039 ero.

108 1087 154 1123 90
172 1082 270 1108 caue
290 1080 531 1119 quemquam
551 1066 725 1105 alienum
745 1065 785 1103 in
805 1064 914 1104 aedis
934 1064 1037 1103 intro
1057 1063 1218 1102 miseris.

173 1135 282 1185 quod
302 1133 498 1184 quispiam
518 1132 649 1182 ignem
671 1138 843 1181 quaerat,
866 1129 1060 1180 exstingui
1081 1130 1185 1175 uolo,

172 1213 222 1238 ne
241 1212 403 1238 caussae
423 1198 520 1248 quid
540 1197 590 1235 sit
609 1197 719 1247 quod
740 1203 777 1234 te
798 1195 1008 1245 quisquam
1028 1194 1229 1244 quaeritet.

171 1278 264 1304 nam
284 1264 316 1303 si
336 1263 435 1314 ignis
455 1262 575 1310 uiuet,
597 1264 638 1300 tu
659 1261 904 1310 exstinguere
924 1261 1160 1310 extempulo.
1526 1273 1562 1305 15

172 1339 256 1369 tum
276 1343 421 1380 aquam
440 1327 638 1378 aufugisse
659 1325 791 1373 dicito,
814 1324 847 1364 si
866 1325 954 1375 quis
975 1332 1093 1375 petet.

108 1412 153 1450 95
172 1398 353 1443 cultrum,
376 1394 555 1441 securim,
577 1392 777 1444 pistillum,
801 1391 1044 1438 mortarium,

173 1475 275 1513 quae
294 1462 443 1500 utenda
463 1472 557 1498 uasa
577 1471 732 1508 semper
751 1457 871 1496 uicini
891 1463 1040 1507 rogant,

173 1530 276 1567 fures
296 1526 453 1566 uenisse
472 1533 591 1575 atque
610 1522 818 1574 apstulisse
837 1522 971 1561 dicito.

172 1594 349 1644 profecto
368 1592 409 1630 in
429 1591 539 1631 aedis
559 1603 667 1629 meas
687 1603 752 1628 me
771 1596 935 1640 apsente
955 1587 1157 1626 neminem
1526 1601 1565 1623 20

174 1660 267 1698 uolo
286 1658 389 1696 intro
410 1656 523 1695 mitti.
580 1662 700 1706 atque
719 1654 838 1693 etiam
859 1655 936 1693 hoc
957 1653 1143 1704 praedico
1163 1651 1245 1699 tibi,

90 1738 156 1765 100
174 1723 206 1762 si
227 1726 340 1763 Bona
361 1724 536 1761 Fortuna
554 1719 699 1767 ueniat,
721 1733 772 1758 ne
792 1718 895 1757 intro
915 1718 1076 1757 miseris.

174 1790 266 1828 STA.
297 1789 364 1839 pol
384 1801 431 1826 ea
450 1787 535 1838 ipsa
554 1786 675 1825 credo
695 1798 745 1824 ne
766 1785 868 1823 intro
888 1784 1064 1823 mittatur
1083 1790 1209 1830 cauet,

175 1868 268 1893 nam
286 1855 339 1893 ad
358 1852 467 1892 aedis
487 1858 640 1890 nostras
660 1862 857 1901 nusquam
876 1849 973 1888 adiit
993 1861 1193 1901 quaquam
1213 1859 1347 1898 prope.

175 1921 273 1958 Evc.
305 1926 391 1957 tace
417 1925 536 1968 atque
564 1915 630 1955 abi
653 1915 766 1954 intro.
826 1916 917 1954 STA.
950 1922 1063 1953 taceo
1089 1921 1208 1963 atque
1231 1911 1502 1951 abeo—Eva
1526 1927 1540 1949 2
1548 1927 1564 1959 5

1267 1976 1434 2016 occlude
1454 1975 1505 2014 sis

173 2051 275 2088 fores
294 2048 491 2087 ambobus
511 2046 685 2098 pessulis.
746 2045 825 2084 iam
845 2058 919 2095 ego
939 2044 1004 2083 hic
1024 2057 1101 2083 ero.

92 2127 154 2165 105
175 2113 391 2152 discrucior
409 2112 542 2159 animi,
565 2112 657 2162 quia
676 2111 728 2149 ab
748 2111 871 2149 domo
891 2110 1122 2148 abeundum
1143 2115 1201 2147 est
1222 2107 1329 2147 mihi.

220 2216 262 2255 83
286 2215 376 2247 aliud
393 2225 458 2246 om.
479 2212 568 2245 codd.
588 2213 692 2244 Nonii
705 2213 769 2252 483
872 2212 914 2250 84
932 2211 1045 2242 inanis
1057 2210 1124 2242 cod.
1138 2211 1182 2251 (v.
1196 2221 1228 2251 9.
1245 2210 1282 2251 9)
1387 2211 1428 2248 85
1454 2218 1507 2239 me

178 2258 406 2292 Camerarius:
425 2268 514 2289 nunc
536 2268 590 2288 me
615 2256 680 2288 cod.
709 2258 763 2297 (ex
785 2265 836 2286 me
856 2260 918 2296 pro
941 2264 994 2285 me
1018 2256 1178 2293 ortum23
1201 2255 1242 2285 iv.
1264 2255 1299 2293 3)
1446 2262 1504 2283 101

176 2314 279 2343 eapse
289 2301 392 2334 Bothe
504 2312 565 2333 102
590 2310 773 2340 numquam
790 2298 826 2329 D
904 2308 1104 2338 quamquam
1117 2297 1184 2330 cod.
1200 2297 1244 2340 (v.
1264 2299 1315 2338 12)
1399 2305 1507 2337 prope

175 2348 261 2389 [est]
274 2346 307 2377 Β
418 2354 477 2384 105
493 2345 535 2376 ab
552 2344 614 2376 del.
633 2343 769 2374 Guietus
