1814 2723
240 71 357 100 PROL.
801 61 847 99 T.
882 62 1063 101 MACCI
1096 63 1300 100 PLAVTI

381 187 518 212 uerum
539 173 630 213 illuc
651 175 771 213 redeo
792 175 899 213 unde
919 173 998 213 abii
1018 181 1136 225 atque
1156 189 1237 214 uno
1257 182 1343 214 asto
1363 175 1403 214 in
1423 178 1522 216 loco.

382 239 702 289 Epidamniensis
724 240 776 277 ill'
797 253 917 289 quem
937 240 1091 278 dudum
1111 239 1300 288 dixeram,

378 304 581 354 geminum
603 305 711 343 illum
734 318 900 355 puerum
922 305 988 354 qui
1010 305 1208 355 surrupuit
1227 307 1407 356 alterum,

381 370 417 408 ei
438 370 650 409 liberorum
672 370 746 408 nisi
766 370 928 409 diuitiae
949 370 1047 408 nihil
1067 378 1147 409 erat
1165 386 1172 409 :

320 442 363 474 60
381 436 545 485 adoptat
565 435 674 473 illum
695 449 860 485 puerum
882 435 1159 485 surrupticium

382 500 455 539 sibi
477 500 600 538 filium
621 500 736 550 eique
757 514 918 539 uxorem
938 502 1115 539 dotatam
1136 501 1257 548 dedit,

381 579 552 616 eumque
573 567 758 604 heredem
780 566 870 604 fecit
891 579 1012 616 quom
1034 566 1117 617 ipse
1138 566 1235 605 obiit
1256 566 1374 605 diem.

382 644 473 669 nam
494 644 558 669 rus
578 638 620 669 ut
640 631 721 669 ibat
742 632 850 679 forte,
873 638 916 669 ut
937 633 1104 669 multum
1126 633 1288 681 pluerat,

382 696 577 746 ingressus
597 696 763 734 fluuium
784 696 964 746 rapidum
985 697 1036 734 ab
1057 697 1154 735 urbe
1174 698 1253 735 hau
1275 698 1443 747 longule,

321 764 362 807 65
382 760 540 811 rapidus
560 760 703 810 raptori
724 760 833 811 pueri
854 760 1040 799 subduxit
1060 761 1182 811 pedes

380 825 645 876 apstraxitque
666 826 870 864 hominem
891 826 931 864 in
952 839 1177 864 maxumam
1200 827 1343 865 malam
1364 839 1533 866 crucem.

381 892 434 929 illi
456 891 616 930 diuitiae
642 891 646 942 l
673 899 890 930 euenerunt
910 904 1129 930 maxumae.

381 956 413 995 is
433 956 511 995 illic
530 955 681 995 habitat
701 955 881 1006 geminus
902 956 1169 1006 surrupticius.

381 1035 488 1061 nunc
508 1022 572 1061 ille
592 1020 783 1072 geminus,
806 1021 874 1071 qui
895 1022 1094 1071 Syracusis
1114 1021 1245 1068 habet,

323 1105 363 1139 70
383 1087 502 1126 hodie
522 1087 563 1125 in
584 1087 854 1138 Epidamnum
875 1087 984 1126 uenit
1003 1101 1095 1126 cum
1115 1100 1230 1126 seruo
1250 1100 1323 1126 suo
1374 1106 1379 1114 s

382 1155 488 1192 hunc
509 1152 769 1203 quaeritatum
789 1152 991 1203 geminum
1011 1166 1241 1203 germanum
1263 1166 1388 1191 suom.

381 1221 479 1257 haec
499 1219 592 1257 urbs
614 1218 862 1268 Epidamnus
883 1225 942 1256 est
961 1219 1058 1256 dum
1080 1219 1178 1256 haec
1198 1218 1324 1268 agitur
1344 1218 1475 1257 fabula
1492 1234 1499 1257 ε

381 1285 543 1334 quando
562 1283 637 1321 alia
657 1290 791 1333 agetur
810 1282 918 1321 aliud
939 1284 1005 1321 fiet
1026 1282 1219 1333 oppidum
1236 1298 1245 1329 3

382 1349 482 1388 sicut
502 1348 671 1387 familiae
692 1361 852 1399 quoque
872 1350 1000 1387 solent
1020 1346 1204 1386 mutarier
1221 1362 1228 1385 ;

325 1430 362 1463 75
384 1416 505 1453 modo
526 1414 589 1453 hic
609 1413 760 1452 habitat
781 1415 883 1461 leno,
906 1416 1028 1452 modo
1047 1415 1295 1461 adulescens,
1317 1414 1438 1452 modo
1459 1426 1587 1461 senex,

383 1493 541 1530 pauper,
565 1478 781 1526 meridiem,
806 1493 881 1526 rex,
904 1478 1107 1529 parasitus,
1129 1479 1301 1516 hariolus

438 1560 455 1579 »κ
571 1560 588 1579 >¹⁵
704 1558 720 1577 ss
836 1559 853 1579 >ie
969 1559 986 1577 >k
1101 1557 1118 1577 »κ
1233 1556 1251 1576 *

425 1650 467 1687 56
490 1648 665 1680 redeunde
679 1647 744 1679 cod.
760 1646 854 1688 (corr.
867 1645 930 1687 ΒΞ)
1060 1618 1115 1686 '57
1140 1644 1257 1677 accedit
1270 1645 1303 1676 A
1320 1657 1328 1686 3
1352 1655 1459 1686 57—75
1477 1650 1608 1678 tantum
1624 1646 1717 1678 initia

381 1697 509 1723 servata
641 1692 684 1731 58
706 1691 846 1723 alteram
863 1690 928 1722 cod.
951 1690 1054 1729 (-rum
1068 1689 1129 1732 B¹)
1261 1699 1303 1730 59
1326 1689 1462 1721 diuiliae
1478 1689 1542 1722 cod.

381 1747 481 1775 quom
498 1736 601 1767 Pius:
623 1746 723 1775 quam
740 1735 809 1766 cod.
942 1735 984 1772 65
1008 1734 1115 1774 pedes
1126 1732 1330 1765 Saracenas:
1350 1734 1436 1765 fides
1453 1733 1518 1765 cod.
1537 1733 1582 1776 (F
1592 1739 1656 1776 pro
1667 1734 1693 1765 P
1709 1747 1717 1774 ;

381 1781 425 1811 vi.
450 1782 482 1817 Ι)
627 1781 670 1819 67
695 1779 742 1810 illi
774 1776 930 1821 (autern)
961 1776 1090 1808 Schoell
1233 1777 1289 1808 vix
1320 1778 1531 1808 deuenerunt

381 1824 497 1855 ueniet
530 1822 666 1864 Geppert
796 1833 836 1862 74
860 1822 983 1852 mutari
1013 1820 1082 1851 cod.
1116 1821 1152 1861 (i.
1184 1831 1213 1860 7,
1247 1822 1300 1859 11)
1444 1830 1484 1861 75
1508 1822 1563 1852 hic
1588 1822 1717 1853 habitat

381 1867 530 1899 Sclwell:
555 1868 589 1897 ni
606 1867 730 1897 caditat
747 1865 787 1905 P,
806 1866 839 1895 A
867 1877 899 1896 n.
923 1866 942 1896 l.
1097 1865 1138 1904 76
1161 1865 1193 1894 in
1215 1864 1247 1894 A
1279 1875 1379 1904 usque
1403 1864 1451 1895 ad
1465 1875 1494 1896 v.
1520 1875 1558 1904 91
1585 1868 1717 1896 tantum

377 1915 562 1950 paucorum
580 1921 735 1942 versuum
751 1913 896 1941 extrema
919 1912 1089 1949 apparent,
1105 1908 1265 1949 prologus
1281 1918 1348 1940 uno
1365 1919 1458 1940 versu
1480 1909 1606 1940 auctior
1607 1909 1718 1950 fuisse

381 1954 510 1986 videtur

1733 435 1780 470 60

1734 1095 1782 1132 70

1733 1421 1776 1458 75
