1814 2723
175 56 222 92 V.
245 54 275 91 ii
667 51 712 88 T.
748 48 928 89 MACCI
960 48 1163 86 PLAVTI

247 164 314 201 PL.
348 162 604 208 Phaedrome,
629 172 804 211 opsecro,
835 171 948 197 serua
976 171 1050 196 me.
1110 158 1184 195 PH.
1217 163 1419 206 tamquam
1449 167 1513 193 me
1541 161 1580 194 et

1251 220 1410 272 genium
1432 233 1576 258 meum.

187 310 227 340 50
248 292 370 341 miles,
394 306 541 342 quaeso
564 290 619 329 uti
641 289 737 328 mihi
759 289 867 328 dicas
888 289 995 327 unde
1015 287 1125 326 illum
1146 287 1293 326 habeas
1313 287 1488 333 anulum,

248 372 367 409 quem
387 358 577 408 parasitus
598 356 663 395 hic
684 364 722 395 te
743 355 868 394 elusit.
929 356 996 393 PL.
1020 368 1088 405 per
1108 361 1175 392 tua
1194 366 1323 404 genua
1343 359 1381 391 te
1402 363 1567 402 opsecro
1598 353 1670 399 630

248 431 291 462 ut
311 436 383 462 nos
404 423 522 462 facias
544 421 739 461 certiores.
798 422 878 458 TH.
910 419 1007 470 quid
1027 419 1126 458 istuc
1146 419 1197 457 ad
1218 431 1290 457 uos
1310 416 1479 456 attinet?

248 489 442 540 quaeratis
466 488 715 537 chlamydem
744 493 782 525 et
810 486 1058 525 machaeram
1079 486 1182 522 hanc
1209 484 1315 522 unde
1342 484 1393 521 ad
1414 496 1477 521 me
1502 495 1583 532 per-

1418 547 1579 586 uenerit.

251 620 320 659 Cv.
346 626 387 657 ut
404 618 550 657 fastidit
565 617 757 668 gloriosus
775 620 781 655 l
825 618 904 654 TH.
929 615 1040 654 mitte
1056 614 1185 662 istum,
1201 627 1274 664 ego
1288 613 1419 652 dicam
1435 614 1581 651 omnia.

192 700 229 730 35
250 686 321 724 CV.
345 684 441 722 nihil
463 692 520 722 est
541 685 650 734 quod
671 683 735 721 ille
756 682 861 721 dicit.
913 683 981 720 PL.
1004 682 1064 720 fac
1085 694 1148 719 me
1169 680 1386 727 certiorem,
1405 691 1580 729 opsecro.

303 751 382 787 TH.
415 762 488 800 ego
517 748 662 796 dicam,
689 762 811 798 surge.
872 749 975 786 hanc
1006 760 1088 786 rem
1122 745 1225 797 agite
1255 753 1374 795 atque
1406 744 1584 782 animum
1603 746 1669 791 635

1376 809 1583 848 aduortite.

305 888 414 931 pater
435 894 546 918 meus
567 879 705 917 habuit
727 878 954 928 Periplanes
975 876 1261 918 †Planesium†

304 946 334 983 is
355 945 451 995 priu'
472 958 590 995 quam
613 943 776 982 moritur
796 943 893 981 mihi
914 942 1024 981 dedit
1045 950 1246 991 tamquam
1268 954 1349 988 suo,

303 1019 345 1049 ut
365 1023 535 1060 aequom
556 1011 691 1056 fuerat,
715 1008 921 1047 filio—PL.
954 1021 1025 1058 pro
1047 1006 1224 1057 Iuppiter
1243 1010 1250 1044 1

187 1092 230 1123 40
304 1078 383 1114 TH.
416 1083 454 1114 et
475 1075 571 1114 istae
593 1088 656 1113 me
677 1075 865 1113 heredem
887 1073 989 1112 fecit.
1050 1075 1118 1111 PL.
1150 1071 1209 1124 (o)
1230 1071 1358 1110 Pietas
1380 1083 1477 1118 mea,

304 1154 416 1180 serua
436 1154 509 1188 me,
534 1141 695 1190 quando
716 1153 789 1189 ego
810 1147 848 1178 te
869 1138 1023 1178 seruaui
1044 1139 1195 1177 sedulo.
1604 1138 1674 1180 64ο

304 1209 420 1245 frater
440 1206 505 1253 mi,
529 1207 646 1244 salue.
706 1207 786 1243 TH.
820 1204 887 1255 qui
909 1206 1067 1243 credam
1089 1203 1162 1254 e'go
1183 1203 1312 1242 istuc?
1341 1203 1451 1248 cedo,

306 1272 337 1310 si
358 1285 450 1311 uera
470 1284 676 1317 memoras,
701 1283 802 1320 quae
823 1270 895 1308 fuit
916 1277 1040 1308 mater
1059 1271 1156 1307 tua?

306 1339 374 1375 PL.
407 1336 611 1376 Cleobula.
672 1336 753 1373 TH.
785 1334 914 1373 nutrix
936 1347 1036 1384 quae
1057 1333 1159 1372 fuit?
1216 1335 1283 1371 PL.
1317 1333 1578 1371 Archestrata.

189 1415 229 1446 45
305 1417 351 1441 ea
371 1415 435 1441 me
456 1408 676 1452 spectatum
698 1401 838 1438 tulerat
859 1413 927 1449 per
950 1398 1152 1448 Dionysia.
1605 1383 1675 1465 244

305 1475 515 1518 postquam
536 1466 604 1504 illo
624 1473 789 1504 uentum
810 1472 879 1512 est,
903 1464 992 1511 iam,
1015 1471 1058 1502 ut
1078 1477 1142 1502 me
1162 1465 1450 1511 conlocauerat,
1631 1438 1673 1474 4⁵

306 1533 475 1572 exoritur
495 1539 637 1570 uentus
659 1531 786 1577 turbo,
810 1531 1007 1580 spectacla
1027 1529 1082 1567 ibi
1103 1536 1230 1577 ruont,

305 1611 378 1649 ego
399 1597 634 1648 pertimesco
651 1612 658 1635 :
690 1593 811 1649 [tum]
833 1595 888 1634 ibi
909 1609 973 1634 me
994 1594 1218 1645 nescioquis
1238 1593 1371 1645 arripit

307 1663 487 1702 timidam
507 1669 626 1712 atque
647 1661 850 1711 pauidam,
871 1673 944 1699 nec
965 1659 1099 1698 uiuam
1120 1672 1194 1698 nec
1211 1666 1417 1698 mortuam.

194 1741 233 1773 50
307 1742 381 1767 nec
401 1741 481 1779 quo
501 1741 565 1766 me
585 1735 702 1778 pacto
722 1726 927 1777 apstulerit
948 1739 1110 1776 possum
1131 1725 1272 1764 dicere.
1606 1723 1676 1769 650

307 1796 386 1832 TH.
418 1792 581 1831 memini
601 1792 726 1831 istanc
748 1791 904 1831 turbam
926 1790 1018 1829 fieri.
1078 1791 1148 1829 sed
1169 1797 1210 1828 tu
1230 1789 1295 1829 dic
1316 1789 1423 1838 mihi,

307 1859 375 1897 ubi
396 1859 427 1897 is
449 1866 506 1897 est
527 1859 648 1897 homo
670 1857 736 1908 qui
759 1865 796 1896 te
818 1855 1046 1906 surrupuit?
1101 1857 1169 1893 PL.
1201 1854 1347 1893 nescio.

307 1938 445 1963 uerum
466 1925 572 1962 hunc
593 1923 747 1962 seruaui
770 1936 925 1973 semper
946 1935 1103 1960 mecum
1124 1933 1202 1959 una
1222 1922 1384 1958 anulum
1400 1935 1410 1968 ;

307 2003 397 2028 cum
411 1991 488 2027 hoe
502 1988 596 2027 olim
613 1988 719 2039 perii.
756 1989 836 2025 TH.
860 1988 961 2026 cedo
974 1994 1017 2025 ut
1032 1985 1249 2036 inspiciam.
1300 1985 1373 2024 CV.
1396 1999 1518 2024 sanan
1535 1999 1588 2031 es,

196 2071 233 2102 55
308 2068 409 2106 quae
426 2053 487 2092 isti
505 2053 759 2092 committas?
804 2055 870 2090 PL.
904 2052 988 2090 sine
1009 2052 1141 2090 modo.
1187 2052 1266 2088 TH.
1299 2063 1371 2100 pro
1388 2049 1564 2100 Iuppiter
1581 2053 1587 2088 ἕ
1606 2056 1673 2101 655

298 2160 363 2190 628
388 2159 463 2200 PL]
481 2159 530 2189 vel
545 2158 606 2190 Cv.
715 2159 782 2197 629
805 2155 885 2200 (te)
898 2162 933 2187 ut
954 2158 1005 2195 (ut
1022 2156 1105 2195 cod.)
1124 2155 1241 2186 Becker
1352 2155 1415 2193 634
1439 2152 1518 2197 (te)
1534 2154 1590 2184 ob-

256 2214 353 2234 secro
370 2203 482 2242 Bothe,
502 2202 552 2232 cni
566 2202 676 2232 hiatus
694 2205 769 2231 ante
786 2201 927 2231 obsecro
950 2200 1091 2239 displicet
1189 2200 1255 2238 636
1280 2197 1490 2238 Periphanes
1507 2198 1591 2228 Pius

257 2248 314 2278 PL.
342 2247 421 2277 hem
440 2245 650 2284 Periphanes
667 2244 841 2275 Acidalins
858 2244 959 2283 :fort.
980 2242 1210 2282 uirgunculam
1231 2242 1275 2281 (v.
1299 2242 1331 2279 Ι)
1444 2243 1508 2280 639
1526 2241 1590 2272 iste

260 2291 330 2329 (i.e.
351 2300 406 2321 -ae
420 2290 446 2329 2)
466 2288 531 2320 cod.
550 2300 556 2321 :
583 2289 639 2319 isti
656 2288 776 2318 Bothe:
804 2288 867 2318 isto
884 2287 950 2317 Leo
1007 2297 1056 2316 ιο
1073 2285 1149 2316 add.
1165 2285 1252 2325 Ital.,
1273 2295 1356 2315 nam
1382 2284 1496 2315 Pietas
1514 2286 1590 2315 mea

257 2338 441 2374 suspectum
553 2333 615 2371 641
642 2333 698 2370 qui
715 2341 779 2370 ego
796 2331 881 2361 istuc
899 2330 1031 2360 credam
1055 2329 1226 2360 Fleckeisen
1346 2330 1411 2367 648
1435 2333 1505 2358 tum
1530 2327 1587 2359 del.

258 2378 480 2418 Kampmann
577 2376 638 2413 651
667 2374 874 2405 meministin
895 2374 983 2404 hanc
999 2372 1065 2404 cod.
1166 2373 1229 2411 654
1256 2371 1335 2413 Cv.]
1354 2372 1403 2403 vel
1418 2371 1481 2403 PH.
