1814 2723
205 72 287 110 V.i
692 70 738 106 T.
772 67 952 106 MACCI
984 66 1188 104 PLAVTI

217 195 251 227 15
274 180 374 220 sicut
394 187 436 218 tu
457 178 548 218 huic
569 185 693 229 potes,
716 184 825 227 pater
846 175 910 223 mi,
934 177 1060 214 facere
1081 174 1221 213 merito
1242 186 1434 212 maxume.

274 247 356 285 HE.
388 245 484 296 quid
505 251 622 294 opust
642 242 805 281 uerbis?
834 241 965 291 lingua
985 242 1128 278 nullast
1148 253 1227 290 qua
1246 251 1387 288 negem
1409 235 1604 288 quidquid

1479 314 1602 352 roges.

274 379 446 416 PHILoc.
479 376 636 426 postulo
656 387 726 423 aps
748 381 785 411 te
806 380 847 411 ut
870 371 965 410 mihi
990 371 1099 409 illum
1126 371 1267 409 reddas
1295 381 1461 415 seruom,
1484 380 1604 417 quem

1287 434 1350 472 hic
1373 432 1604 482 reliqueram

274 508 415 559 pignus
436 520 506 557 pro
528 519 601 552 me,
625 504 693 554 qui
715 503 810 541 mihi
833 503 970 541 melior
990 515 1110 552 quam
1131 501 1205 539 sibi
1227 513 1380 549 semper
1400 498 1484 545 fuit,

274 586 345 623 pro
366 573 468 610 bene
489 570 599 609 factis
620 570 703 608 eius
725 577 766 607 ut
787 568 822 606 ei
843 567 1010 617 pretium
1032 566 1179 617 possim
1201 566 1375 603 reddere.
1623 568 1694 604 940

218 655 256 676 20
278 640 357 676 HE.
391 637 499 686 quod
522 636 623 673 bene
643 633 768 672 fecisti
789 634 974 671 referetur
994 631 1115 681 gratia
1135 631 1175 669 id
1198 631 1307 680 quod
1328 629 1503 679 postulas
1518 642 1528 675 3

276 711 313 742 et
335 703 375 741 id
396 709 433 740 et
454 701 560 739 aliud
582 701 691 750 quod
713 712 777 737 me
798 698 927 736 orabis
948 696 1187 747 impetrabis.
1245 703 1364 745 atque
1385 702 1423 732 te

275 767 398 806 nolim
419 779 647 805 suscensere
668 765 775 814 quod
797 777 870 814 ego
891 763 1009 801 iratus
1030 762 1064 800 ei
1086 761 1159 800 feci
1182 762 1293 799 male.

277 836 449 872 PHILOC.
491 831 586 881 quid
625 830 780 869 fecisti?
867 830 949 867 HE.
991 828 1029 865 in
1065 826 1295 877 lapicidinas
1335 823 1605 874 compeditum

1430 887 1603 933 condidi,

277 964 345 1002 ubi
378 962 517 1001 resciui
552 961 648 999 mihi
683 962 774 999 data
809 973 894 998 esse
926 959 1056 997 uerba.
1147 959 1319 995 PHILOC.
1352 968 1426 993 uae
1465 953 1607 991 misero
1626 960 1693 997 945

1498 1016 1606 1063 mihi,

220 1110 258 1140 25
281 1101 438 1144 propter
459 1105 591 1131 meum
613 1098 730 1140 caput
751 1091 904 1128 labores
924 1087 1077 1126 homini
1099 1086 1278 1125 euenisse
1299 1092 1464 1135 optumo
1484 1086 1490 1120 !

280 1160 361 1196 HE.
393 1166 431 1196 at
452 1158 504 1196 ob
525 1171 613 1196 earn
635 1170 715 1194 rem
737 1155 833 1193 mihi
854 1154 1027 1192 libellam
1049 1153 1119 1203 pro
1141 1165 1188 1190 eo
1209 1149 1357 1200 argenti
1377 1162 1427 1186 ne
1448 1147 1559 1186 duis:

278 1223 408 1273 gratiis
429 1237 451 1261 a
472 1236 546 1269 me,
569 1230 611 1260 ut
633 1222 680 1259 sit
701 1220 808 1267 liber,
832 1218 978 1257 ducito.
1040 1219 1210 1255 PHILoc.
1244 1215 1397 1264 edepol,
1422 1212 1564 1261 Hegio,

279 1288 364 1326 faci'
400 1288 579 1337 benigne.
658 1287 728 1324 sed
767 1297 914 1335 quaeso
955 1282 1158 1320 hominem
1198 1288 1240 1319 ut
1280 1280 1415 1317 iubeas
1457 1275 1610 1315 arcessi.

1394 1344 1474 1380 ΗΕ.
1507 1341 1607 1379 licet.

282 1419 350 1457 ubi
371 1418 463 1457 estis
484 1420 586 1456 uos?
615 1417 666 1455 ite
687 1422 874 1461 actutum,
898 1414 1128 1463 Tyndarum
1150 1413 1228 1449 huc
1248 1408 1441 1448 arcessite.
1629 1414 1699 1452 950

221 1505 261 1534 30
281 1498 352 1523 uos
374 1485 425 1523 ite
447 1483 558 1521 intro.
620 1481 775 1519 interibi
797 1493 869 1529 ego
890 1493 936 1517 ex
957 1480 1030 1516 hac
1052 1485 1179 1515 statua
1200 1476 1385 1514 uerberea
1406 1474 1499 1511 uolo

280 1550 469 1600 erogitare
491 1561 580 1586 meo
601 1547 752 1584 minore
773 1545 869 1595 quid
890 1544 938 1582 sit
959 1545 1105 1581 factum
1128 1542 1217 1580 filio.

281 1629 352 1654 uos
379 1616 508 1652 lauate
536 1600 702 1651 interibi.
763 1613 934 1648 PHILOP.
966 1611 1129 1658 sequere
1157 1610 1240 1654 hac,
1269 1606 1520 1650 Philocrates,
1547 1615 1611 1641 me

1025 1674 1369 1712 intro—Pfflroc.
1403 1682 1611 1719 sequor.—

234 1789 264 1825 ii
634 1784 819 1820 HEolo
932 1782 1263 1818 STALAGMvs

285 1874 364 1911 HE.
397 1874 482 1922 Age
512 1879 553 1909 tu
583 1870 674 1908 illuc
704 1869 888 1919 procede,
909 1868 1014 1905 bone
1048 1866 1115 1912 uir,
1145 1864 1321 1914 lepidum
1356 1861 1610 1912 mancupium

1464 1940 1607 1965 meum.

283 2005 346 2042 ST.
376 2002 472 2052 quid
493 2015 556 2039 me
577 2007 732 2050 oportet
753 2000 889 2043 facere,
906 1996 974 2034 ubi
995 2003 1036 2033 tu
1058 1994 1144 2033 talis
1166 1993 1224 2031 uir
1243 1994 1385 2031 falsum
1401 1992 1611 2029 autumas?
1630 2001 1691 2041 955

283 2068 336 2107 sui
367 2080 439 2116 ego
468 2067 605 2113 bellus,
638 2065 816 2114 lepidus:
860 2063 979 2100 bonu'
1009 2060 1067 2098 uir
1097 2071 1324 2108 numquam,
1358 2070 1487 2106 neque
1514 2055 1612 2105 frugi

1470 2122 1610 2166 bonae,

255 2243 264 2253 Χ
327 2248 391 2277 940
415 2241 450 2267 ut
468 2236 498 2266 ei
516 2235 589 2265 Ital.
608 2245 614 2264 ;
648 2234 694 2264 uti
715 2231 781 2263 cod.
804 2232 876 2272 (pro
893 2235 928 2260 ut
950 2229 995 2267 ei)
1178 2236 1238 2266 941
1262 2229 1335 2266 post
1355 2236 1384 2256 v.
1406 2226 1471 2264 938
1493 2225 1524 2254 in
1545 2223 1610 2255 cod.

285 2282 368 2323 (non
381 2280 428 2319 J)
517 2279 582 2317 948
607 2278 708 2308 cratis
724 2275 790 2306 cod.
812 2275 854 2316 (C
870 2280 931 2314 pro
954 2273 1007 2310 G)
1089 2271 1201 2301 ducito
1220 2269 1452 2300 Lindemann:
1478 2268 1613 2299 aducito

283 2325 349 2356 cod.
370 2325 426 2364 (iv.
446 2334 477 2363 3,
506 2333 535 2362 p.
556 2322 611 2360 84)
753 2329 819 2358 950
842 2328 904 2348 uos
927 2315 1055 2358 (heus)
1080 2314 1228 2351 Skutsch,
1254 2314 1308 2343 cm·
1326 2313 1437 2343 hiatus
1461 2312 1515 2342 ubi
1536 2310 1541 2353 Ι
1563 2321 1610 2341 es.

285 2369 422 2409 dzsplz'cet
553 2374 613 2405 951
640 2363 796 2394 interibo
812 2361 878 2392 cod.
901 2361 936 2401 (i.
958 2362 990 2400 7)
