1742 2718
720 52 1041 90 BACCHIDES
1469 54 1536 91 IV.
1557 57 1571 91 i

131 171 193 210 575
216 177 320 202 nunc
343 177 405 202 me
426 163 479 202 ire
499 163 609 202 iussit
628 164 679 202 ad
700 177 786 201 eam
807 171 845 202 et
866 163 1128 213 percontarier

215 236 343 267 utrum
364 242 501 267 aurum
523 230 660 267 reddat
680 242 782 267 anne
803 236 865 267 eat
886 242 1020 267 secum
1042 231 1177 267 semul.

214 301 254 334 tu
275 295 438 340 dudum,
462 307 591 344 puere,
615 307 704 332 cum
726 293 813 331 illac
834 307 959 343 usque
979 293 1041 332 isti
1063 296 1188 332 semul
1208 310 1214 332 :
1561 307 1577 337 5

212 372 313 409 quae
334 360 471 397 harum
492 367 582 397 sunt
602 360 731 406 aedes,
754 361 872 409 pulta.
932 358 996 396 adi
1017 366 1193 397 actutum
1214 361 1265 398 ad
1286 361 1398 399 fores,

211 426 352 463 recede
372 424 463 463 hinc
484 425 664 464 dierecte.
724 432 766 463 ut
786 426 914 475 pulsat
935 425 1173 475 propudium
1191 427 1198 464 l

126 491 193 536 580
210 503 388 528 comesse
407 504 550 540 panem
571 490 637 529 tris
657 491 778 541 pedes
800 492 921 528 latum
942 497 1065 540 potes,

209 556 310 593 fores
330 556 480 605 pultare
501 555 638 593 nescis.
699 555 833 604 ecquis
853 554 893 592 in
913 554 1094 593 aedibust
1111 557 1127 593 ?

209 621 317 667 heus,
340 619 473 670 ecquis
495 620 558 659 hic
578 621 666 658 est?
695 619 828 670 ecquis
850 621 926 658 hoc
945 619 1068 669 aperit
1089 619 1266 659 ostium?
1560 635 1599 656 10

209 685 343 735 ecquis
363 685 468 724 exit?

459 797 849 842 PisTocLERvs
962 797 1278 833 PARAs1Tvs
1555 799 1585 837 ii

476 879 533 915 ΡΙ.
567 877 676 926 Quid
696 877 826 915 istuc?
855 879 955 927 quae
977 876 1097 916 istaec
1118 884 1177 915 est
1198 875 1401 927 pulsatio?

207 957 307 994 quae
328 950 365 982 te
385 941 522 995 (male)
544 944 644 980 mala
665 956 757 981 crux
777 942 906 992 agitat,
931 943 998 992 qui
1018 944 1069 981 ad
1090 941 1219 981 istunc
1241 943 1406 980 modum

121 1015 184 1060 585
205 1008 335 1047 alieno
355 1007 446 1046 uiris
467 1015 552 1046 tuas
573 1015 748 1046 extentes
769 1006 900 1046 ostio?

205 1076 306 1113 fores
326 1087 451 1124 paene
472 1071 674 1123 ecfregisfi.
734 1072 831 1122 quid
851 1086 957 1111 nunc
977 1072 1037 1111 uis
1058 1072 1159 1111 tibi?

205 1141 273 1177 ΡΑ.
305 1140 547 1185 adulescens,
572 1139 689 1176 salue.
750 1140 808 1176 P1.
841 1139 959 1177 salue.
1019 1140 1089 1177 sed
1110 1152 1227 1188 quem
1250 1137 1474 1188 quaeritas?
1553 1156 1570 1188 5

205 1206 273 1243 PA.
307 1205 557 1243 Bacchidem.
632 1206 689 1242 P1.
723 1210 848 1242 utram
870 1203 990 1254 e‘rgo?
1061 1206 1130 1242 PA.
1163 1203 1218 1242 nil
1239 1203 1321 1243 scio
1341 1203 1415 1241 nisi
1437 1205 1533 1242 Bac-

1360 1267 1528 1308 chidem.

203 1334 361 1385 paucis:
392 1348 455 1373 me
476 1334 580 1373 misit
601 1334 712 1373 miles
733 1335 784 1372 ad
806 1347 892 1373 eam
915 1335 1189 1380 Cleomachus,

119 1411 186 1447 590
203 1401 266 1438 uel
286 1407 328 1438 ut
348 1401 541 1438 ducentos
563 1399 767 1449 Philippos
788 1399 927 1437 reddat
946 1412 1085 1437 aureos

201 1467 263 1503 uel
284 1473 326 1504 ut
346 1465 438 1504 hinc
458 1465 498 1503 in
520 1465 688 1503 Elatiam
712 1463 832 1502 hodie
852 1471 914 1502 eat
934 1477 1067 1502 secum
1089 1465 1225 1502 semul.

201 1533 257 1569 P1.
290 1544 371 1569 non
392 1530 430 1569 it.
490 1535 661 1581 †negato
683 1533 797 1570 esse†
820 1528 970 1566 ituram.
1030 1528 1095 1567 abi
1115 1535 1154 1567 et
1174 1522 1363 1567 renuntia.
1550 1544 1589 1565 10

198 1597 318 1635 alium
338 1597 403 1636 illa
422 1605 538 1645 amat,
561 1612 641 1637 non
662 1598 784 1636 illurn.
845 1597 924 1634 duc
946 1602 984 1633 te
1003 1595 1054 1632 ab
1074 1593 1250 1633 aedibus.

201 1665 268 1701 ΡΑ.
301 1663 417 1702 nimis
438 1663 635 1703 iracunde.
696 1665 754 1701 ΡΙ.
786 1669 825 1700 at
847 1660 930 1700 scin
953 1673 1072 1710 quarn
1092 1659 1304 1698 iracundus
1325 1658 1453 1697 siem?

114 1740 177 1777 595
199 1741 249 1766 ne
270 1727 340 1766 tibi
360 1729 489 1767 hercle
510 1730 587 1767 hau
608 1729 725 1779 longe
746 1735 804 1766 est
825 1740 868 1765 os
890 1727 941 1765 ab
963 1724 1188 1772 infortunio,

197 1794 251 1833 ita
270 1795 599 1845 dentifrangibula
618 1797 716 1834 haec
736 1795 834 1834 meis
855 1793 1037 1833 manibus
1057 1791 1238 1843 gestiunt.

197 1861 265 1899 PA.
298 1874 419 1911 quom
440 1875 512 1912 ego
533 1861 649 1899 huius
670 1861 791 1899 uerba
813 1860 1056 1910 interpretor,
1079 1856 1176 1896 mihi
1197 1854 1364 1895 cautiost
1544 1868 1582 1900 15

195 1938 245 1963 ne
266 1925 577 1976 nucifrangibula
596 1925 765 1964 excussit
785 1939 831 1964 ex
853 1925 963 1963 malis
984 1923 1092 1962 meis.

196 1997 265 2028 tuo
284 2004 357 2041 ego
377 1990 496 2030 istaec
516 1990 631 2042 igitur
650 1991 780 2030 dicam
801 1990 855 2029 illi
875 1990 1061 2041 periculo.

239 2102 301 2132 577
326 2104 410 2133 puer
426 2094 491 2126 cod.
591 2096 656 2134 578
682 2095 730 2126 vel
744 2096 871 2125 harunc
961 2105 1026 2134 579
1050 2094 1101 2125 vel
1121 2093 1231 2134 pultat
1319 2096 1380 2134 581
1407 2097 1522 2132 ecquis

195 2136 359 2177 Scaliger:
382 2139 499 2178 ecquis
510 2138 563 2169 his
576 2139 642 2170 cod.
733 2140 796 2177 584
818 2148 904 2177 quae
916 2138 1008 2168 ItaL:
1031 2138 1086 2178 qui
1100 2137 1182 2169 cod.:
1203 2136 1303 2179 qui<d
1318 2139 1392 2170 est?
1413 2135 1522 2179 quae)

197 2183 231 2210 te
248 2179 384 2221 quff‘ert
456 2182 543 2213 male
567 2181 683 2213 addidi
705 2182 763 2223 (iii.
788 2181 821 2221 Ι)
956 2182 1020 2220 588
1044 2187 1198 2212 utramne
1223 2181 1326 2212 Bothe
1456 2190 1522 2219 590

195 2223 378 2263 philippios
395 2225 460 2256 cod.
478 2229 522 2257 ut.
538 2225 600 2256 vid.
736 2236 799 2265 592
817 2226 939 2263 negato
953 2227 982 2256 e.
1003 2224 1059 2255 vix
1068 2224 1248 2264 ferendum
1325 2230 1428 2264 negat
1445 2234 1521 2255 esse

195 2266 387 2298 Acidalius:
420 2274 523 2309 negat
544 2279 580 2300 se
597 2269 742 2301 Ritschl:
774 2279 861 2307 nega
883 2278 960 2299 esse
972 2268 1013 2308 (2)
1031 2267 1097 2298 Leo
1114 2267 1168 2307 (ut
1187 2267 1284 2300 Stich.
1305 2270 1370 2309 256
1394 2273 1519 2308 negato

196 2320 272 2341 esse
289 2312 322 2341 in
338 2310 372 2341 P
378 2316 440 2352 pro
455 2323 545 2353 nega
560 2313 653 2355 esse)
670 2324 677 2344 τ
693 2313 775 2353 fort.
794 2316 897 2353 negat
912 2322 989 2344 sese
1006 2311 1055 2343 vel
1069 2322 1157 2353 nega
1174 2316 1209 2343 tu
1226 2322 1303 2343 esse

240 2375 356 2396 PLAVT.
376 2376 387 2396 1
1395 2381 1434 2413 11
