1742 2718
746 49 975 89 CAPTIVI
1476 52 1528 89 II.
1548 51 1580 89 ii

111 160 180 196 260
200 172 327 209 neque
348 166 385 197 te
406 158 532 206 nobis,
555 159 588 197 si
607 159 795 197 abeamus
818 158 922 206 hinc,
943 158 975 196 si
996 160 1078 196 fuat
1097 158 1265 197 occasio.
1554 174 1591 196 10

199 225 278 261 HL.
311 232 353 262 ut
373 237 444 262 uos
466 224 539 271 hic,
563 223 700 262 itidem
721 223 775 261 illi
795 225 901 273 apud
922 237 994 262 uos
1015 226 1116 262 mcu'
1137 232 1314 263 seruatur
1334 224 1446 263 filius.

198 290 368 327 PHILOC.
412 297 548 339 captus
581 290 668 327 est?
737 290 816 326 HL.
859 288 921 326 ita.
982 291 1154 328 PHILOC.
1198 303 1279 328 non
1311 289 1426 340 igitur
1456 304 1529 328 nos

1125 354 1197 393 soli
1218 355 1348 405 ignaui
1370 355 1525 393 fuimus.

198 420 278 457 HE.
311 421 451 458 secede
472 421 559 458 huc.
620 433 711 458 narn
734 427 824 458 sunt
844 434 890 458 ex
911 427 949 458 te
971 434 1072 470 quae
1090 422 1177 460 solo
1199 421 1327 459 scitari
1348 423 1451 459 uolo.

196 498 360 534 quarum
375 499 502 523 rerum
518 493 556 523 te
572 485 822 535 falsiloquom
840 485 893 523 mi
910 498 995 524 esse
1011 487 1116 524 nolo.
1158 487 1329 524 PHILOC.
1363 500 1443 524 non
1460 500 1527 526 ero

109 552 174 597 265
195 551 304 600 quod
325 550 456 589 sciam.
515 550 544 588 si
567 550 663 600 quid
684 550 844 597 nesciui,
867 550 906 588 id
928 551 1104 589 nescium
1127 553 1277 589 tradam
1299 551 1381 590 tibi.
1549 567 1587 598 15

195 616 268 653 ΤΥ.
299 629 405 653 nunc
426 629 544 654 senex
565 623 622 653 est
643 615 682 653 in
704 615 877 662 tostrina,
901 630 1006 654 nunc
1026 616 1101 654 iam
1123 618 1268 655 cultros
1289 617 1450 655 adtinet.

194 693 244 718 ne
260 680 300 718 id
317 680 489 730 quidem,
506 679 708 718 inuolucre
722 680 879 727 inicere,
893 680 1029 727 uoluit,
1046 688 1197 718 uestem
1211 689 1254 719 ut
1267 695 1317 719 ne
1334 682 1524 732 inquinet.

194 746 264 783 sed
284 752 413 783 utrum
435 745 651 783 strictimne
663 753 910 783 attonsurum
924 745 1053 783 dicam
1068 759 1153 784 esse
1173 760 1223 784 an
1245 760 1313 796 per
1325 747 1525 800 pectinem

194 809 328 848 nescio
346 824 356 857 ;
384 823 531 857 uerum,
555 807 587 848 si
607 810 751 860 frugist‚
776 824 901 860 usque
920 810 1171 849 admutilabit
1190 811 1326 861 probe.
1347 800 1350 801 ⁷
1369 801 1371 803 ¹
1400 800 1415 801 Π

107 885 176 920 270
195 875 275 912 ΗΕ.
308 874 404 924 quid
425 876 498 913 tu?
527 888 713 913 seruosne
729 888 816 913 esse
834 888 886 913 an
907 875 1198 922 libermauelis,
1219 889 1395 915 memora
1415 877 1522 915 mihi.
1545 891 1587 913 20

194 941 364 979 PHILOC.
396 953 633 991 proxumum
654 941 762 991 quod
783 940 831 978 sit
851 940 960 978 bono
987 941 1176 991 quodque
1204 954 1227 979 a
1255 943 1359 979 malo
1386 942 1525 992 longis-

1325 1048 1336 1054 ,
1401 1021 1523 1055 sume,

191 1072 231 1111 id
252 1073 344 1111 uolo
362 1087 372 1119 ,·
401 1085 642 1122 quamquam
664 1085 745 1110 non
766 1073 935 1110 multum
956 1071 1028 1110 fuit
1049 1073 1216 1110 molesta
1236 1071 1415 1121 seruitus,

191 1151 265 1175 nec
285 1137 382 1175 mihi
402 1151 514 1176 secus
535 1145 615 1176 erat
636 1151 755 1188 quam
777 1137 807 1175 si
828 1151 954 1176 essem
976 1137 1173 1176 familiaris
1194 1138 1307 1176 filius.

191 1204 263 1241 ΤΥ.
296 1216 469 1254 eugepae
486 1206 492 1241 1
522 1204 690 1241 Thalem
711 1204 859 1241 talento
879 1217 961 1241 non
982 1216 1111 1241 emam
1134 1203 1347 1251 Milesium,

104 1282 170 1318 275
191 1282 283 1306 nam
303 1270 354 1306 ad
375 1268 606 1318 sapientiam
626 1267 757 1305 huiius
776 1266 984 1319 (hominis)
1002 1267 1147 1305 nimius
1168 1276 1334 1318 nugator
1353 1269 1434 1307 fuit.
1544 1285 1584 1317 25

191 1341 234 1372 ut
254 1335 378 1372 facete
399 1334 617 1372 orationem
638 1335 689 1372 ad
711 1333 940 1372 seruitutem
966 1334 1132 1372 contulit
1151 1337 1157 1372 ἔ

192 1401 272 1438 ΗΕ.
305 1413 385 1450 quo
405 1401 455 1439 de
475 1413 618 1450 genere
638 1407 771 1438 natust
788 1399 865 1437 illic
884 1399 1158 1439 Philocrates?
1216 1402 1386 1440 PH1Loc.
1412 1403 1523 1452 Poiy—

1367 1467 1494 1517 plusio
1513 1482 1522 1506 t

189 1533 297 1581 quod
317 1545 440 1582 genus
461 1531 515 1570 illi
536 1539 594 1571 est
615 1545 738 1570 unum
760 1533 913 1582 pollens
934 1539 1053 1581 atque
1074 1522 1445 1570 honoratissumum.

190 1599 269 1636 HE.
293 1597 389 1648 quid
410 1597 517 1647 ipsus
531 1597 624 1636 hic?
654 1611 734 1648 quo
756 1599 905 1635 honore
922 1596 1107 1635 estillic?
1156 1598 1326 1635 PHILoc.
1350 1611 1517 1645 summo,

1021 1669 1140 1711 atque
1159 1662 1211 1700 ab
1231 1662 1394 1700 summis
1415 1663 1516 1701 uiris.

102 1729 171 1764 280
191 1730 271 1767 HE.
304 1736 388 1767 tum
409 1729 523 1779 igitur
543 1729 579 1768 ei
599 1742 721 1779 quom
745 1729 809 1775 †in
831 1728 939 1766 Aleis
960 1731 1092 1767 tanta†
1113 1726 1234 1776 gratia
1259 1734 1327 1775 est,
1351 1735 1393 1766 ut
1413 1742 1519 1778 prae·
1538 1745 1580 1776 30

1397 1793 1514 1841 dicas,

187 1860 283 1910 quid
321 1860 493 1908 diuitiae,
530 1868 673 1899 suntne
705 1860 861 1911 opimae
878 1862 895 1899 ?
966 1861 1138 1897 PHILOC.
1185 1860 1292 1897 unde
1326 1866 1518 1909 excoquat

1227 1925 1366 1963 sebum
1387 1938 1515 1964 senex.

229 2033 292 2071 263
315 2042 401 2072 quae
424 2042 468 2062 ex
484 2038 518 2063 te
536 2031 602 2063 cod.
623 2044 630 2062 ε
668 2033 742 2064 trai.
762 2032 975 2063 Camerarius
996 2032 1042 2072 (p.
1067 2030 1142 2069 115)
1292 2031 1354 2069 265
1380 2030 1518 2061 nescibo

183 2075 356 2106 An'dalius
520 2077 586 2106 266
608 2076 716 2107 cultro
741 2086 779 2107 os
807 2075 942 2116 Seyffert
1094 2075 1159 2113 269
1183 2074 1426 2104 admutilalabit
1453 2073 1517 2106 cod.

184 2129 247 2158 274
272 2129 358 2157 euge
374 2120 521 2159 petalem
540 2119 640 2157 (unde
657 2130 741 2158 euge
763 2119 907 2158 potalem
930 2119 996 2154 PE)
1010 2117 1075 2149 cod.
1166 2118 1319 2148 tanlento
1338 2119 1432 2156 (corr.
1449 2116 1516 2157 PE)

184 2162 250 2193 cod.
385 2172 448 2202 275
473 2163 620 2194 hominis
647 2162 723 2193 add.
747 2162 917 2202 Niemeyer
943 2162 1003 2202 (iii,
1030 2172 1060 2201 p.
1080 2160 1162 2202 51):
1188 2159 1373 2203 (nimiam)
1392 2160 1522 2191 Schoell

185 2215 250 2245 279
271 2205 322 2236 vel
335 2206 381 2237 illi
471 2207 536 2237 280
558 2205 616 2237 del.
640 2206 764 2247 Ussing
830 2206 862 2236 in
881 2205 922 2236 A.
934 2211 1001 2236 tam
1013 2204 1195 2244 Niemeyer,
1213 2208 1314 2234 metro
1330 2204 1516 2236 consulens:

186 2249 220 2279 in
237 2249 304 2280 illis
320 2253 413 2280 tanta
427 2249 512 2280 Brix
580 2250 636 2281 vix
649 2254 743 2281 tanta
759 2259 790 2288 g.
808 2249 842 2279 in
860 2248 955 2279 Aleis
1044 2248 1103 2278 281
1130 2247 1265 2287 opimae
1284 2247 1494 2279 Camerarius
1508 2258 1516 2278 ε

186 2297 324 2332 optume
339 2292 404 2324 cod.
423 2294 467 2334 (v.
490 2293 544 2334 12)
