<?xml version="1.0" encoding="UTF-8"?>
<!DOCTYPE html PUBLIC "-//W3C//DTD XHTML 1.0 Transitional//EN"
    "http://www.w3.org/TR/xhtml1/DTD/xhtml1-transitional.dtd">
<html xmlns="http://www.w3.org/1999/xhtml" xml:lang="en" lang="en">
 <head>
  <title>
</title>
<meta http-equiv="Content-Type" content="text/html;charset=utf-8" />
  <meta name='ocr-system' content='tesseract 3.04.00' />
  <meta name='ocr-capabilities' content='ocr_page ocr_carea ocr_par ocr_line ocrx_word'/>
</head>
<body>
  <div class='ocr_page' id='page_1' title='image "./tmacciplauticomo01plauuoft_0277.png"; bbox 0 0 1742 2718; ppageno 0'>
   <div class='ocr_carea' id='block_1_1' title="bbox 780 46 1621 86">
    <p class='ocr_par' dir='ltr' id='par_1_1' title="bbox 780 46 1621 86">
     <span class='ocr_line' id='line_1_1' title="bbox 780 46 1621 86; baseline -0.002 0"><span class='ocrx_word' id='word_1_1' title='bbox 780 47 985 86; x_wconf 90' lang='lat' dir='ltr'>CASINA</span> <span class='ocrx_word' id='word_1_2' title='bbox 1499 46 1551 85; x_wconf 88' lang='grc' dir='ltr'>ΙΙ.</span> <span class='ocrx_word' id='word_1_3' title='bbox 1574 47 1621 84; x_wconf 75' lang='lat' dir='ltr'>vi</span> 
     </span>
    </p>
   </div>
   <div class='ocr_carea' id='block_1_2' title="bbox 280 176 1617 279">
    <p class='ocr_par' dir='ltr' id='par_1_2' title="bbox 280 176 1617 279">
     <span class='ocr_line' id='line_1_2' title="bbox 280 176 1617 217; baseline -0.015 6"><span class='ocrx_word' id='word_1_4' title='bbox 280 178 653 217; x_wconf 77' lang='lat' dir='ltr'>CLEVSTRATA</span> <span class='ocrx_word' id='word_1_5' title='bbox 764 176 1059 215; x_wconf 74' lang='lat' dir='ltr'>CHAList</span> <span class='ocrx_word' id='word_1_6' title='bbox 1171 176 1496 212; x_wconf 70' lang='lat' dir='ltr'>LYSIDAMVS</span> <span class='ocrx_word' id='word_1_7' title='bbox 1574 178 1617 213; x_wconf 49' lang='grc' dir='ltr'>νῇ</span> 
     </span>
     <span class='ocr_line' id='line_1_3' title="bbox 759 241 1019 279; baseline -0.008 0"><span class='ocrx_word' id='word_1_8' title='bbox 759 241 1019 279; x_wconf 69' lang='lat' dir='ltr'>OLYMPM)</span> 
     </span>
    </p>
   </div>
   <div class='ocr_carea' id='block_1_3' title="bbox 135 326 1610 2061">
    <p class='ocr_par' dir='ltr' id='par_1_3' title="bbox 135 326 1610 2061">
     <span class='ocr_line' id='line_1_4' title="bbox 228 326 1484 376; baseline -0.002 -9"><span class='ocrx_word' id='word_1_9' title='bbox 228 329 297 367; x_wconf 85' lang='lat' dir='ltr'>CL.</span> <span class='ocrx_word' id='word_1_10' title='bbox 332 330 443 373; x_wconf 87' lang='lat' dir='ltr'>Face,</span> <span class='ocrx_word' id='word_1_11' title='bbox 467 326 644 373; x_wconf 88' lang='lat' dir='ltr'>Chaline‚</span> <span class='ocrx_word' id='word_1_12' title='bbox 668 326 873 365; x_wconf 82' lang='lat' dir='ltr'><strong>certiorem</strong></span> <span class='ocrx_word' id='word_1_13' title='bbox 895 340 958 364; x_wconf 88' lang='lat' dir='ltr'>me</span> <span class='ocrx_word' id='word_1_14' title='bbox 979 326 1074 376; x_wconf 86' lang='lat' dir='ltr'>quid</span> <span class='ocrx_word' id='word_1_15' title='bbox 1096 327 1196 364; x_wconf 86' lang='lat' dir='ltr'>meu&#39;</span> <span class='ocrx_word' id='word_1_16' title='bbox 1218 326 1276 364; x_wconf 90' lang='lat' dir='ltr'>uir</span> <span class='ocrx_word' id='word_1_17' title='bbox 1298 340 1359 365; x_wconf 90' lang='lat' dir='ltr'>me</span> <span class='ocrx_word' id='word_1_18' title='bbox 1381 326 1484 365; x_wconf 88' lang='lat' dir='ltr'>uelit.</span> 
     </span>
     <span class='ocr_line' id='line_1_5' title="bbox 227 391 1529 442; baseline -0.002 -11"><span class='ocrx_word' id='word_1_19' title='bbox 227 394 305 431; x_wconf 71' lang='lat' dir='ltr'>CH.</span> <span class='ocrx_word' id='word_1_20' title='bbox 338 393 400 430; x_wconf 87' lang='lat' dir='ltr'>ille</span> <span class='ocrx_word' id='word_1_21' title='bbox 421 393 562 442; x_wconf 83' lang='lat' dir='ltr'>edepol</span> <span class='ocrx_word' id='word_1_22' title='bbox 585 391 718 429; x_wconf 88' lang='lat' dir='ltr'>uidere</span> <span class='ocrx_word' id='word_1_23' title='bbox 738 392 942 429; x_wconf 79' lang='lat' dir='ltr'>ardentem</span> <span class='ocrx_word' id='word_1_24' title='bbox 965 398 1002 429; x_wconf 88' lang='lat' dir='ltr'>te</span> <span class='ocrx_word' id='word_1_25' title='bbox 1023 398 1128 429; x_wconf 81' lang='lat' dir='ltr'>extra</span> <span class='ocrx_word' id='word_1_26' title='bbox 1149 398 1300 441; x_wconf 89' lang='lat' dir='ltr'>portam</span> <span class='ocrx_word' id='word_1_27' title='bbox 1324 399 1529 430; x_wconf 86' lang='lat' dir='ltr'>mortuam.</span> 
     </span>
     <span class='ocr_line' id='line_1_6' title="bbox 139 456 1554 508; baseline 0.001 -15"><span class='ocrx_word' id='word_1_28' title='bbox 139 471 204 508; x_wconf 82' lang='lat'>355</span> <span class='ocrx_word' id='word_1_29' title='bbox 227 458 296 495; x_wconf 80' lang='lat' dir='ltr'>CL.</span> <span class='ocrx_word' id='word_1_30' title='bbox 329 458 448 494; x_wconf 83' lang='lat' dir='ltr'>credo</span> <span class='ocrx_word' id='word_1_31' title='bbox 478 464 629 494; x_wconf 80' lang='lat' dir='ltr'>ecastor</span> <span class='ocrx_word' id='word_1_32' title='bbox 659 457 769 493; x_wconf 89' lang='lat' dir='ltr'>uelle.</span> <span class='ocrx_word' id='word_1_33' title='bbox 830 456 907 494; x_wconf 83' lang='lat' dir='ltr'>CH.</span> <span class='ocrx_word' id='word_1_34' title='bbox 940 463 978 493; x_wconf 89' lang='lat' dir='ltr'>at</span> <span class='ocrx_word' id='word_1_35' title='bbox 1012 457 1077 505; x_wconf 91' lang='lat' dir='ltr'>pol</span> <span class='ocrx_word' id='word_1_36' title='bbox 1110 468 1181 505; x_wconf 85' lang='lat' dir='ltr'>ego</span> <span class='ocrx_word' id='word_1_37' title='bbox 1211 457 1289 493; x_wconf 83' lang='lat' dir='ltr'>hau</span> <span class='ocrx_word' id='word_1_38' title='bbox 1324 457 1451 501; x_wconf 90' lang='lat' dir='ltr'>credo,</span> <span class='ocrx_word' id='word_1_39' title='bbox 1485 458 1554 495; x_wconf 84' lang='lat' dir='ltr'>sed</span> 
     </span>
     <span class='ocr_line' id='line_1_7' title="bbox 1331 530 1549 561; baseline 0.009 -2"><span class='ocrx_word' id='word_1_40' title='bbox 1331 530 1437 559; x_wconf 87' lang='lat' dir='ltr'>certo</span> <span class='ocrx_word' id='word_1_41' title='bbox 1459 535 1549 561; x_wconf 81' lang='lat' dir='ltr'>seio.</span> 
     </span>
     <span class='ocr_line' id='line_1_8' title="bbox 225 585 1552 635; baseline 0.001 -11"><span class='ocrx_word' id='word_1_42' title='bbox 225 588 293 624; x_wconf 65' lang='lat' dir='ltr'>Lx‘.</span> <span class='ocrx_word' id='word_1_43' title='bbox 327 587 412 635; x_wconf 85' lang='lat' dir='ltr'>plus</span> <span class='ocrx_word' id='word_1_44' title='bbox 447 585 638 623; x_wconf 85' lang='lat' dir='ltr'>artificum</span> <span class='ocrx_word' id='word_1_45' title='bbox 673 592 731 623; x_wconf 82' lang='lat' dir='ltr'>est</span> <span class='ocrx_word' id='word_1_46' title='bbox 766 585 861 623; x_wconf 89' lang='lat' dir='ltr'>mihi</span> <span class='ocrx_word' id='word_1_47' title='bbox 896 599 1014 635; x_wconf 86' lang='lat' dir='ltr'>quam</span> <span class='ocrx_word' id='word_1_48' title='bbox 1050 586 1184 624; x_wconf 88' lang='lat' dir='ltr'>rebar:</span> <span class='ocrx_word' id='word_1_49' title='bbox 1224 586 1416 624; x_wconf 80' lang='lat' dir='ltr'>hariolum</span> <span class='ocrx_word' id='word_1_50' title='bbox 1447 589 1552 626; x_wconf 89' lang='lat' dir='ltr'>hunc</span> 
     </span>
     <span class='ocr_line' id='line_1_9' title="bbox 1280 652 1548 690; baseline 0 -1"><span class='ocrx_word' id='word_1_51' title='bbox 1280 652 1408 690; x_wconf 90' lang='lat' dir='ltr'>habeo</span> <span class='ocrx_word' id='word_1_52' title='bbox 1429 652 1548 690; x_wconf 89' lang='lat' dir='ltr'>domi.</span> 
     </span>
     <span class='ocr_line' id='line_1_10' title="bbox 224 714 1587 766; baseline 0.002 -14"><span class='ocrx_word' id='word_1_53' title='bbox 224 715 318 764; x_wconf 83' lang='lat' dir='ltr'>quid</span> <span class='ocrx_word' id='word_1_54' title='bbox 340 715 369 752; x_wconf 93' lang='lat' dir='ltr'>si</span> <span class='ocrx_word' id='word_1_55' title='bbox 391 714 550 765; x_wconf 91' lang='lat' dir='ltr'>propius</span> <span class='ocrx_word' id='word_1_56' title='bbox 571 716 795 753; x_wconf 83' lang='lat' dir='ltr'>attollamus</span> <span class='ocrx_word' id='word_1_57' title='bbox 817 715 925 765; x_wconf 83' lang='lat' dir='ltr'>signa</span> <span class='ocrx_word' id='word_1_58' title='bbox 947 729 1161 766; x_wconf 84' lang='lat' dir='ltr'>eamusque</span> <span class='ocrx_word' id='word_1_59' title='bbox 1182 717 1372 755; x_wconf 86' lang='lat' dir='ltr'>obuiam?</span> <span class='ocrx_word' id='word_1_60' title='bbox 1570 733 1587 764; x_wconf 87' lang='lat'>5</span> 
     </span>
     <span class='ocr_line' id='line_1_11' title="bbox 223 780 1551 833; baseline 0.002 -15"><span class='ocrx_word' id='word_1_61' title='bbox 223 794 395 830; x_wconf 79' lang='lat' dir='ltr'>sequere.</span> <span class='ocrx_word' id='word_1_62' title='bbox 445 780 541 830; x_wconf 90' lang='lat' dir='ltr'>quid</span> <span class='ocrx_word' id='word_1_63' title='bbox 568 794 647 818; x_wconf 86' lang='lat' dir='ltr'>-uos</span> <span class='ocrx_word' id='word_1_64' title='bbox 681 780 822 831; x_wconf 83' lang='lat' dir='ltr'>agitis?</span> <span class='ocrx_word' id='word_1_65' title='bbox 880 782 956 820; x_wconf 85' lang='lat' dir='ltr'>CH.</span> <span class='ocrx_word' id='word_1_66' title='bbox 993 783 1137 820; x_wconf 85' lang='lat' dir='ltr'>adsunt</span> <span class='ocrx_word' id='word_1_67' title='bbox 1172 796 1272 832; x_wconf 87' lang='lat' dir='ltr'>quae</span> <span class='ocrx_word' id='word_1_68' title='bbox 1311 782 1551 833; x_wconf 88' lang='lat' dir='ltr'>imperauisti</span> 
     </span>
     <span class='ocr_line' id='line_1_12' title="bbox 1395 848 1552 886; baseline 0 0"><span class='ocrx_word' id='word_1_69' title='bbox 1395 848 1552 886; x_wconf 88' lang='lat' dir='ltr'>omnia:</span> 
     </span>
     <span class='ocr_line' id='line_1_13' title="bbox 224 913 1551 964; baseline 0.003 -16"><span class='ocrx_word' id='word_1_70' title='bbox 224 924 329 957; x_wconf 84' lang='lat' dir='ltr'>uxor,</span> <span class='ocrx_word' id='word_1_71' title='bbox 361 918 494 958; x_wconf 84' lang='lat' dir='ltr'>sorteS‚</span> <span class='ocrx_word' id='word_1_72' title='bbox 527 913 640 949; x_wconf 88' lang='lat' dir='ltr'>situla</span> <span class='ocrx_word' id='word_1_73' title='bbox 669 919 787 961; x_wconf 83' lang='lat' dir='ltr'>atque</span> <span class='ocrx_word' id='word_1_74' title='bbox 816 920 982 962; x_wconf 84' lang='lat' dir='ltr'>egomet.</span> <span class='ocrx_word' id='word_1_75' title='bbox 1043 913 1116 951; x_wconf 88' lang='lat' dir='ltr'>OL.</span> <span class='ocrx_word' id='word_1_76' title='bbox 1148 921 1185 951; x_wconf 91' lang='lat' dir='ltr'>te</span> <span class='ocrx_word' id='word_1_77' title='bbox 1216 927 1295 951; x_wconf 92' lang='lat' dir='ltr'>uno</span> <span class='ocrx_word' id='word_1_78' title='bbox 1324 915 1435 952; x_wconf 84' lang='lat' dir='ltr'>adest</span> <span class='ocrx_word' id='word_1_79' title='bbox 1464 916 1551 964; x_wconf 88' lang='lat' dir='ltr'>plus</span> 
     </span>
     <span class='ocr_line' id='line_1_14' title="bbox 1213 981 1549 1029; baseline 0.003 -13"><span class='ocrx_word' id='word_1_80' title='bbox 1213 992 1332 1028; x_wconf 87' lang='lat' dir='ltr'>quam</span> <span class='ocrx_word' id='word_1_81' title='bbox 1353 993 1425 1029; x_wconf 83' lang='lat' dir='ltr'>ego</span> <span class='ocrx_word' id='word_1_82' title='bbox 1447 981 1549 1018; x_wconf 93' lang='lat' dir='ltr'>uolo.</span> 
     </span>
     <span class='ocr_line' id='line_1_15' title="bbox 137 1040 1552 1094; baseline 0.001 -12"><span class='ocrx_word' id='word_1_83' title='bbox 137 1046 206 1090; x_wconf 85' lang='lat'>360</span> <span class='ocrx_word' id='word_1_84' title='bbox 224 1041 301 1080; x_wconf 83' lang='lat' dir='ltr'>CH.</span> <span class='ocrx_word' id='word_1_85' title='bbox 334 1040 404 1079; x_wconf 90' lang='lat' dir='ltr'>tibi</span> <span class='ocrx_word' id='word_1_86' title='bbox 443 1041 603 1091; x_wconf 87' lang='lat' dir='ltr'>quidem</span> <span class='ocrx_word' id='word_1_87' title='bbox 644 1043 786 1092; x_wconf 89' lang='lat' dir='ltr'>edepol</span> <span class='ocrx_word' id='word_1_88' title='bbox 820 1042 873 1080; x_wconf 91' lang='lat' dir='ltr'>ita</span> <span class='ocrx_word' id='word_1_89' title='bbox 906 1042 1086 1090; x_wconf 78' lang='lat' dir='ltr'>uidetur3</span> <span class='ocrx_word' id='word_1_90' title='bbox 1126 1043 1305 1081; x_wconf 86' lang='lat' dir='ltr'>stimulus</span> <span class='ocrx_word' id='word_1_91' title='bbox 1340 1057 1412 1094; x_wconf 86' lang='lat' dir='ltr'>ego</span> <span class='ocrx_word' id='word_1_92' title='bbox 1447 1058 1552 1083; x_wconf 91' lang='lat' dir='ltr'>nunc</span> 
     </span>
     <span class='ocr_line' id='line_1_16' title="bbox 1359 1109 1547 1156; baseline 0.005 -10"><span class='ocrx_word' id='word_1_93' title='bbox 1359 1123 1445 1147; x_wconf 88' lang='lat' dir='ltr'>sum</span> <span class='ocrx_word' id='word_1_94' title='bbox 1467 1109 1547 1156; x_wconf 89' lang='lat' dir='ltr'>tibi,</span> 
     </span>
     <span class='ocr_line' id='line_1_17' title="bbox 222 1171 1376 1223; baseline 0.003 -15"><span class='ocrx_word' id='word_1_95' title='bbox 222 1171 354 1209; x_wconf 89' lang='lat' dir='ltr'>fodico</span> <span class='ocrx_word' id='word_1_96' title='bbox 374 1173 575 1210; x_wconf 88' lang='lat' dir='ltr'>corculum</span> <span class='ocrx_word' id='word_1_97' title='bbox 591 1187 601 1219; x_wconf 75' lang='lat'><em>3</em></span> <span class='ocrx_word' id='word_1_98' title='bbox 630 1172 859 1210; x_wconf 79' lang='lat' dir='ltr'>adsudascis</span> <span class='ocrx_word' id='word_1_99' title='bbox 881 1172 958 1211; x_wconf 88' lang='lat' dir='ltr'>iam</span> <span class='ocrx_word' id='word_1_100' title='bbox 980 1187 1025 1211; x_wconf 85' lang='lat' dir='ltr'>ex</span> <span class='ocrx_word' id='word_1_101' title='bbox 1047 1181 1168 1221; x_wconf 81' lang='lat' dir='ltr'>metu,</span> <span class='ocrx_word' id='word_1_102' title='bbox 1189 1174 1376 1223; x_wconf 86' lang='lat' dir='ltr'>mastigia.</span> 
     </span>
     <span class='ocr_line' id='line_1_18' title="bbox 223 1236 1610 1287; baseline 0.001 -14"><span class='ocrx_word' id='word_1_103' title='bbox 223 1237 290 1274; x_wconf 65' lang='lat' dir='ltr'>Lv.</span> <span class='ocrx_word' id='word_1_104' title='bbox 337 1244 432 1283; x_wconf 86' lang='lat' dir='ltr'>tace,</span> <span class='ocrx_word' id='word_1_105' title='bbox 474 1236 652 1276; x_wconf 83' lang='lat' dir='ltr'>Chaline.</span> <span class='ocrx_word' id='word_1_106' title='bbox 723 1238 799 1276; x_wconf 87' lang='lat' dir='ltr'>CH.</span> <span class='ocrx_word' id='word_1_107' title='bbox 844 1237 1060 1287; x_wconf 88' lang='lat' dir='ltr'>comprime</span> <span class='ocrx_word' id='word_1_108' title='bbox 1098 1237 1236 1277; x_wconf 88' lang='lat' dir='ltr'>istunc.</span> <span class='ocrx_word' id='word_1_109' title='bbox 1310 1239 1382 1278; x_wconf 86' lang='lat' dir='ltr'>OL.</span> <span class='ocrx_word' id='word_1_110' title='bbox 1427 1240 1548 1278; x_wconf 91' lang='lat' dir='ltr'>immo</span> <span class='ocrx_word' id='word_1_111' title='bbox 1572 1255 1610 1276; x_wconf 89' lang='lat'>10</span> 
     </span>
     <span class='ocr_line' id='line_1_19' title="bbox 1049 1303 1546 1353; baseline 0.006 -12"><span class='ocrx_word' id='word_1_112' title='bbox 1049 1303 1176 1341; x_wconf 87' lang='lat' dir='ltr'>istunc</span> <span class='ocrx_word' id='word_1_113' title='bbox 1197 1303 1265 1353; x_wconf 86' lang='lat' dir='ltr'>qui</span> <span class='ocrx_word' id='word_1_114' title='bbox 1285 1304 1423 1342; x_wconf 86' lang='lat' dir='ltr'>didicit</span> <span class='ocrx_word' id='word_1_115' title='bbox 1443 1306 1546 1344; x_wconf 90' lang='lat' dir='ltr'>dare.</span> 
     </span>
     <span class='ocr_line' id='line_1_20' title="bbox 220 1367 1548 1417; baseline 0.004 -13"><span class='ocrx_word' id='word_1_116' title='bbox 220 1367 290 1404; x_wconf 78' lang='lat' dir='ltr'>Lv.</span> <span class='ocrx_word' id='word_1_117' title='bbox 312 1368 470 1417; x_wconf 91' lang='lat' dir='ltr'>adpone</span> <span class='ocrx_word' id='word_1_118' title='bbox 487 1367 550 1405; x_wconf 88' lang='lat' dir='ltr'>hic</span> <span class='ocrx_word' id='word_1_119' title='bbox 566 1367 743 1413; x_wconf 84' lang='lat' dir='ltr'>sitellam,</span> <span class='ocrx_word' id='word_1_120' title='bbox 763 1367 876 1405; x_wconf 84' lang='lat' dir='ltr'>sortis</span> <span class='ocrx_word' id='word_1_121' title='bbox 893 1368 993 1406; x_wconf 91' lang='lat' dir='ltr'>cedo</span> <span class='ocrx_word' id='word_1_122' title='bbox 1010 1367 1117 1406; x_wconf 87' lang='lat' dir='ltr'>mihi.</span> <span class='ocrx_word' id='word_1_123' title='bbox 1149 1368 1325 1406; x_wconf 90' lang='lat' dir='ltr'>animum</span> <span class='ocrx_word' id='word_1_124' title='bbox 1340 1370 1548 1409; x_wconf 90' lang='lat' dir='ltr'>aduortite.</span> 
     </span>
     <span class='ocr_line' id='line_1_21' title="bbox 219 1431 1550 1484; baseline 0.003 -15"><span class='ocrx_word' id='word_1_125' title='bbox 219 1431 327 1482; x_wconf 90' lang='lat' dir='ltr'>atqui</span> <span class='ocrx_word' id='word_1_126' title='bbox 359 1445 432 1481; x_wconf 83' lang='lat' dir='ltr'>ego</span> <span class='ocrx_word' id='word_1_127' title='bbox 470 1432 606 1470; x_wconf 89' lang='lat' dir='ltr'>censui</span> <span class='ocrx_word' id='word_1_128' title='bbox 644 1445 713 1482; x_wconf 86' lang='lat' dir='ltr'>aps</span> <span class='ocrx_word' id='word_1_129' title='bbox 753 1440 791 1470; x_wconf 89' lang='lat' dir='ltr'>te</span> <span class='ocrx_word' id='word_1_130' title='bbox 830 1445 946 1482; x_wconf 88' lang='lat' dir='ltr'>posse</span> <span class='ocrx_word' id='word_1_131' title='bbox 984 1433 1060 1471; x_wconf 90' lang='lat' dir='ltr'>hoc</span> <span class='ocrx_word' id='word_1_132' title='bbox 1099 1446 1162 1471; x_wconf 90' lang='lat' dir='ltr'>me</span> <span class='ocrx_word' id='word_1_133' title='bbox 1201 1433 1418 1484; x_wconf 85' lang='lat' dir='ltr'>impetrare,</span> <span class='ocrx_word' id='word_1_134' title='bbox 1454 1449 1550 1473; x_wconf 86' lang='lat' dir='ltr'>uxor</span> 
     </span>
     <span class='ocr_line' id='line_1_22' title="bbox 1450 1515 1547 1549; baseline 0.01 -10"><span class='ocrx_word' id='word_1_135' title='bbox 1450 1515 1547 1549; x_wconf 88' lang='lat' dir='ltr'>mea,</span> 
     </span>
     <span class='ocr_line' id='line_1_23' title="bbox 135 1563 1365 1615; baseline 0.002 -15"><span class='ocrx_word' id='word_1_136' title='bbox 135 1570 200 1615; x_wconf 84' lang='lat'>365</span> <span class='ocrx_word' id='word_1_137' title='bbox 223 1563 367 1601; x_wconf 88' lang='lat' dir='ltr'>Casina</span> <span class='ocrx_word' id='word_1_138' title='bbox 388 1571 429 1601; x_wconf 90' lang='lat' dir='ltr'>ut</span> <span class='ocrx_word' id='word_1_139' title='bbox 450 1577 546 1601; x_wconf 86' lang='lat' dir='ltr'>uxor</span> <span class='ocrx_word' id='word_1_140' title='bbox 565 1563 661 1601; x_wconf 90' lang='lat' dir='ltr'>mihi</span> <span class='ocrx_word' id='word_1_141' title='bbox 681 1564 860 1611; x_wconf 80' lang='lat' dir='ltr'>daretur3</span> <span class='ocrx_word' id='word_1_142' title='bbox 890 1571 927 1602; x_wconf 89' lang='lat' dir='ltr'>et</span> <span class='ocrx_word' id='word_1_143' title='bbox 948 1577 1053 1602; x_wconf 88' lang='lat' dir='ltr'>nunc</span> <span class='ocrx_word' id='word_1_144' title='bbox 1073 1564 1190 1602; x_wconf 89' lang='lat' dir='ltr'>etiam</span> <span class='ocrx_word' id='word_1_145' title='bbox 1212 1578 1365 1604; x_wconf 83' lang='lat' dir='ltr'>censeo.</span> 
     </span>
     <span class='ocr_line' id='line_1_24' title="bbox 222 1627 1548 1676; baseline 0.002 -10"><span class='ocrx_word' id='word_1_146' title='bbox 222 1628 291 1666; x_wconf 89' lang='lat' dir='ltr'>CL.</span> <span class='ocrx_word' id='word_1_147' title='bbox 324 1627 394 1666; x_wconf 85' lang='lat' dir='ltr'>tibi</span> <span class='ocrx_word' id='word_1_148' title='bbox 428 1629 584 1666; x_wconf 89' lang='lat' dir='ltr'>daretur</span> <span class='ocrx_word' id='word_1_149' title='bbox 618 1628 711 1666; x_wconf 89' lang='lat' dir='ltr'>illa?</span> <span class='ocrx_word' id='word_1_150' title='bbox 769 1630 838 1666; x_wconf 75' lang='lat' dir='ltr'>Lv.</span> <span class='ocrx_word' id='word_1_151' title='bbox 872 1628 967 1666; x_wconf 85' lang='lat' dir='ltr'>mihi</span> <span class='ocrx_word' id='word_1_152' title='bbox 1001 1629 1223 1676; x_wconf 54' lang='lat' dir='ltr'>enirn—ah,</span> <span class='ocrx_word' id='word_1_153' title='bbox 1261 1643 1341 1668; x_wconf 92' lang='lat' dir='ltr'>non</span> <span class='ocrx_word' id='word_1_154' title='bbox 1371 1630 1411 1669; x_wconf 92' lang='lat' dir='ltr'>id</span> <span class='ocrx_word' id='word_1_155' title='bbox 1441 1631 1548 1669; x_wconf 91' lang='lat' dir='ltr'>uolui</span> 
     </span>
     <span class='ocr_line' id='line_1_25' title="bbox 1391 1695 1545 1735; baseline 0.006 -1"><span class='ocrx_word' id='word_1_156' title='bbox 1391 1695 1545 1735; x_wconf 88' lang='lat' dir='ltr'>dicere:</span> 
     </span>
     <span class='ocr_line' id='line_1_26' title="bbox 219 1757 1603 1811; baseline 0.003 -16"><span class='ocrx_word' id='word_1_157' title='bbox 219 1758 315 1796; x_wconf 91' lang='lat' dir='ltr'>dum</span> <span class='ocrx_word' id='word_1_158' title='bbox 334 1761 342 1777; x_wconf 91' lang='lat'>‘</span> <span class='ocrx_word' id='word_1_159' title='bbox 356 1757 451 1795; x_wconf 89' lang='lat' dir='ltr'>mihi</span> <span class='ocrx_word' id='word_1_160' title='bbox 466 1759 473 1775; x_wconf 92' lang='lat'>&#39;</span> <span class='ocrx_word' id='word_1_161' title='bbox 490 1758 608 1805; x_wconf 88' lang='lat' dir='ltr'>uolui,</span> <span class='ocrx_word' id='word_1_162' title='bbox 630 1763 638 1779; x_wconf 94' lang='lat'>‘</span> <span class='ocrx_word' id='word_1_163' title='bbox 651 1758 742 1797; x_wconf 91' lang='lat' dir='ltr'>huic</span> <span class='ocrx_word' id='word_1_164' title='bbox 757 1759 764 1775; x_wconf 83' lang='lat'>²</span> <span class='ocrx_word' id='word_1_165' title='bbox 780 1758 870 1806; x_wconf 86' lang='lat' dir='ltr'>dixi,</span> <span class='ocrx_word' id='word_1_166' title='bbox 889 1766 1007 1808; x_wconf 85' lang='lat' dir='ltr'>atque</span> <span class='ocrx_word' id='word_1_167' title='bbox 1027 1760 1129 1797; x_wconf 86' lang='lat' dir='ltr'>adeo</span> <span class='ocrx_word' id='word_1_168' title='bbox 1150 1759 1245 1797; x_wconf 90' lang='lat' dir='ltr'>mihi</span> <span class='ocrx_word' id='word_1_169' title='bbox 1262 1761 1358 1799; x_wconf 91' lang='lat' dir='ltr'>dum</span> <span class='ocrx_word' id='word_1_170' title='bbox 1374 1761 1544 1811; x_wconf 72' lang='lat' dir='ltr'>cupio—</span> <span class='ocrx_word' id='word_1_171' title='bbox 1567 1775 1603 1807; x_wconf 89' lang='lat'>15</span> 
     </span>
     <span class='ocr_line' id='line_1_27' title="bbox 1342 1840 1544 1877; baseline 0 -12"><span class='ocrx_word' id='word_1_172' title='bbox 1342 1840 1544 1877; x_wconf 90' lang='lat' dir='ltr'>perperam</span> 
     </span>
     <span class='ocr_line' id='line_1_28' title="bbox 219 1886 1545 1942; baseline 0.004 -16"><span class='ocrx_word' id='word_1_173' title='bbox 219 1886 295 1926; x_wconf 90' lang='lat' dir='ltr'>iarn</span> <span class='ocrx_word' id='word_1_174' title='bbox 334 1890 487 1927; x_wconf 89' lang='lat' dir='ltr'>dudum</span> <span class='ocrx_word' id='word_1_175' title='bbox 526 1890 656 1927; x_wconf 90' lang='lat' dir='ltr'>hercle</span> <span class='ocrx_word' id='word_1_176' title='bbox 694 1889 858 1928; x_wconf 87' lang='lat' dir='ltr'>fabulor.</span> <span class='ocrx_word' id='word_1_177' title='bbox 917 1890 987 1929; x_wconf 87' lang='lat' dir='ltr'>CL.</span> <span class='ocrx_word' id='word_1_178' title='bbox 1029 1892 1095 1940; x_wconf 89' lang='lat' dir='ltr'>pol</span> <span class='ocrx_word' id='word_1_179' title='bbox 1134 1897 1175 1928; x_wconf 89' lang='lat' dir='ltr'>tu</span> <span class='ocrx_word' id='word_1_180' title='bbox 1214 1891 1387 1940; x_wconf 89' lang='lat' dir='ltr'>quidem,</span> <span class='ocrx_word' id='word_1_181' title='bbox 1427 1899 1545 1942; x_wconf 88' lang='lat' dir='ltr'>atque</span> 
     </span>
     <span class='ocr_line' id='line_1_29' title="bbox 1300 1956 1542 1996; baseline 0.008 -2"><span class='ocrx_word' id='word_1_182' title='bbox 1300 1956 1416 1995; x_wconf 90' lang='lat' dir='ltr'>etiarn</span> <span class='ocrx_word' id='word_1_183' title='bbox 1437 1958 1542 1996; x_wconf 87' lang='lat' dir='ltr'>facis.</span> 
     </span>
     <span class='ocr_line' id='line_1_30' title="bbox 220 2018 1542 2061; baseline 0.004 -5"><span class='ocrx_word' id='word_1_184' title='bbox 220 2018 288 2056; x_wconf 70' lang='lat' dir='ltr'>LY.</span> <span class='ocrx_word' id='word_1_185' title='bbox 321 2018 590 2057; x_wconf 82' lang='lat' dir='ltr'>huic—immo</span> <span class='ocrx_word' id='word_1_186' title='bbox 610 2020 740 2058; x_wconf 89' lang='lat' dir='ltr'>hercle</span> <span class='ocrx_word' id='word_1_187' title='bbox 757 2019 986 2057; x_wconf 78' lang='lat' dir='ltr'>mihi-uah</span> <span class='ocrx_word' id='word_1_188' title='bbox 1005 2023 1010 2057; x_wconf 91' lang='lat'>!</span> <span class='ocrx_word' id='word_1_189' title='bbox 1040 2021 1200 2058; x_wconf 91' lang='lat' dir='ltr'>tandem</span> <span class='ocrx_word' id='word_1_190' title='bbox 1218 2021 1314 2059; x_wconf 90' lang='lat' dir='ltr'>redii</span> <span class='ocrx_word' id='word_1_191' title='bbox 1330 2021 1394 2060; x_wconf 87' lang='lat' dir='ltr'>uix</span> <span class='ocrx_word' id='word_1_192' title='bbox 1409 2036 1542 2061; x_wconf 84' lang='lat' dir='ltr'>ueram</span> 
     </span>
    </p>
   </div>
   <div class='ocr_carea' id='block_1_4' title="bbox 218 2086 1539 2275">
    <p class='ocr_par' dir='ltr' id='par_1_4' title="bbox 218 2086 1539 2275">
     <span class='ocr_line' id='line_1_31' title="bbox 1362 2086 1539 2126; baseline 0.006 -2"><span class='ocrx_word' id='word_1_193' title='bbox 1362 2086 1403 2124; x_wconf 90' lang='lat' dir='ltr'>in</span> <span class='ocrx_word' id='word_1_194' title='bbox 1423 2087 1539 2126; x_wconf 89' lang='lat' dir='ltr'>uiam.</span> 
     </span>
     <span class='ocr_line' id='line_1_32' title="bbox 261 2187 1537 2227; baseline 0.004 -10"><span class='ocrx_word' id='word_1_195' title='bbox 261 2196 325 2225; x_wconf 84' lang='grc'>353</span> <span class='ocrx_word' id='word_1_196' title='bbox 348 2187 528 2218; x_wconf 84' lang='lat' dir='ltr'>certiorem</span> <span class='ocrx_word' id='word_1_197' title='bbox 546 2188 668 2227; x_wconf 87' lang='lat' dir='ltr'>equide</span> <span class='ocrx_word' id='word_1_198' title='bbox 684 2187 747 2218; x_wconf 83' lang='lat' dir='ltr'>cod.</span> <span class='ocrx_word' id='word_1_199' title='bbox 884 2197 946 2226; x_wconf 86' lang='lat'>354</span> <span class='ocrx_word' id='word_1_200' title='bbox 970 2193 1135 2219; x_wconf 87' lang='lat' dir='ltr'>mortuam</span> <span class='ocrx_word' id='word_1_201' title='bbox 1147 2188 1289 2220; x_wconf 80' lang='lat' dir='ltr'>Rz&#39;tsclzl:</span> <span class='ocrx_word' id='word_1_202' title='bbox 1315 2195 1458 2221; x_wconf 87' lang='lat' dir='ltr'>metuam</span> <span class='ocrx_word' id='word_1_203' title='bbox 1472 2190 1537 2221; x_wconf 85' lang='lat' dir='ltr'>cod.</span> 
     </span>
     <span class='ocr_line' id='line_1_33' title="bbox 218 2230 1539 2275; baseline 0.003 -15"><span class='ocrx_word' id='word_1_204' title='bbox 218 2239 280 2268; x_wconf 86' lang='lat'>357</span> <span class='ocrx_word' id='word_1_205' title='bbox 304 2231 483 2262; x_wconf 83' lang='lat' dir='ltr'>attolamus</span> <span class='ocrx_word' id='word_1_206' title='bbox 510 2231 540 2269; x_wconf 94' lang='lat' dir='ltr'><em>J</em></span> <span class='ocrx_word' id='word_1_207' title='bbox 668 2233 728 2270; x_wconf 84' lang='lat'>361</span> <span class='ocrx_word' id='word_1_208' title='bbox 765 2231 875 2261; x_wconf 87' lang='lat' dir='ltr'>fodico</span> <span class='ocrx_word' id='word_1_209' title='bbox 902 2230 1053 2270; x_wconf 81' lang='lat' dir='ltr'>Bentley:</span> <span class='ocrx_word' id='word_1_210' title='bbox 1079 2242 1120 2262; x_wconf 89' lang='lat' dir='ltr'>eo</span> <span class='ocrx_word' id='word_1_211' title='bbox 1152 2233 1227 2264; x_wconf 89' lang='lat' dir='ltr'>dico</span> <span class='ocrx_word' id='word_1_212' title='bbox 1253 2234 1316 2265; x_wconf 83' lang='lat' dir='ltr'>cod.</span> <span class='ocrx_word' id='word_1_213' title='bbox 1348 2234 1392 2275; x_wconf 85' lang='lat' dir='ltr'>(E</span> <span class='ocrx_word' id='word_1_214' title='bbox 1412 2240 1472 2274; x_wconf 82' lang='lat' dir='ltr'>pro</span> <span class='ocrx_word' id='word_1_215' title='bbox 1497 2234 1539 2274; x_wconf 89' lang='lat' dir='ltr'>F)</span> 
     </span>
    </p>
   </div>
   <div class='ocr_carea' id='block_1_5' title="bbox 212 2274 1541 2402">
    <p class='ocr_par' dir='ltr' id='par_1_5' title="bbox 212 2274 1541 2402">
     <span class='ocr_line' id='line_1_34' title="bbox 218 2274 1541 2316; baseline 0.004 -13"><span class='ocrx_word' id='word_1_216' title='bbox 218 2275 282 2312; x_wconf 84' lang='lat'>362</span> <span class='ocrx_word' id='word_1_217' title='bbox 293 2283 320 2303; x_wconf 92' lang='lat' dir='ltr'>c.</span> <span class='ocrx_word' id='word_1_218' title='bbox 331 2274 429 2304; x_wconf 88' lang='lat' dir='ltr'>istum</span> <span class='ocrx_word' id='word_1_219' title='bbox 439 2274 589 2314; x_wconf 84' lang='lat' dir='ltr'>Pylades,</span> <span class='ocrx_word' id='word_1_220' title='bbox 605 2285 687 2304; x_wconf 80' lang='lat' dir='ltr'>nam</span> <span class='ocrx_word' id='word_1_221' title='bbox 700 2285 799 2313; x_wconf 82' lang='lat' dir='ltr'>neque</span> <span class='ocrx_word' id='word_1_222' title='bbox 814 2276 1030 2314; x_wconf 58' lang='lat' dir='ltr'>comprlmoe)</span> <span class='ocrx_word' id='word_1_223' title='bbox 1047 2277 1157 2306; x_wconf 70' lang='lat' dir='ltr'>Istrinc</span> <span class='ocrx_word' id='word_1_224' title='bbox 1175 2287 1274 2316; x_wconf 85' lang='lat' dir='ltr'>neque</span> <span class='ocrx_word' id='word_1_225' title='bbox 1288 2280 1388 2308; x_wconf 71' lang='lat' dir='ltr'>immo</span> <span class='ocrx_word' id='word_1_226' title='bbox 1405 2279 1541 2308; x_wconf 80' lang='lat' dir='ltr'>omnino</span> 
     </span>
     <span class='ocr_line' id='line_1_35' title="bbox 212 2317 1539 2360; baseline 0.003 -13"><span class='ocrx_word' id='word_1_227' title='bbox 212 2317 316 2356; x_wconf 81' lang='lat' dir='ltr'>placet</span> <span class='ocrx_word' id='word_1_228' title='bbox 401 2318 458 2356; x_wconf 91' lang='lat' dir='ltr'>qui</span> <span class='ocrx_word' id='word_1_229' title='bbox 483 2318 601 2348; x_wconf 88' lang='lat' dir='ltr'>didicit</span> <span class='ocrx_word' id='word_1_230' title='bbox 617 2318 772 2358; x_wconf 76' lang='lat' dir='ltr'>Lipsius:</span> <span class='ocrx_word' id='word_1_231' title='bbox 796 2318 875 2356; x_wconf 89' lang='lat' dir='ltr'>quid</span> <span class='ocrx_word' id='word_1_232' title='bbox 900 2318 982 2348; x_wconf 85' lang='lat' dir='ltr'>dicit</span> <span class='ocrx_word' id='word_1_233' title='bbox 997 2318 1064 2349; x_wconf 87' lang='lat' dir='ltr'>cod.</span> <span class='ocrx_word' id='word_1_234' title='bbox 1155 2321 1217 2359; x_wconf 87' lang='lat'>364</span> <span class='ocrx_word' id='word_1_235' title='bbox 1242 2325 1343 2360; x_wconf 85' lang='lat' dir='ltr'>atque</span> <span class='ocrx_word' id='word_1_236' title='bbox 1360 2321 1423 2352; x_wconf 85' lang='lat' dir='ltr'>cod.</span> <span class='ocrx_word' id='word_1_237' title='bbox 1487 2331 1539 2351; x_wconf 88' lang='lat' dir='ltr'>me</span> 
     </span>
     <span class='ocr_line' id='line_1_36' title="bbox 220 2360 838 2402; baseline 0.003 -12"><span class='ocrx_word' id='word_1_238' title='bbox 220 2360 429 2391; x_wconf 72' lang='lat' dir='ltr'>Lambinus:</span> <span class='ocrx_word' id='word_1_239' title='bbox 452 2361 618 2402; x_wconf 86' lang='lat' dir='ltr'>me[cum]</span> <span class='ocrx_word' id='word_1_240' title='bbox 636 2361 701 2392; x_wconf 87' lang='lat' dir='ltr'>cod.</span> <span class='ocrx_word' id='word_1_241' title='bbox 724 2362 782 2402; x_wconf 81' lang='lat' dir='ltr'>(iv.</span> <span class='ocrx_word' id='word_1_242' title='bbox 803 2361 838 2402; x_wconf 84' lang='lat'>3)</span> 
     </span>
    </p>
   </div>
  </div>
 </body>
</html>
