1814 2723
193 88 261 125 IV.
285 98 313 123 x
699 90 744 126 T.
779 89 959 128 MACCI
991 90 1195 128 PLAVTI

232 210 261 235 x
624 203 836 239 Evcmo
947 203 1274 240 LYCONIDES

281 284 378 321 EVC.
412 282 511 332 Quis
532 284 653 322 homo
674 282 738 321 hic
758 282 959 333 loquitur?
1017 284 1087 321 Lv.
1120 297 1192 334 ego
1213 298 1299 322 sum
1322 284 1448 323 miser.
1509 288 1606 326 Evc.

841 347 964 386 immo
985 361 1058 398 ego
1079 362 1177 395 sum,
1201 357 1239 387 et
1260 349 1400 388 misere
1421 351 1606 400 perditus,

278 413 373 464 quoi
393 421 502 452 tanta
523 415 625 452 mala
645 413 964 463 maestitudoque
986 413 1134 463 optigit.
1177 415 1247 451 Lv.
1270 414 1405 453 animo
1427 416 1534 454 bono
1554 430 1605 455 es.

279 481 376 518 EVC.
410 480 499 530 qud,
538 493 714 530 opsecro,
750 486 867 529 pacto
902 492 986 517 esse
1020 481 1212 530 possum?
1279 482 1350 518 Lv.
1383 480 1476 530 quia
1508 481 1608 521 istuc

1195 544 1346 583 facinus
1367 547 1476 595 quod
1497 553 1607 585 tuom

279 609 461 649 sollicitat
480 608 669 656 animum,
692 608 732 648 id
760 622 832 660 ego
853 608 927 648 feci
955 616 993 647 et
1021 610 1153 648 fateor.
1214 611 1311 648 Eve.
1344 610 1439 660 quid
1470 624 1542 661 ego
1563 625 1609 650 ex

1401 683 1439 714 te
1459 676 1609 715 audio?

240 756 256 787 5
279 742 348 779 Lv.
386 740 426 779 id
458 741 567 791 quod
601 746 786 779 uerumst.
858 741 956 778 Evc.
993 739 1089 789 quid
1121 753 1194 789 ego
1228 738 1297 790 <de
1327 738 1382 789 te>
1417 742 1605 789 demerui,
1628 750 1692 787 735

1233 805 1477 853 adulescens,
1502 806 1607 855 mali,

276 884 395 922 quam
434 871 487 910 ob
518 884 600 910 rem
640 870 693 909 ita
726 872 873 910 faceres
904 883 1047 920 meque
1078 883 1267 919 meosque
1301 870 1497 920 perditum
1532 871 1606 910 ires

1433 936 1576 976 liberos
1589 938 1606 975 ?

275 1003 345 1040 Lv.
377 1003 466 1041 deu'
496 1001 593 1040 mihi
619 1001 809 1051 impulsor
837 1000 920 1048 fuit,
942 1000 974 1038 is
1002 1014 1065 1038 me
1089 1001 1139 1038 ad
1167 999 1443 1054 illam-inlexit.
1504 1003 1601 1040 Evc.

1306 1055 1310 1056 ⁷
1353 1079 1433 1116 quo
1454 1067 1605 1104 modo?

275 1135 344 1171 Lv.
372 1134 494 1171 fateor
510 1131 737 1183 peccauisse
758 1129 859 1184 (me)
881 1138 918 1169 et
939 1144 1002 1170 me
1023 1132 1180 1181 culpam
1201 1130 1476 1170 commeritum
1497 1130 1579 1170 scio
1594 1146 1604 1179 ;

274 1199 313 1238 id
334 1200 435 1237 adeo
456 1206 493 1236 te
515 1206 667 1236 oratum
688 1196 860 1236 aduenio
880 1204 923 1234 ut
942 1195 1077 1234 animo
1096 1209 1225 1246 aequo
1245 1195 1424 1245 ignoscas
1447 1195 1552 1233 mihi.

219 1283 255 1304 ιο
276 1267 372 1303 Evc.
397 1278 469 1314 qur
486 1264 523 1302 id
539 1265 668 1302 ausu's
685 1264 811 1301 facere
825 1270 867 1300 ut
883 1261 923 1300 id
937 1262 1045 1312 quod
1063 1274 1143 1299 non
1157 1269 1267 1299 tuom
1284 1268 1386 1299 esset
1403 1263 1603 1312 tangeres?
1623 1273 1692 1308 740

274 1331 343 1368 LY.
367 1329 463 1380 quid
481 1329 538 1367 uis
555 1328 666 1367 fieri?
686 1329 833 1366 factum
850 1335 907 1366 est
923 1326 1038 1365 illud:
1060 1325 1142 1365 fieri
1158 1325 1346 1364 infectum
1363 1340 1444 1365 non
1460 1334 1600 1377 potest.

187 1442 195 1445 ⁴.
216 1418 237 1439 ⁴.
273 1397 368 1434 deos
390 1396 508 1434 credo
530 1393 726 1440 uoluisse3
755 1406 847 1430 nam
868 1391 908 1430 ni
928 1393 1086 1438 uellent,
1110 1405 1190 1429 non
1212 1392 1332 1439 fieret,
1355 1392 1447 1431 scio.

274 1463 371 1500 EVC.
403 1468 442 1499 at
472 1473 545 1510 ego
574 1461 671 1499 deos
701 1460 819 1498 credo
849 1457 1022 1497 uoluisse
1051 1464 1093 1495 ut
1122 1458 1229 1508 apud
1256 1471 1319 1496 me
1345 1465 1384 1496 te
1413 1457 1452 1496 in
1480 1471 1603 1496 neruo

1436 1537 1615 1563 enlcem.,

272 1593 341 1631 LY.
375 1606 424 1632 ne
454 1591 553 1631 istuc
583 1591 691 1630 dixis.
753 1592 851 1629 EVC.
883 1589 979 1640 quid
1009 1589 1080 1631 tibi
1110 1603 1201 1640 ergo
1230 1603 1360 1629 meam
1384 1603 1447 1628 me
1476 1589 1602 1628 inuito

1417 1654 1602 1693 tactiost?

213 1736 251 1770 15
273 1724 343 1761 Lv.
376 1722 469 1773 quia
488 1721 570 1761 uini
591 1721 688 1761 uitio
707 1728 826 1772 atque
845 1720 989 1760 amoris
1009 1720 1094 1759 feci.
1155 1722 1253 1759 Evc.
1285 1722 1406 1761 homo
1426 1719 1601 1758 audacis-
1620 1728 1686 1765 745

1476 1799 1598 1833 sume,

270 1867 361 1892 cum
382 1853 520 1892 istacin
542 1861 580 1892 te
600 1852 776 1892 oratione
797 1854 875 1891 hue
894 1853 946 1892 ad
968 1866 1030 1891 me
1050 1852 1157 1891 adire
1177 1865 1328 1899 ausum,
1351 1851 1548 1902 inpudens
1565 1853 1572 1888 Σ

269 1932 361 1957 nam
383 1919 414 1958 si
435 1918 534 1957 istuc
555 1918 614 1957 ius
635 1926 693 1957 est
713 1925 755 1956 ut
776 1925 818 1956 tu
838 1917 938 1956 istuc
960 1931 1144 1956 excusare
1165 1917 1326 1968 possies,

269 1984 346 2023 luci
367 1986 471 2023 claro
492 1983 730 2035 deripiamus
750 1997 888 2021 aurum
911 1983 1098 2022 matronis
1119 1985 1259 2033 palam,

314 2099 371 2128 731
399 2100 461 2126 ego
487 2100 569 2120 sum.
620 2090 700 2120 Evc.
728 2089 830 2119 immo
851 2099 915 2128 ego
935 2099 1008 2119 sum
1032 2088 1135 2118 miser
1151 2092 1184 2118 et
1201 2088 1323 2118 misere
1341 2085 1494 2126 perditus
1510 2086 1596 2119 cod.:

269 2143 346 2164 corr.
376 2132 549 2163 Acidalv'us
637 2138 671 2163 et
699 2133 800 2163 miser
828 2138 861 2163 et
890 2133 1040 2172 perditus
1067 2132 1200 2171 Seyffivt
1341 2141 1402 2170 735
1428 2135 1596 2161 uersumst

268 2176 333 2208 cod.
425 2177 634 2216 emeruipost
647 2177 801 2207 lacunam
814 2175 873 2206 cod
895 2188 900 2206 :
920 2177 961 2206 de
980 2180 1012 2206 te
1024 2175 1128 2214 suppl.
1149 2174 1366 2205 Cameram'us.
1381 2176 1465 2205 dem.
1488 2174 1601 2214 scripsi

252 2219 375 2261 x(credo
397 2221 417 2250 d
435 2221 506 2254 «αἱ,
525 2225 561 2250 ut
583 2221 736 2250 inl'llectu
761 2220 892 2259 difficile,
916 2219 1184 2259 praetermissum
1202 2229 1265 2248 esse
1281 2229 1302 2248 a
1317 2218 1442 2257 scriba3
1474 2218 1518 2248 iii.
1538 2219 1572 2256 4)
1589 2228 1596 2248 :

269 2274 350 2303 erga
367 2269 400 2294 te
416 2264 598 2294 'commerui
615 2263 755 2294 Redslob
889 2264 950 2302 738
975 2274 1028 2294 me
1045 2261 1118 2293 add.
1139 2262 1268 2300 Bentley
1285 2261 1336 2293 ‹iii
1365 2263 1399 2300 35
1535 2271 1596 2300 743

270 2319 322 2338 me
339 2314 372 2337 te
389 2306 547 2338 Pistoris:
573 2312 606 2337 te
628 2318 679 2337 me
701 2307 766 2338 cod.
902 2308 964 2346 748
982 2307 1051 2337 ‘l'uci
1079 2305 1167 2335 claro
1193 2309 1333 2335 testatur
1353 2304 1487 2335 Nonius
1509 2315 1596 2335 210:

269 2351 343 2383 luce
359 2351 449 2382 clara
465 2350 528 2382 cod.
548 2351 573 2391 (i
604 2357 637 2390 7)
729 2350 925 2390 diripiamus
942 2349 976 2380 D
991 2361 998 2381 :
1023 2349 1235 2389 disripiamus
1252 2348 1339 2380 codd.
1353 2348 1457 2379 Nonii
