1742 2718
700 83 974 122 ASINARIA
1425 80 1495 117 IV.
1515 79 1529 115 1

174 196 244 233 ΡΑ.
277 197 473 235 horrescet
493 197 581 234 faxo
601 197 699 241 lena,
723 195 827 243 leges
849 206 969 243 quom
991 191 1135 230 audiet.

87 270 156 307 750
176 261 240 298 D1.
280 272 362 309 age,
393 271 552 308 quaeso,
585 257 639 296 mi
668 257 799 295 hercle
832 256 1036 305 translege.
1106 256 1174 291 ΡΑ.
1215 252 1335 291 audin
1352 254 1368 290 ?
1434 255 1496 290 Di.
1522 266 1537 295 5

1368 317 1497 355 audio.

173 391 241 427 ΡΑ.
274 391 284 409 ‘
300 388 492 427 Diabolus
514 387 652 426 Glauci
675 387 775 425 filius
798 387 1000 426 Clearetae

171 456 284 492 lenae
304 453 413 492 dedit
434 454 542 492 douo
562 452 711 502 argenti
732 451 868 501 uiginti
891 450 1029 496 minas,

173 518 420 558 Philaenium
442 526 483 556 ut
503 531 637 556 secum
659 524 761 555 esset
782 524 918 554 noctes
939 523 977 553 et
997 514 1082 553 dies

173 586 279 623 hunc
325 596 474 622 annum
527 584 679 621 totum.'
756 583 821 620 D1.
872 594 1002 630 neque
1050 591 1141 618 cum
1189 576 1378 627 quiquam
1427 575 1503 614 alio

1328 640 1500 691 quidem.

87 727 152 762 755
174 717 242 753 ΡΑ.
273 715 461 753 addone?
519 716 584 752 DI.
615 714 730 760 adde,
753 720 792 751 et
812 711 959 750 scribas
979 710 1072 748 uide
1092 710 1208 759 plane
1228 715 1266 746 et
1286 707 1419 758 probe.
1525 721 1562 743 10

174 781 243 818 ΡΑ.
278 779 471 818 ‘alienum
498 779 502 829 Ῑ
530 778 733 817 hominem
755 777 760 827 1
785 777 888 816 intro
909 776 1037 815 mittat
1057 773 1269 814 neminem.

174 845 284 895 quod
303 844 368 882 illa
387 851 454 882 aut
473 843 644 881 amicum
672 842 675 893 Ι
702 849 769 880 aut
790 848 1000 891 patronum
1023 838 1211 884 nominet,

173 918 241 948 aut
261 910 370 959 quod
390 909 454 946 illa
473 907 614 946 amicai
632 905 760 958 (eum)
778 913 995 943 amatorem
1016 903 1226 955 praedicet,

174 976 276 1013 fores
297 975 477 1012 occlusae
505 976 508 1017 ἱ
534 972 719 1011 omnibus
741 971 818 1010 sint
838 970 912 1008 nisi
934 969 1015 1008 tibi.

89 1046 158 1088 760
175 1039 215 1077 in
236 1039 384 1078 foribus
405 1038 548 1077 scribat
568 1044 803 1088 occupatam
830 1036 834 1087 Ι
861 1049 946 1074 esse
967 1048 1019 1073 se.
1531 1045 1566 1078 15

175 1111 242 1142 aut
262 1104 371 1154 quod
387 1103 452 1141 illa
472 1102 577 1142 dicat
597 1115 757 1152 peregre
777 1103 934 1139 allatam
956 1099 1178 1150 epistulam,

176 1183 226 1208 ne
246 1169 413 1220 epistula
432 1168 594 1219 quidem
616 1170 694 1207 ulla
714 1167 763 1206 sit
783 1167 822 1205 in
843 1166 1009 1205 aedibus

176 1248 250 1273 nec
271 1242 400 1273 cerata
418 1235 520 1272 adeo
540 1234 698 1281 tabula3
728 1240 767 1271 et
787 1231 819 1270 si
839 1245 917 1282 qua
938 1230 1085 1269 inutilis

176 1299 328 1350 pictura
347 1298 406 1345 sit,
429 1312 517 1337 eam
538 1299 685 1337 uendat
702 1313 708 1335 :
738 1297 779 1335 ni
799 1296 839 1334 in
860 1295 1083 1346 quadriduo

90 1370 155 1415 765
176 1363 415 1411 abalienarit,
439 1376 518 1414 quo
538 1376 608 1413 aps
629 1371 667 1401 te
686 1370 891 1412 argentum
912 1359 1118 1410 acceperit,
1530 1372 1570 1394 20

176 1437 265 1468 tuos
285 1429 493 1468 arbitratus
515 1428 574 1476 sit,
597 1427 818 1474 comburas,
842 1426 873 1465 si
894 1425 1002 1473 uelis,

177 1508 226 1533 ne
247 1494 301 1533 illi
322 1494 370 1533 sit
391 1507 480 1533 cera
499 1493 568 1532 ubi
590 1494 717 1531 facere
737 1491 862 1543 possit
882 1491 1039 1529 litteras.

177 1567 294 1598 uocet
315 1559 526 1598 conuiuam
548 1557 748 1596 neminem
770 1557 846 1603 illa,
870 1564 911 1594 tu
932 1569 1052 1594 uoces
1070 1570 1079 1603 5

176 1625 227 1662 ad
248 1637 383 1662 eorum
404 1637 454 1663 ne
475 1637 594 1674 quern
620 1622 624 1673 Ι
651 1623 788 1661 oculos
807 1621 952 1660 adiciat
973 1633 1075 1659 suos.

91 1703 159 1738 770
177 1688 208 1726 si
229 1701 348 1738 quem
368 1689 488 1727 alium
508 1688 669 1739 aspexit,
692 1700 810 1726 caeca
830 1685 1021 1725 continuo
1042 1685 1124 1724 siet.
1529 1697 1544 1717 2
1551 1695 1568 1728 5

177 1761 308 1792 tecum
329 1767 408 1792 una
428 1762 565 1804 postea
583 1767 710 1804 aeque
730 1754 846 1803 pocla
865 1751 1028 1802 potitet:

177 1831 246 1869 aps
267 1820 334 1857 ted
353 1818 531 1869 accipiat,
555 1818 625 1857 tibi
646 1817 840 1868 propinet,
862 1825 904 1855 tu
926 1816 1049 1862 bibas,

178 1897 228 1922 ne
248 1883 313 1922 illa
333 1884 463 1922 minus
483 1891 549 1922 aut
569 1886 657 1935 plus
678 1897 797 1934 quam
818 1890 860 1921 tu
882 1881 1030 1932 sapiat.’
1090 1882 1154 1918 D1.
1188 1877 1270 1918 sati’
1290 1879 1429 1929 placet.

179 1950 248 1987 ΡΑ.
283 1949 548 2000 ‘suspiciones
568 1949 697 1988 omnis
717 1949 769 1987 ab
788 1962 829 1987 se
850 1954 1035 1998 segreget.

93 2025 157 2061 775
178 2027 308 2064 neque
328 2014 440 2053 illaec
460 2014 529 2052 ulli
548 2015 650 2064 pede
671 2013 815 2064 pedem
835 2011 988 2051 homini
1008 2018 1169 2062 premat,
1528 2023 1568 2053 30

224 2129 283 2158 751
309 2129 378 2159 sqq.
398 2118 436 2149 de
446 2118 753 2159 syngraphimullis
769 2117 908 2148 hiatibus
925 2117 964 2156 cf.
986 2115 1133 2155 Lindsay
1150 2115 1240 2155 Capt.
1257 2125 1288 2154 p.
1303 2124 1344 2153 53

469 2172 530 2202 757
556 2162 705 2193 nominet
728 2161 883 2199 Pylades:
918 2161 1087 2190 neminem
1111 2158 1170 2189 cod
1197 2162 1250 2193 (ex
1271 2169 1292 2188 v
1319 2158 1400 2197 756;
1425 2167 1454 2188 v.
1474 2156 1510 2195 4)

181 2207 245 2245 758
268 2206 376 2236 amica
386 2205 452 2236 cod.
511 2216 588 2237 eum
601 2205 735 2235 addidi:
754 2203 908 2244 (uirum)
921 2204 985 2233 Leo
1002 2214 1009 2234 :
1028 2202 1154 2244 (suae)
1167 2201 1360 2233 Gulielmius
1448 2201 1512 2239 760

182 2259 252 2280 occ.
279 2259 343 2281 scr.
370 2249 508 2288 Pylades
709 2249 771 2287 762
797 2259 827 2287 q.
847 2246 1030 2289 (usquam)
1048 2257 1082 2277 u.
1103 2245 1240 2286 Lange:
1264 2245 1345 2284 fort.
1366 2255 1401 2283 q.
1423 2244 1511 2274 nulla

182 2293 244 2332 767
269 2293 302 2323 ni
319 2292 408 2324 codd.
425 2293 530 2324 Nom'z'
545 2302 607 2331 190
627 2295 664 2322 ut
684 2291 750 2322 vid.
909 2292 972 2331 769
997 2300 1114 2320 eorum
1134 2289 1366 2320 Camerarius:
1403 2288 1508 2317 forum

181 2335 247 2366 cod.
275 2336 320 2376 <F
332 2341 393 2376 pro
410 2336 453 2378 E)
543 2345 744 2375 quemquam
768 2334 872 2365 Bothe
957 2334 1014 2364 vix
1027 2333 1155 2364 ocellos
1291 2341 1348 2370 771
1376 2329 1510 2370 postea]

183 2384 279 2419 potet
295 2380 360 2410 Leo
