1814 2723
206 69 253 105 V.
278 70 323 104 iv
569 68 614 104 T.
650 67 829 105 MACCI
862 66 1065 103 PLAVTI
1098 66 1325 104 CAPTIVI

219 192 259 214 20
279 179 449 215 PHILOC.
482 176 588 226 quin,
612 176 789 226 inquam,
808 175 914 213 intus
934 174 998 213 hic
1022 182 1089 213 est.
1149 176 1221 213 ΤΥ.
1254 174 1378 213 fecisti
1404 176 1546 226 edepol
1567 183 1605 214 et

1307 248 1410 279 recte
1431 248 1468 278 et
1489 241 1601 279 bene.

278 309 448 345 PHILOC.
482 320 587 345 nunc
608 306 679 345 tibi
695 313 804 356 pater
824 305 888 344 hic
909 312 966 344 est
983 321 989 344 :
1020 305 1084 343 hic
1104 307 1164 343 fur
1184 313 1241 343 est
1262 308 1340 344 tuo’
1357 306 1424 356 qui
1440 319 1605 356 paruom

1262 371 1354 409 hinc
1375 379 1413 409 te
1432 370 1602 420 apstulit.

277 440 349 476 TV.
382 445 420 476 at
442 451 513 487 ego
534 439 640 475 hunc
660 436 817 486 grandis
837 436 1141 489 gran—(lemnam
1162 437 1214 473 ob
1235 437 1380 474 furtum
1400 437 1451 473 ad
1472 449 1606 473 carnu-

1350 502 1465 539 ficem
1486 501 1602 539 dabo.

278 570 448 605 PH1Loc.
482 567 642 605 meritus
672 574 739 604 est.
824 568 896 604 ΤΥ.
929 579 1020 615 ergo
1051 567 1193 616 edepol
1223 564 1398 618 (merito)
1426 565 1605 603 meritam
1629 577 1717 602 1020

1244 632 1466 668 mercedem
1487 631 1603 668 dabo.

277 698 347 736 sed
380 696 458 750 <tu)
491 697 554 735 dic
589 710 680 735 oro:
723 704 831 747 pater
866 697 967 734 meu'
1002 703 1096 734 tune
1135 698 1205 734 es?
1289 698 1367 733 HE.
1399 709 1472 745 ego
1506 709 1604 742 sum,

1404 767 1520 810 gnate
1540 760 1604 798 mi.

221 847 234 868 2
240 847 257 878 5
278 830 350 865 ΤΥ.
368 841 473 865 nunc
485 826 694 865 demumin
709 826 939 864 memoriam
954 827 1084 873 redeo,
1095 839 1216 875 quom
1230 839 1387 864 mecum
1403 823 1606 877 recogito]

279 907 384 931 nunc
405 894 546 942 edepol
568 894 729 930 demum
752 892 790 929 in
814 891 1042 929 memoriam
1064 891 1259 940 regredior
1278 891 1434 930 audisse
1455 904 1529 938 me,

279 958 389 1007 quasi
411 971 478 1008 per
499 958 701 1003 nebulam,
723 957 949 1007 Hegionem
971 970 1103 994 meum
1124 964 1274 1006 patrem
1295 956 1479 995 uocarier.

282 1025 361 1061 HE.
395 1023 425 1060 is
455 1036 528 1073 ego
558 1036 655 1060 sum.
717 1024 890 1060 PHILoc.
922 1021 1183 1071 compedibus
1214 1035 1361 1071 quaeso
1391 1029 1432 1059 ut
1462 1020 1533 1059 tibi
1560 1020 1608 1058 sit
1632 1034 1716 1070 1025

1365 1087 1488 1126 leuior
1508 1086 1608 1124 filius

278 1162 397 1203 atque
441 1154 532 1191 huic
571 1153 724 1203 grauior
772 1167 916 1191 seruos.
990 1155 1069 1191 HE.
1108 1160 1294 1191 certumst
1333 1152 1525 1202 principio
1569 1151 1609 1189 id

1359 1216 1606 1268 praeuortier.

219 1301 260 1333 30
281 1299 415 1323 eamus
437 1285 550 1331 intro,
574 1292 615 1322 ut
635 1291 852 1322 arcessatur
873 1284 990 1330 faber,
1015 1291 1056 1321 ut
1077 1283 1169 1322 istas
1190 1283 1395 1333 compedis

280 1350 350 1388 tibi
367 1349 550 1396 adimam²
569 1349 661 1387 huic
677 1350 780 1387 dem.
813 1350 875 1386 ST.
892 1348 986 1398 quoi
1002 1349 1130 1398 peculi
1147 1348 1243 1386 nihil
1257 1356 1328 1396 est,
1342 1355 1445 1386 recte
1461 1346 1609 1386 feceris.

810 1438 1076 1474 CATERVA

279 1512 536 1559 SpectatoreS‚
559 1510 610 1546 ad
630 1508 797 1558 pudicos
819 1521 947 1545 mores
968 1509 1070 1545 facta
1091 1509 1188 1545 haec
1210 1508 1341 1546 fabula
1361 1517 1430 1555 est,

278 1588 407 1624 neque
428 1574 467 1611 in
488 1575 562 1611 hac
583 1572 879 1622 subigitationes
901 1580 991 1610 sunt
1012 1586 1141 1623 neque
1162 1575 1240 1611 ulla
1259 1573 1406 1611 amatio
1631 1581 1720 1616 1030

280 1653 352 1677 nec
373 1639 483 1689 pueri
503 1638 723 1688 suppositio
744 1651 817 1676 nec
838 1637 987 1687 arge'nti
1008 1637 1304 1685 circumductio,

219 1713 258 1745 35
280 1717 409 1754 neque
443 1704 511 1742 ubi
545 1717 681 1742 amans
715 1704 949 1741 adulescens
981 1710 1153 1741 scortum
1188 1703 1325 1741 liberet
1359 1704 1459 1741 clam
1494 1716 1608 1740 suom

1445 1776 1604 1818 patrem.

279 1834 394 1872 huius
416 1834 525 1873 modi
545 1847 690 1884 paucas
712 1842 853 1884 poetae
875 1834 1072 1884 reperiunt
1093 1834 1331 1881 comoedias,

279 1900 347 1938 ubi
367 1900 463 1939 boni
485 1900 665 1939 meliores
687 1902 793 1938 fiant.
853 1914 959 1938 nunc
980 1914 1066 1947 uos,
1087 1900 1117 1938 si
1138 1901 1252 1939 uobis
1273 1903 1401 1950 placet

280 1973 317 2003 et
339 1966 369 2003 si
391 1966 610 2016 placuimus
632 1979 761 2016 neque
783 1965 876 2004 odio
897 1965 1053 2012 fuimus,
1077 1965 1229 2015 signum
1252 1967 1327 2004 hoc
1350 1965 1514 2004 mittite:
1633 1973 1718 2010 1035

281 2031 347 2080 qui
368 2031 580 2081 pudicitiae
601 2045 686 2069 esse
708 2031 824 2069 uoltis
845 2031 1074 2080 praemium,
1097 2032 1278 2080 plausum
1299 2032 1400 2069 date.

328 2144 411 2164 1020
446 2134 566 2164 merito
592 2133 667 2164 add.
702 2133 859 2163 Gruterus
1003 2143 1082 2163 1021
1109 2138 1144 2164 tu
1170 2132 1245 2164 add.
1274 2134 1384 2164 Have!
1528 2144 1610 2164 1022

282 2178 431 2216 recogito
462 2176 643 2208 Gruterus:
678 2177 790 2216 cogito
817 2176 881 2207 cod.
1022 2187 1102 2215 1023
1127 2177 1296 2207 audissem
1323 2188 1376 2207 me
1404 2177 1455 2209 P:
1481 2178 1611 2208 redisse

246 2240 255 2250 x
282 2233 335 2252 me
351 2221 384 2251 A
522 2230 602 2259 1025
628 2222 657 2251 is
677 2232 742 2251 om.
766 2220 800 2250 P
930 2222 1013 2250 1026
1037 2220 1129 2260 huic]
1155 2220 1209 2250 hic
1229 2219 1263 2249 P
1356 2221 1557 2261 principium
1582 2220 1616 2251 P

286 2266 411 2304 logo-6
428 2266 461 2295 in
478 2263 511 2294 A
530 2264 613 2295 m'ln'l
624 2265 742 2304 legitur
761 2264 826 2294 nisi
845 2264 971 2304 primae
994 2264 1113 2294 litterae
1133 2274 1290 2294 versuum
1310 2274 1390 2303 1031
1410 2269 1438 2294 et
1456 2275 1538 2304 1034

327 2317 563 2340 FRAGMENTVM
590 2318 723 2338 Dvva
870 2301 1004 2337 Noniu‘s
1026 2317 1090 2337 220
1113 2306 1235 2346 pilleus
1260 2309 1396 2346 generis
1420 2308 1608 2339 masculini.

284 2354 421 2384 Plautus
440 2353 611 2391 Captiuis:
647 2352 784 2391 pilleum
807 2351 917 2389 Quem
941 2351 1056 2381 habuit
1080 2350 1225 2389 deripuit
1249 2361 1393 2390 eumque
1416 2352 1459 2382 ad
1482 2352 1610 2382 caelum

284 2397 378 2427 tollit.
427 2396 467 2426 In
485 2397 618 2426 nomine
628 2395 761 2433 fabulae
775 2398 921 2425 erratum
937 2404 1001 2425 esse
1016 2393 1142 2425 videtur
