1794 2728
216 58 246 96 Ι,
270 58 315 95 iii
685 58 732 96 T.
765 55 946 95 MACCI
978 53 1182 92 PLAVTI

270 171 344 209 AL.
383 147 667 209 lkerumantem
709 159 756 207 ἔκ
793 164 902 206 abitu
940 164 1156 204 concinnas
1195 154 1237 200 tu
1275 169 1383 200 tuam
1412 155 1591 198 Uxorem.

1406 227 1464 264 1v.
1494 231 1591 270 tace,

269 314 319 339 ne
353 313 561 350 corrumpe
594 282 741 345 oculos,
774 297 912 336 redibo
944 302 1133 333 actutum.
1193 295 1266 331 AL.
1297 291 1338 330 id
1375 288 1591 328 ‘actutum'
1612 297 1681 334 530

1433 353 1500 393 diu
1520 360 1589 391 est.

270 432 329 470 IV.
361 445 443 469 non
477 444 550 480 ego
583 438 622 468 te
656 429 721 467 hic
754 429 894 467 lubens
928 425 1108 476 relinquo
1144 436 1274 474 neque
1305 422 1405 460 abeo
1438 432 1508 470 aps
1541 425 1589 456 te.

1350 489 1421 525 AL.
1453 483 1589 530 sentio,

267 575 360 600 nam
389 575 468 612 qua
496 568 613 600 nocte
646 561 697 599 ad
731 573 795 598 me
824 556 977 604 uenisti,
1010 557 1150 595 eadem
1183 553 1278 593 abis.
1338 554 1396 590 Iv.
1428 563 1499 600 qur
1529 561 1592 586 me

1454 616 1593 654 tenes?

207 706 247 737 35
267 700 423 742 tempus
443 699 502 730 est
519 706 527 730 z
555 690 657 729 exire
678 704 725 728 ex
744 689 841 728 urbe
862 687 958 739 priu'
979 700 1098 737 quarn
1119 687 1291 723 lucescat
1311 684 1415 721 uolo.

266 771 374 796 nunc
407 756 478 795 tibi
511 758 614 794 hanc
647 762 832 806 pateram,
867 765 969 803 quae
1003 753 1112 790 dono
1150 749 1203 787 mi
1236 747 1291 786 illi
1322 747 1374 785 ob
1408 745 1591 784 uirtutem

1411 811 1501 849 data
1521 817 1589 856 est,

268 888 421 926 Pterela
440 900 506 925 rex
525 885 593 936 qui
612 883 802 936 potitauit‚
826 896 945 933 quem
967 895 1040 931 ego
1061 893 1149 918 mea
1168 877 1297 917 occidi
1316 889 1447 923 manu,
1613 884 1676 921 535

267 954 502 999 Alcumena,
522 950 594 988 tibi
614 950 812 988 condono.
872 949 945 985 AL.
978 945 1073 984 facis
1093 952 1136 982 ut
1155 943 1249 982 alias
1269 955 1328 981 res
1350 942 1461 980 soles.

268 1025 420 1056 ecastor
439 1015 681 1065 condignum
702 1015 865 1060 donum,
887 1013 1040 1062 qualest
1060 1009 1128 1060 qui
1147 1010 1298 1048 donum
1318 1006 1438 1046 dedit.

206 1097 248 1128 40
270 1084 353 1120 ΜΕ.
394 1081 518 1119 immo
556 1080 634 1118 sic:
683 1077 927 1127 condignum
966 1077 1130 1122 donum,
1170 1074 1321 1124 qualest
1353 1070 1447 1121 quoi
1485 1072 1592 1110 dono

1406 1138 1590 1175 datumst.

268 1216 326 1252 Iv.
368 1212 503 1263 pergin
540 1212 703 1249 autern?
743 1221 878 1248 nonne
911 1220 985 1258 ego
1022 1219 1194 1258 possum,
1236 1202 1401 1250 furcifer,
1440 1209 1479 1241 te
1512 1215 1593 1252 per-

1471 1267 1593 1306 dere?

266 1345 338 1382 AL.
371 1342 453 1382 noli
472 1341 626 1388 amabo,
650 1339 900 1390 Amphitruo,
923 1337 1035 1376 irasci
1056 1336 1190 1375 Sosiae
1210 1347 1347 1374 caussa
1366 1346 1464 1372 mea.
1614 1343 1681 1379 540

266 1410 323 1447 Iv.
354 1408 495 1446 faciam
522 1407 576 1445 ita
601 1414 644 1445 ut
670 1405 740 1444 uis.
803 1406 887 1443 ΜΕ.
920 1417 967 1442 ex
990 1415 1124 1441 amore
1147 1401 1212 1440 hic
1234 1401 1452 1439 admodum
1473 1411 1591 1449 quarn

1362 1477 1501 1504 saeuos
1522 1471 1592 1502 est.

269 1542 328 1578 Iv.
359 1537 554 1588 numquid
575 1536 664 1575 uis?
720 1538 794 1574 AL.
826 1542 869 1574 ut
889 1547 1011 1585 quom
1031 1532 1157 1583 apsim
1177 1531 1240 1571 me':
1260 1543 1378 1579 ames,
1401 1543 1465 1568 me
1485 1537 1593 1568 tuam

1218 1596 1255 1636 te
1276 1595 1427 1647 apsenti
1448 1603 1589 1634 tamen.

205 1685 247 1719 45
271 1672 356 1709 ΜΕ.
388 1682 534 1715 eamus,
561 1666 812 1718 Amphitruo.
869 1664 1033 1705 lucescit
1057 1666 1134 1703 hoc
1160 1663 1249 1702 iam.
1309 1663 1367 1701 Iv.
1398 1660 1462 1700 abi
1488 1674 1591 1712 prae,

1459 1725 1570 1765 Sosia
1585 1740 1595 1773 ;

269 1800 348 1839 iarn
377 1812 451 1850 ego
480 1812 629 1849 sequar.
689 1796 886 1847 numquid
917 1795 1006 1835 uis?
1061 1798 1134 1834 AL.
1167 1794 1308 1834 etiam:
1347 1801 1389 1832 ut
1418 1799 1593 1831 actutum

1143 1859 1341 1900 aduenias.
1402 1859 1459 1897 1v.
1491 1856 1592 1904 licet,

271 1931 376 1983 prius
396 1932 464 1969 tua
484 1929 671 1980 opinione
692 1930 756 1967 hic
776 1929 896 1967 adero
913 1944 919 1967 :
950 1928 1101 1966 bonum
1121 1926 1297 1965 animum
1317 1923 1487 1962 habe.—
1617 1930 1680 1968 545

272 2009 378 2035 nunc
398 2003 448 2043 te,
470 2008 558 2041 nox,
581 2007 683 2044 quae
704 2007 767 2032 me
787 1991 975 2036 mansisti,
998 1991 1112 2030 mitto
1132 1998 1174 2029 ut
1195 1989 1390 2029 concedas
1411 1987 1485 2035 die,

274 2069 317 2100 ut
337 2059 510 2099 mortalis
530 2059 744 2097 inlucescat
763 2059 851 2096 luce
871 2058 974 2095 clara
993 2063 1032 2095 et
1051 2055 1231 2094 candida.

213 2142 257 2173 50
275 2134 393 2176 atque
414 2132 573 2175 quanto,
597 2137 685 2171 nox,
708 2122 814 2161 fuisti
833 2121 985 2172 longior
1005 2123 1079 2160 hac
1098 2133 1297 2172 proxuma,

267 2247 275 2257 x
319 2240 381 2270 533
406 2234 455 2260 est
473 2228 547 2260 add.
567 2228 640 2259 Ital.
662 2230 739 2267 (seq.
761 2226 833 2267 ex-)
998 2236 1059 2266 537
1084 2224 1234 2266 ecastor]
1253 2223 1372 2264 edepol
1390 2221 1520 2253 Nonius
1539 2222 1599 2261 198

278 2275 304 2316 (ἒ
316 2280 374 2316 pro
390 2284 431 2304 eu
450 2273 519 2312 ed.)
640 2282 703 2310 542
727 2271 903 2301 absentem
921 2268 1019 2305 cod.·
1035 2280 1112 2301 corr.
1132 2268 1197 2299 Leo
1213 2270 1237 2305 (-
1243 2270 1292 2302 te)
1418 2275 1482 2306 545
1506 2270 1601 2305 prius

277 2320 462 2359 suspectum
595 2316 659 2353 546
683 2315 826 2345 accedas
846 2317 883 2344 ut
899 2312 962 2344 vid.
983 2312 1049 2344 cod.
1072 2314 1149 2353 (nec
1166 2312 1267 2343 cedas
1283 2309 1328 2351 D,
1348 2315 1384 2341 ut
1400 2310 1501 2341 cedas
1517 2308 1600 2350 cett.)

280 2361 331 2401 (fs.
346 2360 466 2400 Journ.
485 2358 572 2390 Pln'l.
593 2360 645 2397 26,
661 2358 742 2399 290)
875 2366 937 2395 547
963 2357 1150 2388 inlucescas
1167 2366 1245 2387 corr.
1266 2359 1315 2385 -at
1332 2352 1397 2384 cod.
1418 2357 1456 2384 ut
1469 2352 1532 2384 vid.
