1742 2718
660 109 1007 146 AMPHITRVO
1438 110 1490 145 II.
1513 108 1541 144 ii

165 223 229 260 So.
262 220 368 259 enim
388 233 484 258 uero
504 218 704 270 praegnati
725 225 880 269 oportet
901 225 939 256 et
960 219 1108 256 malum
1129 226 1167 256 et
1189 219 1335 256 malum
1358 219 1440 257 dari

166 292 207 323 ut
228 286 336 335 quod
357 284 524 323 obrodat
545 283 604 330 sit,
626 283 760 321 animo
781 282 813 321 si
834 284 935 320 male
956 295 1041 320 esse
1062 282 1270 331 occeperit.

79 359 144 396 725
165 351 247 387 AM.
275 356 316 387 tu
338 362 401 388 me
418 347 501 387 heri
521 348 586 387 hic
606 347 770 386 uidisti?
817 349 890 385 AL.
918 360 1001 397 ego,
1021 346 1194 397 inquam,
1213 347 1244 384 si
1261 347 1320 385 uis
1337 347 1497 386 deciens
1518 359 1558 390 95

1355 413 1495 451 dicere.

166 482 247 518 AM.
280 479 319 518 in
365 479 514 518 somnis
553 480 725 518 fortasse.
785 479 858 517 AL.
890 478 1013 517 immo
1052 478 1217 528 uigilans
1256 477 1494 527 uigilantem.

969 546 1051 581 AM.
1084 557 1157 581 uae
1180 541 1354 595 [misero]
1378 543 1497 581 milri!

166 612 230 649 So.
263 610 359 661 quid
389 609 459 649 tibi
489 611 577 648 est?
641 611 723 648 AM.
756 608 894 648 delirat
928 622 1035 647 uxor.
1103 609 1168 646 So.
1199 616 1282 646 atra
1315 607 1383 646 bili
1418 621 1499 657 per-

1330 673 1408 711 cita
1427 680 1496 711 est.

167 743 274 780 nulla
293 755 353 780 res
373 749 454 780 tam
474 739 675 780 delirantis
695 739 879 779 homines
900 739 1113 779 concinnat
1133 739 1222 778 cito.

167 808 250 844 AM.
282 805 350 844 ubi
370 805 541 856 primurn
559 805 631 844 tibi
652 805 818 852 sensisti,
842 805 994 853 mulier,
1014 804 1292 854 impliciscier?

80 884 150 920 730
167 872 241 909 AL.
273 870 459 921 equidem
489 878 641 909 ecastor
669 884 764 908 sana
793 877 832 908 et
867 871 976 908 salua
1005 883 1104 908 sum.
1164 871 1246 907 AM.
1279 882 1351 919 qur
1385 868 1500 919 igitur
1522 882 1581 904 100

1296 932 1498 984 praedicas

168 1003 206 1041 te
226 1001 309 1040 heri
329 1014 393 1039 me
412 999 568 1047 uidisse,
593 999 660 1050 qui
681 1001 755 1038 hac
776 1006 897 1038 noctu
918 999 958 1037 in
980 1006 1137 1050 portum
1157 997 1315 1037 aduecti
1336 999 1500 1036 sumus?

168 1065 223 1104 ibi
243 1064 382 1104 cenaui
402 1072 521 1115 atque
541 1064 597 1102 ibi
618 1063 751 1114 quieui
772 1063 812 1102 in
833 1063 926 1102 naui
947 1071 1107 1102 noctem
1128 1070 1342 1114 perpetem,

169 1144 299 1181 neque
315 1143 447 1169 meum
461 1131 604 1180 pedem
619 1131 697 1167 huc
711 1129 824 1167 intuli
838 1128 957 1167 etiam
973 1128 1014 1167 in
1027 1128 1147 1175 aedis,
1166 1136 1209 1166 ut
1225 1142 1315 1166 cum
1329 1129 1500 1167 exercitu

168 1195 262 1234 hinc
281 1196 480 1246 profectus
501 1207 588 1232 sum
608 1195 660 1232 ad
680 1194 881 1232 Teloboas
902 1193 1027 1232 hostis
1048 1206 1196 1243 eosque
1217 1200 1259 1231 ut
1279 1192 1458 1231 uicimus.

83 1266 147 1303 735
169 1262 242 1299 AL.
274 1259 398 1298 immo
420 1273 577 1298 mecum
598 1258 789 1298 cenauisti
810 1266 847 1297 et
869 1272 1026 1298 mecum
1048 1258 1230 1297 cubuisti.
1290 1259 1372 1296 AM.
1404 1259 1500 1308 quid
1524 1271 1582 1303 105

1414 1331 1472 1362 est
1485 1325 1501 1361 Ρ

170 1393 244 1429 AL.
274 1404 367 1430 uera
395 1390 497 1430 dico.
555 1393 639 1429 AM.
671 1403 753 1429 non
783 1390 833 1430 de
868 1390 943 1429 hac
977 1389 1140 1441 quidem
1179 1391 1310 1428 hercle
1344 1403 1384 1427 re
1400 1403 1409 1436 3
1452 1390 1502 1427 de

1250 1454 1333 1493 aliis
1354 1455 1499 1492 nescio.

170 1524 243 1560 AL.
274 1521 444 1573 primulo
464 1521 640 1560 diluculo
659 1520 790 1559 abiisti
810 1522 861 1559 ad
881 1520 1067 1570 legiones.
1122 1522 1205 1558 AM.
1238 1520 1318 1570 quo
1339 1519 1490 1557 modo?

171 1589 236 1626 SO.
268 1594 373 1626 recte
393 1586 498 1633 dicit,
521 1594 564 1625 ut
584 1585 858 1625 commeminit
875 1601 881 1624 :
911 1585 1111 1624 somnium
1132 1592 1260 1623 narrat
1280 1584 1362 1623 tibi.

172 1652 253 1699 sed,
277 1651 425 1699 mulier,
448 1659 660 1702 postquam
682 1659 906 1702 experrecta
926 1665 978 1698 es,
1002 1658 1040 1690 te
1061 1650 1267 1701 prodigiali
1289 1649 1378 1689 Ioui

85 1731 155 1765 740
172 1724 240 1756 aut
260 1718 365 1755 mola
385 1718 486 1755 salsa
505 1716 626 1756 hodie
645 1724 712 1754 aut
732 1724 817 1755 ture
837 1723 1129 1767 comprecatam
1151 1715 1334 1766 oportuit.
1526 1727 1587 1749 110

173 1784 246 1821 AL.
277 1795 352 1820 uae
371 1781 490 1833 capiti
510 1785 603 1820 tuo!
661 1783 725 1820 So.
749 1789 816 1820 tua
836 1781 937 1820 istuc
957 1780 1162 1820 refert—si
1182 1780 1390 1819 curaueris.

172 1849 246 1886 AL.
277 1846 418 1886 iterum
460 1846 538 1885 iam
581 1846 645 1886 hic
677 1846 717 1885 in
756 1860 820 1885 me
862 1846 1119 1885 inclementer
1158 1845 1264 1893 dicit,
1305 1854 1424 1896 atque
1462 1845 1503 1884 id

1042 1961 1046 1966 ι
1272 1910 1356 1949 sine
1385 1912 1501 1949 malo.

170 1979 253 2015 AM.
285 1984 372 2015 tace
398 1983 451 2015 tu.
510 1983 553 2016 tu
580 1976 693 2016 dice:
722 1989 849 2027 egone
875 1990 945 2027 aps
972 1983 1011 2015 te
1036 1976 1116 2016 abii
1143 1976 1237 2015 hinc
1264 1975 1385 2015 hodie
1413 1989 1503 2014 cum

1300 2041 1475 2080 diluculo
1488 2042 1505 2079 ?

170 2108 244 2145 AL.
276 2106 364 2157 quis
384 2106 500 2156 igitur
518 2107 593 2146 nisi
612 2121 684 2146 uos
704 2107 875 2146 narrauit
894 2107 949 2146 mi
969 2107 1024 2146 illi
1044 2115 1086 2146 ut
1106 2107 1220 2146 fuerit
1237 2106 1460 2158 proelium?

216 2212 279 2249 726
300 2210 461 2252 sortasse]
483 2211 554 2242 sors
570 2210 703 2242 Norden
721 2211 851 2251 (Rhein.
871 2211 962 2243 Mus.
985 2224 1037 2252 49,
1057 2213 1148 2251 286),
1157 2212 1240 2251 fort.
1262 2215 1337 2242 recle
1424 2210 1502 2252 uae]

171 2254 204 2284 ei
215 2254 388 2284 Fleckeisen
402 2265 408 2286 :
433 2255 489 2286 vix
505 2256 569 2285 hae
587 2255 765 2295 (interiect.)
855 2256 980 2286 misero
995 2256 1053 2286 del.
1071 2255 1213 2296 Pylades
1229 2256 1285 2296 (iv.
1300 2256 1335 2295 3)
1441 2265 1504 2294 730

172 2307 258 2337 quor
274 2297 339 2329 cod.
453 2308 515 2338 735
539 2299 619 2338 quid
636 2298 750 2329 Aldus
765 2310 772 2329 :
803 2298 883 2338 quid
901 2299 934 2329 id
951 2299 1016 2330 cod.
1038 2299 1097 2341 (iv.
1123 2300 1158 2339 4)
1295 2299 1358 2338 736
1381 2298 1430 2330 vel
1444 2301 1502 2336 re;

173 2341 216 2371 de
232 2340 274 2372 al.
337 2342 473 2381 quidem
490 2342 603 2373 hercle
620 2343 663 2372 de
680 2343 744 2373 hae
763 2341 974 2374 Camerarius
1075 2352 1138 2383 739
1162 2347 1196 2374 te
1213 2342 1301 2374 codd.
1320 2342 1424 2373 Nonii
1438 2351 1478 2380 44
1495 2352 1502 2372 :

172 2394 240 2415 om.
256 2383 322 2414 cod.
472 2396 535 2425 743
559 2386 612 2417 dic
629 2385 693 2418 cod.

218 2437 339 2460 PLAVT.
356 2438 368 2459 1
1393 2429 1414 2460 3
