1742 2718
709 52 1032 92 BACCHIDES
1455 51 1523 87 IV.
1546 51 1590 87 iii

360 166 512 219 perdidi
534 180 596 205 me
616 173 734 216 atque
756 178 914 215 operam
937 162 1125 213 Chrysali.
1550 178 1587 209 15

110 239 176 283 625
416 235 472 270 ΡΙ.
505 232 771 271 consolandus
792 230 856 268 hic
878 229 978 275 mist,
1002 229 1068 267 ibo
1088 229 1138 267 ad
1160 241 1261 266 eum.

255 296 511 342 Mnesiloche,
535 296 631 346 quid
653 297 724 333 fit?
781 297 868 332 ΜΝ.
900 294 1007 344 perii.

91 368 179 403 626³
254 365 310 400 Pr.
342 361 382 400 di
404 361 542 399 melius
564 360 717 399 faciant.
780 362 867 397 ΜΝ.
899 359 1006 409 perii.

253 430 309 465 ΡΙ.
342 441 422 464 non
443 434 558 473 taces,
582 425 800 475 insipiens?
858 426 944 462 MN.
977 425 1158 462 taceam?

89 499 176 542 6271]ι
253 494 308 529 ΡΙ.
341 493 449 529 sanu'
470 491 562 528 satis
584 504 663 528 non
685 504 736 529 es.
799 491 885 527 MN.
918 488 1024 538 perii.
1551 507 1590 529 20

197 558 318 594 multa
340 558 441 594 mala
462 556 514 593 mi
536 556 574 593 in
597 554 744 605 pectori
766 568 871 592 nunc
901 553 1004 592 acria
1024 561 1143 604 atque
1163 553 1305 592 acerba
1326 552 1526 599 eueniunt,

249 621 428 659 criminin
450 635 513 659 me
535 620 719 658 habuisse
740 620 890 658 fidem?

249 685 430 724 inmerito
451 685 521 723 tibi
543 685 652 723 iratu'
672 684 738 722 fui.

108 758 178 801 630
251 753 307 788 Pr.
329 750 442 797 heiia,
462 750 612 788 bonum
632 750 735 788 habe
755 748 944 787 animum.
1006 749 1092 786 MN.
1125 748 1231 787 unde
1252 747 1451 786 habeam?

89 822 177 866 630³
250 817 415 854 mortuo'
436 815 546 866 pluri'
566 808 702 865 pretist
722 828 840 864 quam
863 827 936 864 ego
957 827 1056 852 sum.
1549 831 1586 862 25

250 883 307 918 Pr.
340 880 471 918 militis
492 879 673 930 parasitu'
695 880 816 918 modo

88 952 178 997 631³
249 952 409 983 uenerat
429 958 567 983 aurum
588 952 720 994 petere
740 944 844 991 hinc,

248 1024 339 1048 eum
360 1023 433 1059 ego
454 1010 551 1048 meis
572 1009 688 1048 dictis
708 1009 820 1048 malis

90 1080 175 1124 632a
357 1075 416 1114 his
438 1075 587 1114 foribus
607 1081 726 1125 atque
747 1076 821 1114 hac
839 1073 1039 1127 (muliere)

195 1140 358 1191 reppuli,
381 1140 495 1179 reieci
516 1140 731 1179 hominem.
792 1142 879 1178 MN.
912 1140 1009 1190 quid
1030 1139 1125 1178 mihi
1146 1139 1186 1179 id
1208 1141 1397 1190 prodest?
1546 1154 1588 1185 30

195 1206 304 1256 quod
318 1205 457 1244 faciam
472 1205 526 1243 nil
539 1206 669 1244 habeo
683 1205 809 1244 miser.
863 1205 927 1244 ille
941 1204 1103 1255 quidem
1117 1206 1219 1244 hanc
1232 1205 1419 1253 abducet,
1432 1204 1525 1244 scio.

108 1277 174 1322 635
304 1273 361 1309 ΡΙ.
395 1271 426 1310 si
448 1270 544 1309 mihi
564 1271 623 1320 sit,
647 1285 727 1310 non
748 1270 963 1321 pollicear?

89 1341 176 1386 635³
467 1338 554 1374 MN.
587 1336 683 1383 scio,
704 1337 828 1383 dares,
851 1335 956 1374 noui.

248 1403 317 1440 sed
340 1401 413 1439 nisi
433 1415 552 1449 ames,
577 1415 657 1440 non
678 1402 847 1440 habeam
869 1400 939 1439 tibi
960 1401 1080 1439 fidem
1102 1407 1250 1439 tantam
1267 1414 1277 1447 3

356 1481 462 1506 nunc
482 1466 604 1517 agitas
626 1474 685 1505 sat
704 1474 788 1505 tute
808 1473 962 1504 tuarum
983 1479 1111 1504 rerum
1126 1480 1136 1513 3
1549 1476 1589 1509 35

249 1546 375 1582 egone
394 1539 437 1570 ut
457 1546 574 1582 opem
596 1533 693 1571 ferre
715 1539 850 1582 putem
872 1544 987 1581 posse
1007 1530 1168 1582 inopem
1190 1537 1227 1569 te
1249 1522 1304 1568 mi
1315 1533 1332 1570 ?

91 1595 178 1641 638a
304 1599 362 1635 P1.
395 1605 480 1637 tace
502 1599 647 1637 modo:
678 1598 768 1636 deu'
789 1595 970 1646 respiciet

463 1677 535 1702 nos
555 1663 707 1713 aliquis.
768 1664 855 1700 MN.
888 1675 1015 1712 nugae
1032 1665 1039 1700 !

301 1730 359 1766 P1.
392 1742 518 1767 mane.
580 1730 667 1766 MN.
700 1727 797 1778 quid
818 1729 904 1766 est?
961 1729 1018 1765 P1.
1051 1734 1159 1767 tuam
1180 1728 1336 1780 copiam

301 1807 435 1832 eccam
458 1795 692 1844 Chrysalum
715 1793 844 1833 uideo.
1543 1806 1586 1838 40

229 1904 565 1943 CHRVSALvs
623 1905 1038 1942 MNEleochs
1097 1905 1486 1942 PlsTOCLERvs
1541 1906 1587 1942 iv

108 1988 176 2033 640
194 1986 270 2025 Cn.
305 1987 427 2023 Hune
443 1984 647 2024 hominem
663 1986 779 2024 decet
798 1998 894 2023 auro
911 1984 1091 2036 expendi,
1111 1986 1202 2024 huic
1223 1986 1338 2024 decet
1353 1984 1522 2023 statuam

1200 2050 1317 2088 statui
1338 2064 1384 2088 ex
1403 2063 1498 2088 auro
1514 2064 1523 2097 3

236 2155 298 2192 624
315 2164 368 2185 me
379 2154 544 2194 simulque
555 2153 621 2184 Leo
706 2155 772 2185 626
779 2153 861 2193 sort.
875 2153 994 2193 ecquid
1077 2155 1142 2185 628
1159 2159 1296 2194 pectore
1307 2154 1372 2186 cod.
1457 2155 1522 2192 629

192 2200 292 2231 fidem
309 2209 363 2230 me
379 2200 538 2232 habuisse
550 2200 653 2232 Bothe
697 2201 802 2231 iratus
819 2200 880 2231 tibi
892 2200 1074 2239 Fleckeisen,
1089 2210 1170 2230 nam
1186 2202 1225 2231 ir.
1241 2199 1384 2240 displicet
1453 2200 1521 2237 630

192 2244 280 2274 habe
295 2243 416 2273 bonum
433 2243 559 2275 Ritschl
645 2245 727 2282 632²
747 2243 825 2274 mul.
841 2242 916 2274 add.
930 2243 1058 2274 Ritsclzl
1142 2245 1208 2282 633
1231 2243 1281 2273 vel
1295 2242 1384 2282 Quid
1402 2242 1446 2272 mi
1466 2243 1517 2281 (cf

193 2286 319 2327 Amph.
334 2288 411 2326 247)
466 2289 531 2326 634
548 2287 636 2326 Quid
648 2286 714 2318 cod.
771 2287 834 2325 635
852 2287 969 2317 mihist
984 2285 1071 2317 cod.:
1094 2296 1175 2318 corr.
1185 2286 1398 2317 Camerarius
1456 2287 1519 2323 637

195 2331 238 2361 mi
250 2333 326 2371 post
341 2340 441 2370 opem
457 2330 542 2362 cod.:
568 2330 663 2361 metri
676 2340 774 2361 causa
791 2329 900 2361 traieci
962 2330 1028 2370 639
1044 2339 1160 2361 eccum
1177 2328 1223 2360 Β2
1297 2332 1363 2369 640
1379 2329 1427 2360 vel
1441 2329 1520 2359 huic
