1814 2723
278 61 359 98 lii
743 62 790 97 T.
825 59 1004 98 MACCI
1037 58 1239 95 PLAVTI

328 173 405 211 CH.
452 172 543 211 mali
573 171 806 222 nescioquid
834 171 997 210 nuntiat.
1059 172 1130 208 Ac.
1163 182 1292 219 genua
1324 169 1431 206 hunc
1458 178 1656 205 cursorem

1444 232 1630 270 deserunt
1648 244 1658 277 ς

326 301 432 352 perii,
456 301 693 341 seditionem
715 300 806 340 facit
826 300 916 348 lien,
940 301 1107 350 occupat
1129 297 1367 350 praecordia,

267 385 304 417 15
326 367 431 418 perii,
455 367 628 406 animam
650 380 806 416 nequeo
827 373 992 412 uortere,
1015 364 1122 402 nimi'
1144 363 1255 401 nihili
1276 362 1422 401 tibicen
1444 360 1552 400 siem.

328 434 404 472 CH.
437 440 476 470 at
508 440 549 470 tu
580 433 723 481 edepol
758 445 870 470 sume
902 430 1085 469 laciniam
1115 436 1234 479 atque
1264 435 1442 479 apsterge
1472 426 1657 465 sudorem

1572 490 1654 529 tibi.

325 565 397 601 Ac.
435 576 651 613 numquam
688 563 830 612 edepol
865 574 1003 600 omnes
1032 560 1212 599 balineae
1244 558 1340 596 mihi
1372 559 1474 595 hanc
1508 554 1657 594 lassitu-

1316 622 1449 662 dinem
1471 620 1653 660 eximent.

326 692 464 732 domin
502 706 553 730 an
593 691 684 730 foris
724 691 854 730 dicam
895 704 980 729 esse
1019 704 1129 729 erum
1166 688 1416 729 Charinum?
1474 687 1552 727 CH.
1584 699 1657 736 ego

1345 751 1466 791 animi
1486 751 1654 802 pendeo.

379 822 475 873 quid
506 823 597 861 illuc
625 821 673 860 sit
701 821 833 871 negoti
854 821 964 860 lubet
985 820 1081 859 scire
1108 834 1181 868 me,
1204 833 1250 859 ex
1275 819 1351 858 hoc
1380 824 1487 856 metu
1513 824 1556 855 ut
1583 815 1656 854 sim

1514 888 1652 921 certus.

266 970 306 992 20
380 955 452 991 Ac.
484 960 523 991 at
555 952 674 991 etiam
699 954 814 991 asto?
853 959 893 990 at
924 951 1042 990 etiam
1072 964 1184 989 cesso
1214 949 1362 988 foribus
1393 949 1519 987 facere
1547 946 1656 985 hisce

1495 1013 1655 1051 assulas.

379 1083 525 1133 aperite
545 1082 686 1133 aliquis
706 1085 712 1120 ἔ
770 1082 838 1121 ubi
860 1082 1071 1122 Charinust
1093 1083 1200 1120 eru’?
1229 1079 1367 1119 domin
1386 1086 1444 1117 est
1464 1092 1515 1116 an
1535 1077 1658 1116 foris?

327 1163 421 1187 num
439 1149 648 1199 quisquam
665 1148 772 1187 adire
785 1149 835 1187 ad
849 1147 993 1186 ostium
1011 1147 1173 1197 dignum
1190 1145 1424 1184 arbitratur?
1463 1145 1541 1183 CH.
1564 1155 1657 1181 ecce

1579 1221 1656 1256 me,

325 1278 535 1326 Acanthio,
552 1293 670 1329 quem
685 1278 849 1329 quaeris.
899 1280 971 1316 Ac.
996 1284 1229 1327 nusquamst
1246 1275 1454 1326 disciplina
1467 1273 1653 1325 ignauior.

435 1345 512 1383 CH.
546 1357 647 1393 quae
677 1350 715 1381 te
745 1344 871 1381 malae
900 1356 960 1381 res
989 1342 1166 1392 agitant?
1224 1343 1296 1379 AC.
1328 1342 1485 1386 multae,
1515 1353 1590 1386 ere,
1619 1339 1656 1377 te

1441 1412 1560 1454 atque
1581 1417 1654 1441 me,

265 1483 304 1514 25
542 1475 619 1513 CH.
652 1472 749 1523 quid
769 1481 828 1512 est
848 1472 1010 1522 negoti?
1066 1475 1138 1510 Ac.
1171 1471 1366 1522 periimus.

544 1540 621 1578 CH.
669 1537 905 1588 principium
926 1536 1003 1590 (id)
1024 1537 1192 1576 inimicis
1213 1538 1317 1576 dato.

542 1600 613 1641 Ac‘.
646 1611 685 1641 at
706 1603 776 1642 tibi
798 1603 934 1642 sortito
955 1603 995 1642 id
1016 1602 1164 1654 optigit.

328 1670 404 1709 CH.
448 1670 608 1719 loquere
642 1668 683 1708 id
718 1668 849 1718 negoti
883 1668 1078 1718 quidquid
1114 1675 1181 1706 est.
1254 1669 1326 1706 AC.
1363 1666 1527 1718 placide,
1564 1666 1658 1704 uolo

1392 1731 1657 1782 adquiescere.

329 1806 395 1838 tua
415 1812 553 1837 caussa
573 1798 659 1849 rupi
679 1798 847 1846 ramites,
866 1798 944 1837 iam
961 1799 1114 1838 dudum
1136 1805 1251 1848 sputo
1272 1797 1513 1846 sanguinem.

270 1877 311 1907 30
330 1865 408 1904 CH.
440 1863 608 1902 resinam
629 1877 676 1902 ex
696 1865 811 1903 melle
832 1863 1067 1914 Aegyptiam
1087 1870 1236 1909 uorato,
1260 1864 1411 1901 saluom
1432 1860 1578 1900 feceris.

329 1931 402 1967 Ac.
433 1936 473 1967 at
488 1930 631 1978 edepol
648 1936 689 1966 tu
706 1928 874 1967 calidam
890 1928 1020 1978 picem
1036 1927 1174 1975 bibito,
1191 1926 1396 1977 aegritudo
1415 1924 1655 1977 apscesserit.

383 1994 460 2033 CH.
494 1993 697 2032 hominem
719 2007 792 2043 ego
814 1993 1103 2032 iracundiorem
1121 2005 1239 2042 quam
1261 1999 1299 2029 te
1320 1991 1414 2029 noui
1434 1990 1646 2029 neminem.

382 2061 454 2097 Ac.
486 2065 525 2096 at
546 2072 619 2108 ego
640 2058 1002 2097 maledicentiorem
1024 2071 1143 2108 quam
1159 2065 1197 2096 te
1218 2056 1312 2095 noui
1333 2056 1543 2095 neminem.

375 2171 435 2201 125
453 2162 537 2193 nihil
555 2162 621 2193 cod.
765 2163 826 2193 126
845 2165 921 2203 post
939 2172 998 2201 137
1015 2161 1119 2191 Bothe
1207 2170 1302 2191 sume
1321 2159 1413 2202 [tibi]
1431 2160 1507 2190 ΡΠ)
1598 2169 1657 2199 127

257 2243 265 2253 “
330 2240 502 2272 eximeant
528 2239 560 2269 B
587 2239 663 2280 (pro
688 2215 797 2279 {nm
956 2249 1017 2277 129
1040 2239 1096 2269 vix
1110 2237 1259 2268 haccln'ac.
1281 2237 1372 2276 (cum
1388 2237 1503 2276 med2)
1604 2247 1658 2267 me

330 2284 388 2314 del.
405 2282 568 2323 Spengel:
593 2283 637 2313 mi
654 2281 781 2313 Ritschl
856 2282 938 2322 sort.
958 2286 1048 2313 me'tu
1066 2287 1104 2313 ut
1123 2281 1186 2319 (vel
1199 2280 1260 2320 uti)
1280 2280 1383 2311 certu’
1401 2280 1465 2311 sim
1599 2289 1655 2318 131

329 2328 380 2358 vel
393 2327 561 2357 Charinus
698 2328 774 2365 135⁸
798 2326 832 2356 id
848 2325 924 2357 add.
943 2325 1142 2356 Lachmann
1266 2325 1326 2364 138
1350 2323 1399 2354 tui
1415 2335 1442 2356 c.
1461 2333 1486 2354 r.
1505 2333 1527 2354 r.
1549 2326 1657 2354 atrum

330 2371 409 2402 dum
426 2369 513 2402 codd.
530 2369 636 2400 Nonii
653 2370 714 2400 166
730 2369 918 2410 (neglegens
934 2369 1055 2410 citatio)

1679 368 1741 403 125

1679 958 1744 992 130

1679 1480 1741 1517 135

1680 1546 1764 1585 135a

1680 1611 1745 1655 136

1682 1933 1746 1967 140
