1814 2723
208 52 275 89 Li
681 48 727 84 T.
761 45 942 84 MACCI
973 42 1176 81 PLAVTI

265 179 338 204 suo
358 163 431 203 sibi
452 177 546 202 suco
567 162 717 207 uiuont,
741 173 803 198 ros
825 158 856 196 si
876 170 957 196 non
977 155 1092 202 cadit,

265 230 359 269 item
380 228 536 280 parasiti
557 228 672 266 rebus
693 223 853 276 prolatis
873 224 995 261 latent

209 312 247 343 15
266 295 307 334 in
328 296 484 335 occulto
505 292 645 339 miseri,
668 290 850 329 uictitant
870 301 965 326 suco
986 299 1068 333 suo,

267 362 364 400 dum
380 359 460 398 ‘ruri
481 366 611 396 rurant
632 356 814 395 homines
835 366 935 404 quos
955 351 1163 402 ligurriant.

268 425 426 477 prolatis
447 425 563 462 rebus
583 421 740 472 parasiti
761 417 932 458 uenatici

271 488 422 543 [canes]
443 501 587 534 sumus,
612 486 773 537 quando
793 498 853 523 res
873 482 1080 528 redierunt,
1105 479 1310 520 Molossici

274 553 538 604 odiossicique
560 560 597 591 et
618 552 787 590 multum
808 546 1162 587 incommodestici.

214 639 255 661 20
274 628 312 660 et
332 620 395 658 hic
417 619 577 669 quidem
599 618 741 663 hercle,
764 615 839 653 nisi
860 614 927 664 qui
948 614 1136 663 colaphos
1156 610 1306 662 perpeti

274 693 386 736 potes
407 683 596 735 parasitus
617 681 821 731 frangique
841 681 949 718 aulas
970 678 1010 717 in
1031 686 1158 728 caput,

276 752 339 789 uel
361 750 414 788 ire
435 756 540 788 extra
560 755 713 798 portam
735 744 1003 795 Trigeminam
1024 744 1075 797 ad
1096 755 1253 781 saccum
1275 741 1376 780 licet.

277 816 385 866 quod
407 813 502 852 mihi
523 827 573 852 ne
593 811 750 852 eueniat
770 824 851 849 non
872 810 1025 848 nullum
1045 798 1262 858 periculum
1284 813 1352 844 est.

278 894 369 919 nam
391 887 601 930 postquam
623 878 724 915 meu'
745 889 810 914 rex
831 882 889 913 est
910 873 1057 924 potitus
1078 871 1307 910 hostium——

220 961 256 992 25
278 945 331 983 ita
351 958 456 982 nunc
477 943 705 993 belligerant
727 939 857 979 Aetoli
878 953 969 978 cum
997 937 1000 989 Ι
1027 936 1135 976 Aleis
1151 951 1161 984 3

279 1023 370 1048 nam
392 1007 548 1047 Aetolia
567 1009 665 1045 haec
686 1012 757 1054 est,
778 1004 833 1042 illi
853 1011 912 1043 est
933 1010 1069 1053 captus
1093 999 1165 1054 [in]
1187 1000 1304 1039 Alide

280 1074 588 1124 Philopolemus,
611 1071 727 1110 huius
750 1069 944 1120 Hegionis
966 1067 1067 1106 filius

280 1139 384 1178 senis
405 1137 472 1188 qui
493 1137 557 1175 hic
577 1135 738 1182 habitat,
762 1148 863 1184 quae
883 1134 1001 1171 aedes
1022 1130 1274 1170 lamentariae

282 1204 379 1243 mihi
399 1210 503 1251 sunt,
524 1215 621 1252 quas
642 1200 1031 1252 quotiensquomque
1052 1195 1254 1246 conspicio
1275 1197 1376 1243 fle03

221 1287 263 1318 30
282 1282 389 1308 nunc
409 1268 473 1306 hic
493 1266 648 1317 occepit
668 1272 874 1316 quaestum
895 1265 1001 1301 hunc
1022 1262 1075 1300 fili
1095 1261 1216 1312 gratia

283 1334 537 1372 inhonestum
559 1339 597 1370 et
618 1343 800 1369 maxume
820 1329 992 1367 alienum
1014 1326 1173 1376 ingenio
1194 1339 1288 1364 suo:

284 1397 465 1437 homines
487 1396 664 1447 captiuos
685 1400 981 1438 commereatur,
1007 1391 1038 1430 si
1059 1398 1177 1441 queat

284 1463 454 1512 aliquem
476 1460 663 1508 inuenire,
687 1473 801 1498 suum
823 1457 890 1508 qui
911 1464 1037 1495 mutet
1058 1456 1193 1494 filium.

286 1528 394 1578 quod
416 1526 577 1576 quidem
599 1539 671 1575 ego
692 1523 808 1562 nimis
830 1536 949 1573 quam
970 1520 1117 1571 †cupio
1139 1528 1181 1558 ut
1202 1519 1410 1570 impetret†
1427 1532 1437 1566 3

227 1608 263 1639 35
287 1606 378 1630 nam
400 1592 439 1629 ni
460 1590 569 1629 illurn
589 1589 737 1640 recipit,
760 1587 857 1626 nihil
879 1594 936 1625 est
957 1600 1036 1637 quo
1048 1599 1121 1624 tme
1142 1584 1338 1635 recipiam.

288 1658 424 1697 †nulla
445 1663 503 1694 est
523 1669 612 1706 spes
632 1653 848 1693 iuuentutis
857 1660 888 1699 †,
913 1665 998 1690 sese
1019 1664 1157 1690 omnes
1177 1656 1335 1697 amant;

289 1722 338 1760 ill’
360 1723 521 1760 demum
541 1719 713 1770 antiquis
735 1726 792 1758 est
812 1719 1044 1756 adulescens
1066 1715 1251 1762 moribus,

288 1786 429 1837 quoius
450 1799 668 1836 numquam
689 1786 841 1823 uoltum
862 1780 1111 1832 tranquillaui
1131 1780 1271 1831 gratiis.

333 1891 375 1920 86
399 1900 502 1920 canes
515 1889 573 1920 del.
593 1887 733 1928 Pylades
751 1888 807 1927 liv,
824 1897 856 1926 p.
875 1886 931 1927 61)
1039 1884 1108 1915 red.
1129 1882 1288 1927 (sumus)
1305 1883 1381 1914 Birt
1400 1894 1407 1913 ε
1431 1882 1502 1913 red.
1524 1891 1625 1912 canes

290 1933 460 1972 Niemeyer
476 1933 526 1974 (tf.
545 1934 681 1973 supra):
707 1931 842 1962 rediere
867 1934 938 1961 turn
962 1928 1088 1960 Schoell
1217 1929 1259 1966 89
1282 1927 1372 1966 potis
1398 1925 1623 1964 Camerarius,

287 1978 363 2017 fort.
386 1979 461 2006 recte
591 1987 634 2015 90
659 1976 712 2005 uel
731 1979 827 2005 extra
870 1997 894 2006 ,.
912 1973 1003 2004 ilicet
1020 1972 1133 2008 Bothe,
1151 1971 1205 2002 cui
1220 1971 1273 2001 uel
1290 1973 1340 2000 ire
1356 1969 1496 2010 displicet
1582 1979 1625 2007 92

294 2021 391 2051 Nunc
409 2019 549 2050 Karsten
569 2019 746 2059 (Mnemos.
767 2028 819 2055 21,
841 2017 920 2055 289)
1034 2026 1076 2054 93
1100 2015 1201 2045 alidis
1218 2013 1285 2045 cod.
1305 2013 1355 2053 (cf.
1376 2024 1403 2043 υ.
1423 2013 1480 2051 24)
1584 2022 1626 2051 94

293 2065 361 2094 illic
378 2063 443 2094 cod.
464 2064 498 2101 [i.
513 2074 537 2094 e.
558 2065 600 2093 -ῖς
612 2065 637 2099 2)
738 2062 771 2091 in
783 2061 841 2091 del.
854 2060 938 2090 Brt'x
1131 2068 1188 2088 101
1216 2062 1323 2088 mutet
1341 2057 1528 2097 Scioppzus:
1552 2065 1627 2087 cum

296 2112 403 2138 mutet
420 2106 484 2137 cod.
506 2107 559 2145 (ex
571 2107 683 2145 glossa
704 2115 849 2144 quocum
866 2107 967 2142 supra
988 2102 1044 2142 qui
1066 2102 1204 2142 scripta;
1230 2101 1266 2140 cf
1285 2111 1314 2132 v.
1332 2100 1389 2133 28)
1525 2108 1626 2137 102—7

290 2154 368 2192 post
393 2159 452 2189 125
476 2150 547 2180 hab.
575 2149 640 2180 cod.
665 2149 775 2189 <prius
792 2157 858 2178 om.
878 2149 1009 2186 propter
1032 2144 1214 2176 lzomoeotel.
1235 2145 1336 2179 -ium;
1370 2143 1401 2173 ii⁴
1422 2144 1453 2181 6,
1475 2153 1505 2182 p.
1530 2141 1628 2181 103):

1627 750 1676 786 90

1632 1076 1677 1117 95

1641 1406 1708 1433 100

1644 1724 1708 1760 105

296 2193 347 2224 hic
369 2193 509 2231 reposuit
524 2192 695 2223 Acidalius
844 2200 904 2220 102
929 2190 1028 2228 cupio
1054 2186 1171 2231 (fieri)
1188 2187 1321 2223 Sclzoell,
1341 2196 1421 2216 nam
1440 2197 1465 2217 c.
1486 2191 1521 2217 ut
1538 2186 1558 2217 i.
1576 2195 1631 2215 vtx

260 2248 269 2258 x
297 2237 495 2267 Plautinum
606 2236 748 2274 imperet
765 2233 829 2264 cod.
1001 2242 1062 2270 103
1086 2231 1187 2262 verbis
1203 2231 1235 2260 ni
1253 2230 1346 2260 illum
1372 2230 1487 2260 melius
1511 2230 1633 2260 resonet

299 2280 440 2312 nihilum
575 2289 634 2319 104
660 2290 691 2310 n.
712 2278 730 2309 i.
752 2289 779 2309 e.
803 2287 853 2317 sp.
872 2277 975 2307 Bothe
991 2294 1013 2305 l
1053 2275 1135 2316 sort.
1160 2284 1228 2305 non
1246 2274 1313 2305 ulla
1331 2273 1403 2313 (vii,
1421 2283 1453 2313 p.
1471 2274 1526 2314 99)
