1814 2723
174 93 302 131 111.ii
684 90 729 127 T.
765 88 945 128 MACCI
979 88 1182 125 PLAVTI

232 219 249 249 5
272 215 426 256 neruos,
450 209 621 247 catenas,
642 212 827 245 carceres,
851 199 1054 244 numellas,
1078 197 1248 247 pedicas,
1271 198 1396 245 boias,
1622 186 1690 268 {⁴5¹3

271 267 577 315 inductoresque
597 277 821 303 acerrumos
841 275 1061 312 gnarosque
1082 263 1204 301 nostri
1225 263 1332 314 tergi,

271 331 338 382 qui
359 345 475 381 saepe
496 337 588 368 ante
608 329 647 367 in
668 335 821 366 nostras
842 329 993 376 scaplas
1010 326 1209 366 cicatrices
1231 327 1469 375 indiderunt,
1485 353 1523 356 >—

271 411 340 436 eae
360 409 467 434 nunc
487 395 673 446 legiones,
696 391 835 443 copiae
856 391 1128 442 exercitusque
1149 406 1284 431 eorum

271 461 309 500 ui
330 461 558 511 pugnando,
581 457 753 509 peiiuriis
774 457 916 496 nostris
938 458 1052 507 fugae
1072 457 1197 507 potiti.
1623 477 1686 514 555

215 544 251 565 10
271 526 311 565 id
332 526 475 564 uirtute
495 524 625 563 huiius
647 521 809 572 collegai
832 535 999 571 meaque
1020 521 1206 560 comitate

272 593 465 630 factumst.
525 589 591 639 qui
613 595 713 627 mest
729 587 788 626 uir
808 586 942 625 fortior
962 588 1012 625 ad
1033 588 1277 625 sufferundas
1299 588 1462 637 plagas?

273 659 343 694 LE.
375 656 518 706 edepol
539 654 701 692 uirtutes
723 652 790 703 qui
812 660 897 690 tuas
918 665 998 690 non
1021 652 1146 702 possis
1168 654 1406 691 conlaudare

272 721 371 759 sicut
392 734 465 771 ego
486 718 646 770 possim,
669 731 771 768 quae
791 717 901 756 domi
922 716 1122 767 duellique
1143 719 1245 755 male
1266 717 1401 755 fecisti.

272 802 321 825 ne
342 787 407 824 illa
427 786 569 834 edepol
590 797 661 834 pro
682 782 822 822 merito
843 790 911 821 tuo
932 781 1140 821 memorari
1162 784 1285 820 multa
1307 790 1472 833 possunt
1490 798 1495 820 :
1624 789 1691 834 560

215 870 252 901 ¹5
273 852 340 891 ubi
362 853 549 890 fidentem
570 848 822 896 fraudaueris,
846 848 914 886 ubi
936 862 1002 887 ero
1023 848 1192 887 infidelis
1213 848 1341 896 fueris,

273 917 340 956 ubi
362 916 492 956 uerbis
512 914 715 965 conceptis
736 914 864 952 sciens
885 914 1067 952 lubenter
1087 913 1294 963 peiieraris,

273 982 341 1021 ubi
361 981 527 1032 parietes
548 978 774 1030 perfoderis,
800 978 839 1016 in
860 979 963 1016 furto
984 978 1051 1016 ubi
1073 977 1124 1016 sis
1146 979 1373 1028 prehensus,

274 1047 341 1086 ubi
362 1059 478 1096 saepe
499 1058 679 1084 caussam
699 1043 841 1082 dixeris
862 1044 1041 1094 pendens
1061 1044 1253 1081 aduorsus
1274 1050 1365 1082 octo

273 1120 432 1160 artutos,
455 1111 616 1151 audacis
637 1110 754 1157 uiros,
775 1109 941 1148 ualentis
958 1109 1180 1160 uirgatores.
1626 1111 1690 1155 565

215 1197 255 1220 20
276 1181 335 1217 Ll.
367 1180 490 1217 fateor
509 1178 687 1228 profecto
708 1183 750 1214 ut
770 1174 984 1225 praedicas,
1010 1174 1199 1222 Leonida,
1222 1188 1307 1213 esse
1329 1189 1444 1222 uera,

275 1257 411 1283 uerum
451 1243 594 1292 edepol
633 1255 683 1279 ne
735 1240 852 1279 etiam
907 1247 974 1278 tua
1026 1253 1186 1290 quoque
1232 1241 1437 1278 malefacta
1480 1238 1604 1278 iterari

1485 1306 1607 1343 multa

275 1382 313 1413 et
334 1387 428 1413 uero
448 1380 637 1423 possunt:
667 1371 735 1410 ubi
756 1370 883 1410 sciens
904 1370 1011 1410 fideli
1032 1370 1176 1410 infidus
1197 1370 1326 1417 fueris,

275 1440 343 1479 ubi
363 1452 527 1491 prensus
549 1438 589 1476 in
609 1439 712 1476 furto
733 1437 808 1476 sies
829 1438 1053 1475 manufesto
1073 1444 1112 1475 et
1132 1437 1371 1483 uerberatus,

275 1505 343 1543 ubi
364 1503 572 1555 peiieraris,
594 1502 663 1541 ubi
684 1516 795 1541 sacro
816 1515 956 1540 manus
977 1501 1028 1540 sis
1048 1501 1274 1549 admolitus,
1601 1548 1603 1551 ι
1627 1499 1695 1536 570

217 1583 254 1616 25
275 1570 342 1608 ubi
363 1569 437 1608 eris
457 1570 615 1616 damno,
639 1567 842 1605 molestiae
863 1574 901 1605 et
921 1566 1107 1605 dedecori
1125 1580 1242 1617 saepe
1262 1566 1390 1613 fueris,

275 1635 343 1673 ubi
364 1634 557 1673 creditum
578 1634 686 1683 quod
707 1632 755 1670 sit
776 1631 846 1670 tibi
867 1633 1004 1670 datum
1025 1617 1110 1670 esse
1131 1631 1363 1682 pernegaris,

276 1699 344 1738 ubi
364 1699 514 1737 amicae
534 1698 654 1748 quam
674 1697 803 1735 amico
824 1704 893 1735 tuo
913 1696 1031 1735 fueris
1052 1697 1175 1747 magis
1200 1696 1337 1743 fidelis,

276 1764 343 1802 ubi
364 1777 481 1814 saepe
500 1765 551 1802 ad
571 1765 800 1813 languorem
821 1770 888 1800 tua
908 1762 1050 1801 duritia
1071 1761 1226 1801 dederis
1248 1769 1339 1800 octo

275 1829 427 1868 ualidos
448 1828 613 1875 lictores,
636 1827 777 1866 ulmeis
796 1829 974 1867 adfectos
996 1827 1110 1866 lentis
1131 1827 1259 1877 uirgis.
1628 1825 1692 1862 575

215 1911 256 1941 30
275 1908 369 1932 num
391 1895 492 1932 male
513 1895 632 1932 relata
652 1901 709 1932 est
729 1892 861 1943 gratia,
885 1900 927 1931 ut
948 1894 1139 1943 collegam
1160 1891 1413 1930 collaudaui?

276 1961 346 1997 LE.
378 1966 420 1996 ut
441 1972 584 2009 meque
604 1966 722 2008 teque
743 1971 926 1996 maxume
946 1965 1065 2007 atque
1086 1956 1245 2008 ingenio
1266 1964 1401 1995 nostro
1421 1955 1563 1995 decuit.

318 2072 393 2102 549,
405 2072 469 2102 550
486 2073 656 2094 carcerem
673 2062 761 2094 codd.
781 2062 885 2092 Nonii
901 2072 960 2100 144
1052 2071 1112 2101 551
1134 2063 1394 2100 indoctoresque
1410 2060 1474 2091 cod.
1521 2061 1602 2100 sort.

275 2106 387 2137 indict.
409 2132 415 2138 .
433 2131 440 2138 .
462 2129 470 2137 .
488 2107 545 2137 cic.
568 2108 767 2137 indixerunt
874 2115 936 2145 552
961 2105 1026 2136 secl.
1046 2106 1149 2136 Bothe
1234 2106 1365 2146 scaplas
1384 2104 1509 2144 (-pulas
1525 2104 1606 2141 cod.)

273 2149 328 2181 vir
343 2150 546 2181 Plautinum
649 2154 725 2192 post
739 2159 803 2190 552
823 2148 978 2190 (quidam
995 2148 1094 2179 etiam
1108 2152 1184 2188 post
1197 2150 1277 2191 547>
1296 2150 1454 2180 lacunam
1470 2150 1605 2190 sygnant

273 2192 342 2224 edd.
411 2203 474 2232 554
492 2204 607 2224 eorum
624 2194 837 2224 Camerarius
855 2205 863 2224 t
887 2193 995 2223 forum
1008 2193 1073 2224 cod.
1088 2193 1132 2232 (F
1145 2199 1205 2234 pro
1218 2194 1260 2229 Ε)
1330 2202 1393 2232 555
1411 2192 1511 2231 fugae
1521 2192 1607 2223 Bue-

242 2238 250 2248 ⁸
274 2237 391 2269 cheler:
418 2248 526 2276 eugae
542 2237 607 2268 cod.
630 2238 673 2277 (E
688 2243 747 2277 pro
766 2237 806 2278 F)
928 2246 990 2276 557
1016 2247 1068 2267 me
1086 2237 1139 2267 uir
1156 2237 1176 2268 f.
1194 2242 1245 2267 est
1263 2236 1328 2268 cod.
1418 2237 1482 2274 558
1505 2236 1561 2275 qui
1572 2246 1603 2266 u.

277 2280 383 2319 Goetz,
403 2281 515 2311 Loewe
576 2291 643 2311 non
664 2280 782 2311 Gertz:
807 2290 896 2310 nunc
910 2280 1049 2321 codu(cf
1068 2280 1114 2310 ad
1127 2282 1206 2319 560)
1299 2282 1364 2318 560
1381 2284 1439 2310 tuo
1453 2279 1607 2310 Gm‘etus:

275 2335 366 2356 nunc
383 2329 440 2355 tuo
455 2323 521 2355 cod.
630 2326 693 2363 563
719 2324 857 2364 parietis
875 2324 940 2355 cod.
1032 2325 1095 2363 565
1120 2328 1250 2355 astutos
1278 2323 1357 2353 PBD
1378 2326 1424 2363 <st
1445 2327 1507 2362 pro
1534 2323 1578 2363 rt)
1599 2334 1607 2353 ε

275 2369 396 2399 artitos
418 2367 448 2398 T
573 2369 636 2406 567
662 2378 705 2398 ne
731 2367 965 2398 Camemrius:
998 2367 1032 2397 ni
1050 2366 1139 2398 cod.:
1163 2367 1219 2398 vix
1235 2366 1279 2397 mi
1414 2367 1479 2405 569
1506 2376 1547 2397 m.
1573 2370 1607 2396 et

275 2412 439 2453 Scaliger:
457 2415 491 2442 et
507 2421 548 2442 m.
567 2410 632 2442 cod.
766 2420 825 2450 571
846 2411 967 2442 damno
983 2408 1062 2453 (et)
1078 2410 1190 2451 Bothe,
1210 2421 1291 2442 nam
1309 2410 1432 2442 damno
1449 2409 1589 2450 dusplz'cet
