<?xml version="1.0" encoding="UTF-8"?>
<!DOCTYPE html PUBLIC "-//W3C//DTD XHTML 1.0 Transitional//EN"
    "http://www.w3.org/TR/xhtml1/DTD/xhtml1-transitional.dtd">
<html xmlns="http://www.w3.org/1999/xhtml" xml:lang="en" lang="en">
 <head>
  <title>
</title>
<meta http-equiv="Content-Type" content="text/html;charset=utf-8" />
  <meta name='ocr-system' content='tesseract 3.04.00' />
  <meta name='ocr-capabilities' content='ocr_page ocr_carea ocr_par ocr_line ocrx_word'/>
</head>
<body>
  <div class='ocr_page' id='page_1' title='image "./tmacciplauticomo01plauuoft_0188.png"; bbox 0 0 1814 2723; ppageno 0'>
   <div class='ocr_carea' id='block_1_1' title="bbox 190 54 1192 93">
    <p class='ocr_par' dir='ltr' id='par_1_1' title="bbox 190 54 1192 93">
     <span class='ocr_line' id='line_1_1' title="bbox 190 54 1192 93; baseline 0.001 -3"><span class='ocrx_word' id='word_1_1' title='bbox 190 56 257 91; x_wconf 90' lang='lat' dir='ltr'>IV.</span> <span class='ocrx_word' id='word_1_2' title='bbox 279 54 308 90; x_wconf 92' lang='lat' dir='ltr'>ii</span> <span class='ocrx_word' id='word_1_3' title='bbox 699 56 745 92; x_wconf 90' lang='lat' dir='ltr'>T.</span> <span class='ocrx_word' id='word_1_4' title='bbox 778 55 956 93; x_wconf 85' lang='lat' dir='ltr'><strong>MACCI</strong></span> <span class='ocrx_word' id='word_1_5' title='bbox 990 55 1192 92; x_wconf 89' lang='lat' dir='ltr'><strong>PLAVTI</strong></span> 
     </span>
    </p>
   </div>
   <div class='ocr_carea' id='block_1_2' title="bbox 220 165 1693 996">
    <p class='ocr_par' dir='ltr' id='par_1_2' title="bbox 279 165 1693 281">
     <span class='ocr_line' id='line_1_2' title="bbox 281 165 1693 216; baseline 0 -12"><span class='ocrx_word' id='word_1_6' title='bbox 281 168 337 204; x_wconf 85' lang='lat' dir='ltr'>P1.</span> <span class='ocrx_word' id='word_1_7' title='bbox 371 166 466 216; x_wconf 86' lang='lat' dir='ltr'>quid</span> <span class='ocrx_word' id='word_1_8' title='bbox 486 166 541 204; x_wconf 90' lang='lat' dir='ltr'>ais</span> <span class='ocrx_word' id='word_1_9' title='bbox 562 168 634 204; x_wconf 87' lang='lat' dir='ltr'>tu?</span> <span class='ocrx_word' id='word_1_10' title='bbox 691 168 760 203; x_wconf 86' lang='lat' dir='ltr'>PA.</span> <span class='ocrx_word' id='word_1_11' title='bbox 792 178 865 215; x_wconf 85' lang='lat' dir='ltr'>ego</span> <span class='ocrx_word' id='word_1_12' title='bbox 885 165 985 203; x_wconf 89' lang='lat' dir='ltr'>istuc</span> <span class='ocrx_word' id='word_1_13' title='bbox 1005 165 1058 203; x_wconf 89' lang='lat' dir='ltr'>illi</span> <span class='ocrx_word' id='word_1_14' title='bbox 1079 165 1219 204; x_wconf 88' lang='lat' dir='ltr'>dicam.</span> <span class='ocrx_word' id='word_1_15' title='bbox 1280 168 1336 204; x_wconf 89' lang='lat' dir='ltr'>P1.</span> <span class='ocrx_word' id='word_1_16' title='bbox 1370 166 1434 205; x_wconf 89' lang='lat' dir='ltr'>dic</span> <span class='ocrx_word' id='word_1_17' title='bbox 1455 166 1561 213; x_wconf 88' lang='lat' dir='ltr'>mihi,</span> <span class='ocrx_word' id='word_1_18' title='bbox 1623 170 1693 204; x_wconf 87' lang='lat'>600</span> 
     </span>
     <span class='ocr_line' id='line_1_3' title="bbox 279 230 1428 281; baseline 0 -12"><span class='ocrx_word' id='word_1_19' title='bbox 279 230 365 281; x_wconf 89' lang='lat' dir='ltr'>quis</span> <span class='ocrx_word' id='word_1_20' title='bbox 386 239 428 269; x_wconf 89' lang='lat' dir='ltr'>tu</span> <span class='ocrx_word' id='word_1_21' title='bbox 449 233 519 269; x_wconf 87' lang='lat' dir='ltr'>es?</span> <span class='ocrx_word' id='word_1_22' title='bbox 576 233 645 268; x_wconf 82' lang='lat' dir='ltr'>PA.</span> <span class='ocrx_word' id='word_1_23' title='bbox 678 230 780 268; x_wconf 91' lang='lat' dir='ltr'>illius</span> <span class='ocrx_word' id='word_1_24' title='bbox 801 243 888 268; x_wconf 90' lang='lat' dir='ltr'>sum</span> <span class='ocrx_word' id='word_1_25' title='bbox 909 230 1222 280; x_wconf 79' lang='lat' dir='ltr'>integumentum</span> <span class='ocrx_word' id='word_1_26' title='bbox 1243 230 1428 281; x_wconf 90' lang='lat' dir='ltr'>corporis.</span> 
     </span>
    </p>

    <p class='ocr_par' dir='ltr' id='par_1_3' title="bbox 221 295 1607 346">
     <span class='ocr_line' id='line_1_4' title="bbox 221 295 1607 346; baseline -0.001 -10"><span class='ocrx_word' id='word_1_27' title='bbox 221 314 260 336; x_wconf 83' lang='lat'>20</span> <span class='ocrx_word' id='word_1_28' title='bbox 280 298 337 334; x_wconf 89' lang='lat' dir='ltr'>P1.</span> <span class='ocrx_word' id='word_1_29' title='bbox 379 310 550 346; x_wconf 79' lang='lat' dir='ltr'>nequam</span> <span class='ocrx_word' id='word_1_30' title='bbox 590 309 675 334; x_wconf 90' lang='lat' dir='ltr'>esse</span> <span class='ocrx_word' id='word_1_31' title='bbox 721 304 875 344; x_wconf 89' lang='lat' dir='ltr'>oportet</span> <span class='ocrx_word' id='word_1_32' title='bbox 921 295 984 334; x_wconf 90' lang='lat' dir='ltr'>cui</span> <span class='ocrx_word' id='word_1_33' title='bbox 1035 303 1076 334; x_wconf 88' lang='lat' dir='ltr'>tu</span> <span class='ocrx_word' id='word_1_34' title='bbox 1134 295 1448 346; x_wconf 82' lang='lat' dir='ltr'>integumentum</span> <span class='ocrx_word' id='word_1_35' title='bbox 1480 296 1607 346; x_wconf 89' lang='lat' dir='ltr'>inpro-</span> 
     </span>
    </p>

    <p class='ocr_par' dir='ltr' id='par_1_4' title="bbox 1512 364 1605 402">
     <span class='ocr_line' id='line_1_5' title="bbox 1512 364 1605 402; baseline 0.011 -1"><span class='ocrx_word' id='word_1_36' title='bbox 1512 364 1605 402; x_wconf 85' lang='lat' dir='ltr'>bu&#39;S.</span> 
     </span>
    </p>

    <p class='ocr_par' dir='ltr' id='par_1_5' title="bbox 278 424 1688 673">
     <span class='ocr_line' id='line_1_6' title="bbox 279 424 1464 476; baseline -0.002 -11"><span class='ocrx_word' id='word_1_37' title='bbox 279 430 347 465; x_wconf 82' lang='grc' dir='ltr'>ΡΑ.</span> <span class='ocrx_word' id='word_1_38' title='bbox 381 428 555 465; x_wconf 84' lang='lat' dir='ltr'>sufflatus</span> <span class='ocrx_word' id='word_1_39' title='bbox 576 426 639 463; x_wconf 93' lang='lat' dir='ltr'>ille</span> <span class='ocrx_word' id='word_1_40' title='bbox 659 426 738 463; x_wconf 90' lang='lat' dir='ltr'>huc</span> <span class='ocrx_word' id='word_1_41' title='bbox 759 424 900 463; x_wconf 89' lang='lat' dir='ltr'>ueniet.</span> <span class='ocrx_word' id='word_1_42' title='bbox 962 427 1019 463; x_wconf 88' lang='lat' dir='ltr'>P1.</span> <span class='ocrx_word' id='word_1_43' title='bbox 1051 425 1312 476; x_wconf 86' lang='lat' dir='ltr'>dirrumptum</span> <span class='ocrx_word' id='word_1_44' title='bbox 1335 425 1464 464; x_wconf 88' lang='lat' dir='ltr'>uelim.</span> 
     </span>
     <span class='ocr_line' id='line_1_7' title="bbox 279 490 1485 541; baseline -0.002 -11"><span class='ocrx_word' id='word_1_45' title='bbox 279 495 346 530; x_wconf 86' lang='lat' dir='ltr'>PA.</span> <span class='ocrx_word' id='word_1_46' title='bbox 380 491 574 541; x_wconf 86' lang='lat' dir='ltr'>numquid</span> <span class='ocrx_word' id='word_1_47' title='bbox 595 490 684 528; x_wconf 90' lang='lat' dir='ltr'>uis?</span> <span class='ocrx_word' id='word_1_48' title='bbox 741 492 799 528; x_wconf 88' lang='lat' dir='ltr'>P1.</span> <span class='ocrx_word' id='word_1_49' title='bbox 831 490 962 528; x_wconf 81' lang='lat' dir='ltr'>abeas.</span> <span class='ocrx_word' id='word_1_50' title='bbox 1019 490 1194 529; x_wconf 82' lang='lat' dir='ltr'>celeriter</span> <span class='ocrx_word' id='word_1_51' title='bbox 1214 492 1355 529; x_wconf 85' lang='lat' dir='ltr'>factost</span> <span class='ocrx_word' id='word_1_52' title='bbox 1375 504 1485 540; x_wconf 88' lang='lat' dir='ltr'>opus.</span> 
     </span>
     <span class='ocr_line' id='line_1_8' title="bbox 279 554 1688 605; baseline -0.001 -10"><span class='ocrx_word' id='word_1_53' title='bbox 279 560 346 595; x_wconf 88' lang='lat' dir='ltr'>PA.</span> <span class='ocrx_word' id='word_1_54' title='bbox 380 558 477 603; x_wconf 82' lang='lat' dir='ltr'>uale,</span> <span class='ocrx_word' id='word_1_55' title='bbox 501 554 961 604; x_wconf 80' lang='lat' dir='ltr'>dentifrangibule.——P1.</span> <span class='ocrx_word' id='word_1_56' title='bbox 994 562 1032 592; x_wconf 92' lang='lat' dir='ltr'>et</span> <span class='ocrx_word' id='word_1_57' title='bbox 1052 562 1104 601; x_wconf 91' lang='lat' dir='ltr'>tu,</span> <span class='ocrx_word' id='word_1_58' title='bbox 1128 555 1455 605; x_wconf 85' lang='lat' dir='ltr'>integumentum,</span> <span class='ocrx_word' id='word_1_59' title='bbox 1477 556 1575 594; x_wconf 84' lang='lat' dir='ltr'>uale.</span> <span class='ocrx_word' id='word_1_60' title='bbox 1623 560 1688 604; x_wconf 87' lang='lat'>605</span> 
     </span>
     <span class='ocr_line' id='line_1_9' title="bbox 278 618 1467 673; baseline -0.002 -13"><span class='ocrx_word' id='word_1_61' title='bbox 278 623 317 660; x_wconf 89' lang='lat' dir='ltr'>in</span> <span class='ocrx_word' id='word_1_62' title='bbox 339 636 429 660; x_wconf 93' lang='lat' dir='ltr'>eum</span> <span class='ocrx_word' id='word_1_63' title='bbox 452 618 591 673; x_wconf 85' lang='lat' dir='ltr'>[nunc]</span> <span class='ocrx_word' id='word_1_64' title='bbox 613 621 711 658; x_wconf 83' lang='lat' dir='ltr'>haec</span> <span class='ocrx_word' id='word_1_65' title='bbox 731 619 881 658; x_wconf 88' lang='lat' dir='ltr'>reuenit</span> <span class='ocrx_word' id='word_1_66' title='bbox 903 633 962 657; x_wconf 92' lang='lat' dir='ltr'>res</span> <span class='ocrx_word' id='word_1_67' title='bbox 983 621 1126 667; x_wconf 86' lang='lat' dir='ltr'>locum,</span> <span class='ocrx_word' id='word_1_68' title='bbox 1149 628 1192 658; x_wconf 90' lang='lat' dir='ltr'>ut</span> <span class='ocrx_word' id='word_1_69' title='bbox 1211 620 1307 670; x_wconf 87' lang='lat' dir='ltr'>quid</span> <span class='ocrx_word' id='word_1_70' title='bbox 1328 620 1467 659; x_wconf 90' lang='lat' dir='ltr'>consili</span> 
     </span>
    </p>

    <p class='ocr_par' dir='ltr' id='par_1_6' title="bbox 220 684 1690 996">
     <span class='ocr_line' id='line_1_10' title="bbox 220 684 1120 734; baseline -0.004 -8"><span class='ocrx_word' id='word_1_71' title='bbox 220 702 258 733; x_wconf 88' lang='lat'>25</span> <span class='ocrx_word' id='word_1_72' title='bbox 278 690 368 726; x_wconf 87' lang='lat' dir='ltr'>dem</span> <span class='ocrx_word' id='word_1_73' title='bbox 391 700 480 724; x_wconf 90' lang='lat' dir='ltr'>meo</span> <span class='ocrx_word' id='word_1_74' title='bbox 501 684 625 724; x_wconf 88' lang='lat' dir='ltr'>sodali</span> <span class='ocrx_word' id='word_1_75' title='bbox 647 698 762 734; x_wconf 89' lang='lat' dir='ltr'>super</span> <span class='ocrx_word' id='word_1_76' title='bbox 782 684 909 722; x_wconf 84' lang='lat' dir='ltr'>amica</span> <span class='ocrx_word' id='word_1_77' title='bbox 936 684 1120 732; x_wconf 81' lang='lat' dir='ltr'>nesciam,</span> 
     </span>
     <span class='ocr_line' id='line_1_11' title="bbox 277 750 1198 804; baseline -0.003 -13"><span class='ocrx_word' id='word_1_78' title='bbox 277 754 344 804; x_wconf 90' lang='lat' dir='ltr'>qui</span> <span class='ocrx_word' id='word_1_79' title='bbox 364 753 482 791; x_wconf 85' lang='lat' dir='ltr'>iratus</span> <span class='ocrx_word' id='word_1_80' title='bbox 503 750 767 790; x_wconf 88' lang='lat' dir='ltr'>renumerauit</span> <span class='ocrx_word' id='word_1_81' title='bbox 788 765 906 789; x_wconf 86' lang='lat' dir='ltr'>omne</span> <span class='ocrx_word' id='word_1_82' title='bbox 927 764 1064 788; x_wconf 92' lang='lat' dir='ltr'>aurum</span> <span class='ocrx_word' id='word_1_83' title='bbox 1086 750 1198 801; x_wconf 84' lang='lat' dir='ltr'>patri,</span> 
     </span>
     <span class='ocr_line' id='line_1_12' title="bbox 275 815 1186 869; baseline -0.004 -12"><span class='ocrx_word' id='word_1_84' title='bbox 275 832 404 869; x_wconf 88' lang='lat' dir='ltr'>neque</span> <span class='ocrx_word' id='word_1_85' title='bbox 424 830 610 855; x_wconf 89' lang='lat' dir='ltr'>nummus</span> <span class='ocrx_word' id='word_1_86' title='bbox 631 818 750 854; x_wconf 86' lang='lat' dir='ltr'>ullust</span> <span class='ocrx_word' id='word_1_87' title='bbox 770 816 837 866; x_wconf 91' lang='lat' dir='ltr'>qui</span> <span class='ocrx_word' id='word_1_88' title='bbox 857 817 1043 854; x_wconf 87' lang='lat' dir='ltr'>reddatur</span> <span class='ocrx_word' id='word_1_89' title='bbox 1063 815 1186 853; x_wconf 90' lang='lat' dir='ltr'>militi.</span> 
     </span>
     <span class='ocr_line' id='line_1_13' title="bbox 276 882 1690 930; baseline -0.003 -8"><span class='ocrx_word' id='word_1_90' title='bbox 276 886 344 923; x_wconf 90' lang='lat' dir='ltr'>sed</span> <span class='ocrx_word' id='word_1_91' title='bbox 365 885 443 921; x_wconf 84' lang='lat' dir='ltr'>huc</span> <span class='ocrx_word' id='word_1_92' title='bbox 463 883 694 928; x_wconf 81' lang='lat' dir='ltr'>concedam,</span> <span class='ocrx_word' id='word_1_93' title='bbox 717 895 808 919; x_wconf 87' lang='lat' dir='ltr'>nam</span> <span class='ocrx_word' id='word_1_94' title='bbox 830 889 1144 930; x_wconf 88' lang='lat' dir='ltr'>concrepuerunt</span> <span class='ocrx_word' id='word_1_95' title='bbox 1164 882 1275 919; x_wconf 87' lang='lat' dir='ltr'>fores.</span> <span class='ocrx_word' id='word_1_96' title='bbox 1620 884 1690 919; x_wconf 88' lang='lat'>610</span> 
     </span>
     <span class='ocr_line' id='line_1_14' title="bbox 278 943 1307 996; baseline -0.003 -8"><span class='ocrx_word' id='word_1_97' title='bbox 278 948 550 988; x_wconf 87' lang='lat' dir='ltr'>Mnesilochus</span> <span class='ocrx_word' id='word_1_98' title='bbox 571 960 709 985; x_wconf 89' lang='lat' dir='ltr'>eccum</span> <span class='ocrx_word' id='word_1_99' title='bbox 731 954 901 984; x_wconf 85' lang='lat' dir='ltr'>maestus</span> <span class='ocrx_word' id='word_1_100' title='bbox 922 946 1167 996; x_wconf 85' lang='lat' dir='ltr'>progreditur</span> <span class='ocrx_word' id='word_1_101' title='bbox 1186 943 1307 985; x_wconf 53' lang='lat' dir='ltr'>foras]</span> 
     </span>
    </p>
   </div>
   <div class='ocr_carea' id='block_1_3' title="bbox 214 1059 1399 1100">
    <p class='ocr_par' dir='ltr' id='par_1_7' title="bbox 214 1059 1399 1100">
     <span class='ocr_line' id='line_1_15' title="bbox 214 1059 1399 1100; baseline 0 -4"><span class='ocrx_word' id='word_1_102' title='bbox 214 1063 259 1100; x_wconf 88' lang='grc'>111</span> <span class='ocrx_word' id='word_1_103' title='bbox 486 1060 897 1096; x_wconf 74' lang='lat' dir='ltr'>MNEleocflvs</span> <span class='ocrx_word' id='word_1_104' title='bbox 1010 1059 1399 1097; x_wconf 72' lang='lat' dir='ltr'>P1STOCLERvs</span> 
     </span>
    </p>
   </div>
   <div class='ocr_carea' id='block_1_4' title="bbox 217 1138 1710 2104">
    <p class='ocr_par' dir='ltr' id='par_1_8' title="bbox 217 1138 1710 2104">
     <span class='ocr_line' id='line_1_16' title="bbox 279 1138 1605 1190; baseline -0.001 -11"><span class='ocrx_word' id='word_1_105' title='bbox 279 1143 365 1179; x_wconf 86' lang='lat' dir='ltr'>MN.</span> <span class='ocrx_word' id='word_1_106' title='bbox 401 1142 598 1187; x_wconf 79' lang='lat' dir='ltr'>Petulans,</span> <span class='ocrx_word' id='word_1_107' title='bbox 619 1146 816 1189; x_wconf 86' lang='lat' dir='ltr'>proteruo‚</span> <span class='ocrx_word' id='word_1_108' title='bbox 837 1139 1027 1177; x_wconf 86' lang='lat' dir='ltr'>iracundo</span> <span class='ocrx_word' id='word_1_109' title='bbox 1051 1138 1198 1187; x_wconf 72' lang='lat' dir='ltr'>animo,</span> <span class='ocrx_word' id='word_1_110' title='bbox 1225 1138 1432 1186; x_wconf 91' lang='lat' dir='ltr'>indomito,</span> <span class='ocrx_word' id='word_1_111' title='bbox 1461 1139 1605 1190; x_wconf 88' lang='lat' dir='ltr'>incogi-</span> 
     </span>
     <span class='ocr_line' id='line_1_17' title="bbox 1508 1212 1603 1253; baseline 0.021 -11"><span class='ocrx_word' id='word_1_112' title='bbox 1508 1212 1603 1253; x_wconf 82' lang='lat' dir='ltr'>tato,</span> 
     </span>
     <span class='ocr_line' id='line_1_18' title="bbox 274 1268 1549 1318; baseline -0.002 -8"><span class='ocrx_word' id='word_1_113' title='bbox 274 1271 357 1310; x_wconf 86' lang='lat' dir='ltr'>sine</span> <span class='ocrx_word' id='word_1_114' title='bbox 378 1272 499 1310; x_wconf 89' lang='lat' dir='ltr'>modo</span> <span class='ocrx_word' id='word_1_115' title='bbox 520 1278 558 1309; x_wconf 92' lang='lat' dir='ltr'>et</span> <span class='ocrx_word' id='word_1_116' title='bbox 578 1269 773 1309; x_wconf 87' lang='lat' dir='ltr'>modestia</span> <span class='ocrx_word' id='word_1_117' title='bbox 793 1283 891 1316; x_wconf 83' lang='lat' dir='ltr'>sum,</span> <span class='ocrx_word' id='word_1_118' title='bbox 914 1269 997 1307; x_wconf 86' lang='lat' dir='ltr'>sine</span> <span class='ocrx_word' id='word_1_119' title='bbox 1019 1269 1126 1307; x_wconf 90' lang='lat' dir='ltr'>bono</span> <span class='ocrx_word' id='word_1_120' title='bbox 1147 1268 1229 1307; x_wconf 90' lang='lat' dir='ltr'>iure</span> <span class='ocrx_word' id='word_1_121' title='bbox 1248 1276 1367 1318; x_wconf 81' lang='lat' dir='ltr'>atque</span> <span class='ocrx_word' id='word_1_122' title='bbox 1387 1270 1549 1317; x_wconf 89' lang='lat' dir='ltr'>honore,</span> 
     </span>
     <span class='ocr_line' id='line_1_19' title="bbox 274 1333 1687 1386; baseline -0.001 -11"><span class='ocrx_word' id='word_1_123' title='bbox 274 1335 514 1375; x_wconf 87' lang='lat' dir='ltr'>incredibilis</span> <span class='ocrx_word' id='word_1_124' title='bbox 534 1335 729 1386; x_wconf 89' lang='lat' dir='ltr'>inposque</span> <span class='ocrx_word' id='word_1_125' title='bbox 749 1334 881 1381; x_wconf 86' lang='lat' dir='ltr'>animi,</span> <span class='ocrx_word' id='word_1_126' title='bbox 905 1333 1137 1380; x_wconf 81' lang='lat' dir='ltr'>inamabilis,</span> <span class='ocrx_word' id='word_1_127' title='bbox 1161 1333 1358 1383; x_wconf 85' lang='lat' dir='ltr'>inlepidus</span> <span class='ocrx_word' id='word_1_128' title='bbox 1378 1334 1484 1381; x_wconf 89' lang='lat' dir='ltr'>uiuo,</span> <span class='ocrx_word' id='word_1_129' title='bbox 1621 1341 1687 1384; x_wconf 85' lang='lat'>615</span> 
     </span>
     <span class='ocr_line' id='line_1_20' title="bbox 275 1398 1710 1450; baseline -0.001 -10"><span class='ocrx_word' id='word_1_130' title='bbox 275 1402 537 1440; x_wconf 87' lang='lat' dir='ltr'>maleuolente</span> <span class='ocrx_word' id='word_1_131' title='bbox 558 1400 716 1450; x_wconf 85' lang='lat' dir='ltr'>ingenio</span> <span class='ocrx_word' id='word_1_132' title='bbox 737 1407 862 1437; x_wconf 87' lang='lat' dir='ltr'>natus.</span> <span class='ocrx_word' id='word_1_133' title='bbox 915 1406 1115 1449; x_wconf 89' lang='lat' dir='ltr'>postremo</span> <span class='ocrx_word' id='word_1_134' title='bbox 1136 1398 1177 1437; x_wconf 86' lang='lat' dir='ltr'>id</span> <span class='ocrx_word' id='word_1_135' title='bbox 1190 1398 1286 1436; x_wconf 85' lang='lat' dir='ltr'>mihi</span> <span class='ocrx_word' id='word_1_136' title='bbox 1301 1406 1358 1437; x_wconf 89' lang='lat' dir='ltr'>est</span> <span class='ocrx_word' id='word_1_137' title='bbox 1378 1401 1486 1449; x_wconf 92' lang='lat' dir='ltr'>quod</span> <span class='ocrx_word' id='word_1_138' title='bbox 1508 1401 1601 1439; x_wconf 93' lang='lat' dir='ltr'>uolo</span> <span class='ocrx_word' id='word_1_139' title='bbox 1621 1405 1710 1448; x_wconf 46' lang='lat'>615*²</span> 
     </span>
     <span class='ocr_line' id='line_1_21' title="bbox 238 1464 1232 1520; baseline -0.004 -15"><span class='ocrx_word' id='word_1_140' title='bbox 238 1489 255 1520; x_wconf 84' lang='lat'>5</span> <span class='ocrx_word' id='word_1_141' title='bbox 490 1479 563 1516; x_wconf 90' lang='lat' dir='ltr'>ego</span> <span class='ocrx_word' id='word_1_142' title='bbox 583 1479 668 1504; x_wconf 87' lang='lat' dir='ltr'>esse</span> <span class='ocrx_word' id='word_1_143' title='bbox 687 1464 782 1503; x_wconf 89' lang='lat' dir='ltr'>aliis.</span> <span class='ocrx_word' id='word_1_144' title='bbox 841 1464 1028 1502; x_wconf 85' lang='lat' dir='ltr'>credibile</span> <span class='ocrx_word' id='word_1_145' title='bbox 1049 1465 1125 1502; x_wconf 89' lang='lat' dir='ltr'>hoc</span> <span class='ocrx_word' id='word_1_146' title='bbox 1146 1465 1232 1502; x_wconf 87' lang='lat' dir='ltr'>est?</span> 
     </span>
     <span class='ocr_line' id='line_1_22' title="bbox 381 1528 1710 1581; baseline -0.003 -12"><span class='ocrx_word' id='word_1_147' title='bbox 381 1531 547 1581; x_wconf 87' lang='lat' dir='ltr'>nequior</span> <span class='ocrx_word' id='word_1_148' title='bbox 566 1537 722 1568; x_wconf 81' lang='lat' dir='ltr'>nemost</span> <span class='ocrx_word' id='word_1_149' title='bbox 742 1542 871 1578; x_wconf 89' lang='lat' dir='ltr'>neque</span> <span class='ocrx_word' id='word_1_150' title='bbox 892 1528 1090 1578; x_wconf 83' lang='lat' dir='ltr'>indignior</span> <span class='ocrx_word' id='word_1_151' title='bbox 1109 1528 1202 1578; x_wconf 86' lang='lat' dir='ltr'>quoi</span> <span class='ocrx_word' id='word_1_152' title='bbox 1605 1531 1710 1566; x_wconf 54' lang='lat'>&#39;616³</span> 
     </span>
     <span class='ocr_line' id='line_1_23' title="bbox 380 1593 1228 1644; baseline -0.006 -8"><span class='ocrx_word' id='word_1_153' title='bbox 380 1597 421 1636; x_wconf 90' lang='lat' dir='ltr'>di</span> <span class='ocrx_word' id='word_1_154' title='bbox 443 1598 544 1635; x_wconf 91' lang='lat' dir='ltr'>bene</span> <span class='ocrx_word' id='word_1_155' title='bbox 564 1595 708 1634; x_wconf 81' lang='lat' dir='ltr'>fa‘ciant</span> <span class='ocrx_word' id='word_1_156' title='bbox 729 1608 858 1644; x_wconf 90' lang='lat' dir='ltr'>neque</span> <span class='ocrx_word' id='word_1_157' title='bbox 880 1607 998 1644; x_wconf 89' lang='lat' dir='ltr'>quem</span> <span class='ocrx_word' id='word_1_158' title='bbox 1020 1593 1228 1644; x_wconf 82' lang='lat' dir='ltr'>quisquam</span> 
     </span>
     <span class='ocr_line' id='line_1_24' title="bbox 433 1660 1001 1700; baseline -0.007 0"><span class='ocrx_word' id='word_1_159' title='bbox 433 1663 555 1700; x_wconf 90' lang='lat' dir='ltr'>homo</span> <span class='ocrx_word' id='word_1_160' title='bbox 578 1667 645 1699; x_wconf 89' lang='lat' dir='ltr'>aut</span> <span class='ocrx_word' id='word_1_161' title='bbox 665 1667 769 1698; x_wconf 90' lang='lat' dir='ltr'>amet</span> <span class='ocrx_word' id='word_1_162' title='bbox 789 1666 855 1697; x_wconf 87' lang='lat' dir='ltr'>aut</span> <span class='ocrx_word' id='word_1_163' title='bbox 875 1660 1001 1697; x_wconf 89' lang='lat' dir='ltr'>adeat.</span> 
     </span>
     <span class='ocr_line' id='line_1_25' title="bbox 327 1724 1336 1776; baseline -0.002 -11"><span class='ocrx_word' id='word_1_164' title='bbox 327 1727 507 1765; x_wconf 88' lang='lat' dir='ltr'>inimicos</span> <span class='ocrx_word' id='word_1_165' title='bbox 528 1739 646 1776; x_wconf 87' lang='lat' dir='ltr'>quam</span> <span class='ocrx_word' id='word_1_166' title='bbox 667 1724 815 1763; x_wconf 89' lang='lat' dir='ltr'>amicos</span> <span class='ocrx_word' id='word_1_167' title='bbox 837 1732 1045 1775; x_wconf 85' lang='lat' dir='ltr'>aequomst</span> <span class='ocrx_word' id='word_1_168' title='bbox 1067 1727 1159 1764; x_wconf 91' lang='lat' dir='ltr'>med</span> <span class='ocrx_word' id='word_1_169' title='bbox 1179 1725 1336 1771; x_wconf 84' lang='lat' dir='ltr'>habere,</span> 
     </span>
     <span class='ocr_line' id='line_1_26' title="bbox 217 1790 1691 1842; baseline -0.004 -10"><span class='ocrx_word' id='word_1_170' title='bbox 217 1811 256 1834; x_wconf 93' lang='lat'>10</span> <span class='ocrx_word' id='word_1_171' title='bbox 328 1794 451 1831; x_wconf 87' lang='lat' dir='ltr'>malos</span> <span class='ocrx_word' id='word_1_172' title='bbox 472 1805 591 1842; x_wconf 86' lang='lat' dir='ltr'>quam</span> <span class='ocrx_word' id='word_1_173' title='bbox 612 1791 739 1829; x_wconf 91' lang='lat' dir='ltr'>bonos</span> <span class='ocrx_word' id='word_1_174' title='bbox 759 1804 829 1841; x_wconf 86' lang='lat' dir='ltr'>par</span> <span class='ocrx_word' id='word_1_175' title='bbox 849 1790 972 1841; x_wconf 86' lang='lat' dir='ltr'>magis</span> <span class='ocrx_word' id='word_1_176' title='bbox 994 1805 1056 1829; x_wconf 90' lang='lat' dir='ltr'>me</span> <span class='ocrx_word' id='word_1_177' title='bbox 1076 1791 1220 1829; x_wconf 87' lang='lat' dir='ltr'>iuuare.</span> <span class='ocrx_word' id='word_1_178' title='bbox 1623 1790 1691 1826; x_wconf 84' lang='lat'>620</span> 
     </span>
     <span class='ocr_line' id='line_1_27' title="bbox 434 1855 1232 1906; baseline -0.001 -12"><span class='ocrx_word' id='word_1_179' title='bbox 434 1857 618 1895; x_wconf 88' lang='lat' dir='ltr'>omnibus</span> <span class='ocrx_word' id='word_1_180' title='bbox 639 1855 801 1906; x_wconf 84' lang='lat' dir='ltr'>probris,</span> <span class='ocrx_word' id='word_1_181' title='bbox 824 1870 925 1906; x_wconf 89' lang='lat' dir='ltr'>quae</span> <span class='ocrx_word' id='word_1_182' title='bbox 945 1855 1120 1906; x_wconf 88' lang='lat' dir='ltr'>inprobis</span> <span class='ocrx_word' id='word_1_183' title='bbox 1141 1855 1232 1893; x_wconf 91' lang='lat' dir='ltr'>uiris</span> 
     </span>
     <span class='ocr_line' id='line_1_28' title="bbox 325 1921 1138 1973; baseline -0.002 -11"><span class='ocrx_word' id='word_1_184' title='bbox 325 1923 443 1973; x_wconf 83' lang='lat' dir='ltr'>digna</span> <span class='ocrx_word' id='word_1_185' title='bbox 463 1930 564 1969; x_wconf 91' lang='lat' dir='ltr'>sunt,</span> <span class='ocrx_word' id='word_1_186' title='bbox 587 1921 742 1971; x_wconf 88' lang='lat' dir='ltr'>dignior</span> <span class='ocrx_word' id='word_1_187' title='bbox 762 1924 892 1960; x_wconf 91' lang='lat' dir='ltr'>nullus</span> <span class='ocrx_word' id='word_1_188' title='bbox 913 1929 971 1961; x_wconf 92' lang='lat' dir='ltr'>est</span> <span class='ocrx_word' id='word_1_189' title='bbox 991 1923 1113 1960; x_wconf 90' lang='lat' dir='ltr'>homo</span> <span class='ocrx_word' id='word_1_190' title='bbox 1129 1935 1138 1968; x_wconf 88' lang='lat'>;</span> 
     </span>
     <span class='ocr_line' id='line_1_29' title="bbox 379 1987 1201 2039; baseline -0.004 -13"><span class='ocrx_word' id='word_1_191' title='bbox 379 1989 444 2039; x_wconf 93' lang='lat' dir='ltr'>qui</span> <span class='ocrx_word' id='word_1_192' title='bbox 466 1988 562 2038; x_wconf 89' lang='lat' dir='ltr'>patri</span> <span class='ocrx_word' id='word_1_193' title='bbox 583 1987 737 2026; x_wconf 90' lang='lat' dir='ltr'>reddidi</span> <span class='ocrx_word' id='word_1_194' title='bbox 758 2001 877 2026; x_wconf 88' lang='lat' dir='ltr'>omne</span> <span class='ocrx_word' id='word_1_195' title='bbox 897 2000 1034 2025; x_wconf 88' lang='lat' dir='ltr'>aurum</span> <span class='ocrx_word' id='word_1_196' title='bbox 1053 1999 1201 2031; x_wconf 87' lang='lat' dir='ltr'>amans,</span> 
     </span>
     <span class='ocr_line' id='line_1_30' title="bbox 325 2049 1391 2104; baseline -0.005 -12"><span class='ocrx_word' id='word_1_197' title='bbox 325 2055 433 2104; x_wconf 91' lang='lat' dir='ltr'>quod</span> <span class='ocrx_word' id='word_1_198' title='bbox 456 2053 524 2091; x_wconf 82' lang='lat' dir='ltr'>fuit</span> <span class='ocrx_word' id='word_1_199' title='bbox 545 2066 636 2102; x_wconf 88' lang='lat' dir='ltr'>prae</span> <span class='ocrx_word' id='word_1_200' title='bbox 658 2066 788 2090; x_wconf 89' lang='lat' dir='ltr'>manu.</span> <span class='ocrx_word' id='word_1_201' title='bbox 850 2065 990 2089; x_wconf 90' lang='lat' dir='ltr'>sumne</span> <span class='ocrx_word' id='word_1_202' title='bbox 1010 2064 1083 2101; x_wconf 89' lang='lat' dir='ltr'>ego</span> <span class='ocrx_word' id='word_1_203' title='bbox 1103 2052 1225 2089; x_wconf 92' lang='lat' dir='ltr'>homo</span> <span class='ocrx_word' id='word_1_204' title='bbox 1246 2049 1391 2088; x_wconf 87' lang='lat' dir='ltr'>miser?</span> 
     </span>
    </p>
   </div>
   <div class='ocr_carea' id='block_1_5' title="bbox 252 2155 1603 2378">
    <p class='ocr_par' dir='ltr' id='par_1_9' title="bbox 252 2155 1603 2378">
     <span class='ocr_line' id='line_1_31' title="bbox 312 2155 1598 2200; baseline -0.006 -7"><span class='ocrx_word' id='word_1_205' title='bbox 312 2164 377 2193; x_wconf 84' lang='lat'>602</span> <span class='ocrx_word' id='word_1_206' title='bbox 402 2163 454 2192; x_wconf 83' lang='lat' dir='ltr'>cui</span> <span class='ocrx_word' id='word_1_207' title='bbox 472 2167 507 2192; x_wconf 87' lang='lat' dir='ltr'>tu</span> <span class='ocrx_word' id='word_1_208' title='bbox 524 2162 544 2192; x_wconf 87' lang='lat' dir='ltr'>i.</span> <span class='ocrx_word' id='word_1_209' title='bbox 564 2161 727 2200; x_wconf 84' lang='lat' dir='ltr'>inprobus</span> <span class='ocrx_word' id='word_1_210' title='bbox 743 2170 781 2190; x_wconf 86' lang='lat' dir='ltr'>es</span> <span class='ocrx_word' id='word_1_211' title='bbox 798 2158 875 2189; x_wconf 71' lang='grc' dir='ltr'>ΡΒΕ</span> <span class='ocrx_word' id='word_1_212' title='bbox 890 2160 971 2197; x_wconf 78' lang='lat' dir='ltr'>&lt;non</span> <span class='ocrx_word' id='word_1_213' title='bbox 988 2157 1052 2196; x_wconf 76' lang='grc' dir='ltr'>ΡΑ,</span> <span class='ocrx_word' id='word_1_214' title='bbox 1074 2160 1110 2186; x_wconf 79' lang='lat' dir='ltr'>nt</span> <span class='ocrx_word' id='word_1_215' title='bbox 1126 2155 1204 2194; x_wconf 68' lang='lat' dir='ltr'><em>vsd.)</em></span> <span class='ocrx_word' id='word_1_216' title='bbox 1219 2166 1225 2185; x_wconf 80' lang='lat' dir='ltr'>t</span> <span class='ocrx_word' id='word_1_217' title='bbox 1252 2155 1303 2185; x_wconf 82' lang='lat' dir='ltr'>cui</span> <span class='ocrx_word' id='word_1_218' title='bbox 1324 2160 1388 2185; x_wconf 81' lang='lat' dir='ltr'>tam</span> <span class='ocrx_word' id='word_1_219' title='bbox 1408 2155 1466 2186; x_wconf 82' lang='lat' dir='ltr'>int.</span> <span class='ocrx_word' id='word_1_220' title='bbox 1487 2155 1598 2193; x_wconf 84' lang='lat' dir='ltr'>inpro-</span> 
     </span>
     <span class='ocr_line' id='line_1_32' title="bbox 268 2198 1601 2242; baseline -0.007 -6"><span class='ocrx_word' id='word_1_221' title='bbox 268 2206 380 2236; x_wconf 87' lang='lat' dir='ltr'>bumst</span> <span class='ocrx_word' id='word_1_222' title='bbox 396 2205 497 2235; x_wconf 68' lang='lat' dir='ltr'>Bothe</span> <span class='ocrx_word' id='word_1_223' title='bbox 597 2206 661 2242; x_wconf 90' lang='lat'>604</span> <span class='ocrx_word' id='word_1_224' title='bbox 680 2213 770 2234; x_wconf 88' lang='lat' dir='ltr'>nunc</span> <span class='ocrx_word' id='word_1_225' title='bbox 787 2202 865 2241; x_wconf 88' lang='lat' dir='ltr'>quid</span> <span class='ocrx_word' id='word_1_226' title='bbox 882 2201 946 2232; x_wconf 89' lang='lat' dir='ltr'>cod.</span> <span class='ocrx_word' id='word_1_227' title='bbox 1054 2201 1119 2230; x_wconf 89' lang='lat'>606</span> <span class='ocrx_word' id='word_1_228' title='bbox 1143 2209 1231 2229; x_wconf 88' lang='lat' dir='ltr'>nunc</span> <span class='ocrx_word' id='word_1_229' title='bbox 1249 2198 1307 2229; x_wconf 80' lang='lat' dir='ltr'>del.</span> <span class='ocrx_word' id='word_1_230' title='bbox 1326 2198 1428 2228; x_wconf 69' lang='lat' dir='ltr'>Bothe</span> <span class='ocrx_word' id='word_1_231' title='bbox 1444 2198 1501 2238; x_wconf 89' lang='lat' dir='ltr'>(nc</span> <span class='ocrx_word' id='word_1_232' title='bbox 1509 2198 1601 2237; x_wconf 84' lang='lat' dir='ltr'>falso</span> 
     </span>
     <span class='ocr_line' id='line_1_33' title="bbox 252 2241 1603 2290; baseline -0.006 -11"><span class='ocrx_word' id='word_1_233' title='bbox 252 2242 325 2281; x_wconf 51' lang='lat' dir='ltr'>xscr.</span> <span class='ocrx_word' id='word_1_234' title='bbox 340 2255 403 2290; x_wconf 78' lang='lat' dir='ltr'>pro</span> <span class='ocrx_word' id='word_1_235' title='bbox 420 2250 525 2280; x_wconf 72' lang='lat' dir='ltr'>haec?</span> <span class='ocrx_word' id='word_1_236' title='bbox 543 2249 585 2278; x_wconf 87' lang='lat' dir='ltr'>iv.</span> <span class='ocrx_word' id='word_1_237' title='bbox 603 2248 638 2286; x_wconf 48' lang='lat'>33</span> <span class='ocrx_word' id='word_1_238' title='bbox 738 2249 802 2277; x_wconf 88' lang='lat'>612</span> <span class='ocrx_word' id='word_1_239' title='bbox 820 2250 1005 2286; x_wconf 78' lang='lat' dir='ltr'>propter-uo</span> <span class='ocrx_word' id='word_1_240' title='bbox 1020 2243 1083 2275; x_wconf 86' lang='lat' dir='ltr'>cod.</span> <span class='ocrx_word' id='word_1_241' title='bbox 1182 2244 1245 2282; x_wconf 89' lang='lat'>615</span> <span class='ocrx_word' id='word_1_242' title='bbox 1264 2242 1452 2273; x_wconf 81' lang='lat' dir='ltr'>inamabilis</span> <span class='ocrx_word' id='word_1_243' title='bbox 1464 2241 1603 2281; x_wconf 61' lang='lat' dir='ltr'>dz&#39;splzbet</span> 
     </span>
     <span class='ocr_line' id='line_1_34' title="bbox 267 2285 1598 2332; baseline -0.008 -8"><span class='ocrx_word' id='word_1_244' title='bbox 267 2295 332 2332; x_wconf 88' lang='lat'>619</span> <span class='ocrx_word' id='word_1_245' title='bbox 355 2293 513 2332; x_wconf 83' lang='lat' dir='ltr'>equiunst</span> <span class='ocrx_word' id='word_1_246' title='bbox 530 2291 594 2323; x_wconf 84' lang='lat' dir='ltr'>cod.</span> <span class='ocrx_word' id='word_1_247' title='bbox 616 2295 652 2321; x_wconf 78' lang='lat' dir='ltr'>ul</span> <span class='ocrx_word' id='word_1_248' title='bbox 671 2290 735 2322; x_wconf 75' lang='lat' dir='ltr'>vid.</span> <span class='ocrx_word' id='word_1_249' title='bbox 758 2290 829 2328; x_wconf 81' lang='lat' dir='ltr'>(iun</span> <span class='ocrx_word' id='word_1_250' title='bbox 849 2294 908 2329; x_wconf 78' lang='lat' dir='ltr'>pro</span> <span class='ocrx_word' id='word_1_251' title='bbox 925 2288 1005 2327; x_wconf 62' lang='lat' dir='ltr'>um3r</span> <span class='ocrx_word' id='word_1_252' title='bbox 1065 2297 1118 2317; x_wconf 90' lang='lat' dir='ltr'>me</span> <span class='ocrx_word' id='word_1_253' title='bbox 1137 2286 1203 2317; x_wconf 88' lang='lat' dir='ltr'>cod.</span> <span class='ocrx_word' id='word_1_254' title='bbox 1293 2287 1359 2316; x_wconf 86' lang='lat'>620</span> <span class='ocrx_word' id='word_1_255' title='bbox 1382 2290 1468 2316; x_wconf 84' lang='lat' dir='ltr'>mest</span> <span class='ocrx_word' id='word_1_256' title='bbox 1485 2285 1598 2315; x_wconf 77' lang='lat' dir='ltr'>Fraes-</span> 
     </span>
     <span class='ocr_line' id='line_1_35' title="bbox 267 2328 1600 2378; baseline -0.008 -10"><span class='ocrx_word' id='word_1_257' title='bbox 267 2337 360 2378; x_wconf 69' lang='lat' dir='ltr'>dorff</span> <span class='ocrx_word' id='word_1_258' title='bbox 439 2338 502 2366; x_wconf 87' lang='lat'>622</span> <span class='ocrx_word' id='word_1_259' title='bbox 520 2345 638 2366; x_wconf 86' lang='lat' dir='ltr'>amens</span> <span class='ocrx_word' id='word_1_260' title='bbox 650 2334 836 2365; x_wconf 75' lang='lat' dir='ltr'>saracenus</span> <span class='ocrx_word' id='word_1_261' title='bbox 890 2329 1143 2373; x_wconf 82' lang='lat' dir='ltr'>amens&lt;mihi&gt;</span> <span class='ocrx_word' id='word_1_262' title='bbox 1156 2329 1222 2360; x_wconf 83' lang='lat' dir='ltr'>Leo</span> <span class='ocrx_word' id='word_1_263' title='bbox 1238 2340 1245 2360; x_wconf 79' lang='lat' dir='ltr'>t</span> <span class='ocrx_word' id='word_1_264' title='bbox 1266 2339 1329 2359; x_wconf 89' lang='lat' dir='ltr'>arn.</span> <span class='ocrx_word' id='word_1_265' title='bbox 1345 2328 1488 2372; x_wconf 86' lang='lat' dir='ltr'>(modo)</span> <span class='ocrx_word' id='word_1_266' title='bbox 1503 2328 1600 2359; x_wconf 81' lang='lat' dir='ltr'>Goetz</span> 
     </span>
    </p>
   </div>
  </div>
 </body>
</html>
