1814 2723
251 80 282 116 I.

225 397 284 420 100

226 789 286 822 105

227 1310 288 1332 110

203 1862 258 1899 II.
280 1860 295 1897 i

304 79 334 115 ii
715 76 762 112 T.
796 73 976 112 MACCI
1009 71 1214 108 PLAVTI

305 187 335 225 si
357 187 463 226 illam
485 186 597 225 matri
619 198 730 224 meae
750 181 849 236 (me)
869 181 1010 221 emisse
1034 180 1163 219 dicam
1180 194 1190 227 3
1224 185 1314 229 post
1339 185 1471 216 autem
1494 176 1589 215 mihi

305 254 422 291 scelu'
444 252 598 291 uidetur
619 265 682 289 me
703 248 853 300 parenti
875 246 1055 298 proloqui
1079 243 1341 283 mendacium.

305 331 434 367 neque
455 317 519 355 ille
540 317 673 355 credet
690 328 818 363 neque
836 311 1024 351 credibile
1044 318 1102 349 est
1124 311 1249 347 forma
1269 307 1411 346 eximia
1432 306 1635 345 mulierem
1654 316 1723 342 210

304 397 391 421 eam
413 396 476 421 me
496 382 637 420 emisse
658 379 841 418 ancillam
863 376 985 415 matri.
1037 378 1109 413 Ac.
1134 388 1214 413 non
1231 381 1348 420 taces,
1366 372 1636 411 stultissume?

305 449 438 486 credet
458 449 599 493 hercle,
622 459 714 483 nam
735 443 922 483 credebat
942 441 1020 480 iam
1042 440 1149 478 mihi.
1210 440 1287 478 CH.
1321 445 1456 476 metuo
1476 437 1603 483 miser,

305 526 355 551 ne
376 520 525 562 patrem
547 511 765 561 prehendat
786 515 829 546 ut
850 507 898 546 sit
918 514 1026 557 gesta
1048 519 1107 544 res
1129 503 1311 555 suspicio.

306 579 382 616 hoc
416 578 524 627 quod
555 584 592 614 te
622 589 716 625 rogo
748 573 953 624 responde,
987 568 1180 624 (quaeso).
1242 571 1313 607 Ac.
1347 581 1505 618 quaeso,
1543 566 1639 616 quid

1499 645 1610 682 rogas
1624 633 1640 669 ?

307 709 384 747 CH.
409 710 503 745 mim
518 720 603 745 esse
618 705 787 744 amicam
804 702 992 754 suspicari
1006 701 1113 740 uisus
1126 708 1186 740 est
1200 702 1218 739 ?
1256 701 1327 738 AC.
1352 712 1433 737 non
1447 697 1554 735 uisus
1568 703 1636 735 est.

306 773 402 824 quin
432 772 608 822 quidque
638 778 680 809 ut
711 770 893 809 dicebam
927 766 1023 805 mihi
1053 766 1249 805 credebat.
1309 765 1386 803 CH.
1419 775 1568 809 uerum,
1597 769 1640 799 ut

1387 828 1459 867 tibi
1478 827 1640 878 quidem

308 904 415 942 uisus
442 910 510 942 est.
570 904 643 940 Ac.
675 915 767 948 non,
790 901 860 939 sed
887 898 1083 938 credebat.
1144 898 1222 936 CH.
1255 909 1328 933 uae
1358 894 1454 932 mihi
1484 893 1638 939 misero,

1391 960 1512 997 nullu’
1531 972 1617 996 sum
1634 961 1640 996 !

308 1036 378 1073 sed
399 1033 495 1084 quid
516 1046 589 1083 ego
609 1032 674 1070 hic
695 1031 735 1069 in
755 1030 1012 1069 lamentando
1036 1041 1167 1079 pereo,
1189 1027 1241 1066 ad
1261 1025 1396 1064 nauim
1417 1037 1499 1062 non
1519 1025 1597 1062 eo?

308 1114 481 1150 sequere.
555 1100 628 1136 Ac.
674 1097 705 1135 si
744 1096 840 1134 istac
878 1095 964 1142 ibis,
1006 1094 1265 1132 commodum
1305 1089 1465 1129 obuiam
1505 1087 1641 1127 uenies

1515 1152 1615 1205 patri
1632 1167 1643 1201 ς

307 1237 445 1280 postea
464 1228 603 1279 aspicit
624 1235 661 1266 te
681 1226 865 1265 timidum
887 1239 973 1264 esse
992 1232 1112 1274 atque
1131 1222 1421 1262 exanimatum:
1452 1218 1542 1257 ilico

308 1294 501 1342 retinebit,
523 1292 706 1343 rogitabit
726 1292 833 1330 unde
854 1290 959 1328 illam
981 1288 1135 1336 emeris,
1156 1286 1293 1338 quanti
1313 1284 1453 1324 emeris
1472 1299 1479 1322 :

308 1360 491 1399 timidum
521 1357 731 1408 temptabit
760 1364 808 1395 te.
869 1357 946 1395 CH.
985 1356 1058 1392 hac
1092 1354 1160 1392 ibo
1193 1352 1335 1404 potius.
1393 1351 1471 1389 iam
1506 1363 1643 1389 censes

1491 1423 1642 1467 patrem

309 1490 452 1529 abiisse
471 1503 495 1528 a
514 1496 628 1540 portu
641 1490 659 1526 ?
714 1489 787 1526 Ac.
820 1486 916 1536 quin
937 1499 984 1524 ea
1004 1498 1077 1536 ego
1098 1486 1176 1523 huc
1197 1482 1444 1534 praecucurri
1464 1481 1612 1532 gratia,

311 1570 361 1595 ne
393 1563 431 1594 te
469 1554 706 1607 opprimeret
737 1552 1015 1603 inprudentem
1047 1557 1166 1600 atque
1206 1550 1398 1588 electaret.
1468 1548 1546 1587 CH.
1579 1559 1645 1596 op-

1469 1620 1646 1651 tume—

809 1746 1045 1796 ACTVS
1098 1746 1146 1792 II

846 1859 1116 1895 DEMIPHO

316 1948 393 1985 DE.
424 1944 536 1984 Miris
557 1944 686 1984 modis
706 1944 747 1983 di
768 1945 883 1983 ludos
904 1944 1052 1982 faciunt
1072 1942 1301 1982 hominibus

317 2011 502 2061 mirisque
523 2010 711 2060 exemplis
733 2010 887 2049 somnia
907 2009 947 2047 in
969 2009 1118 2048 somnis
1139 2009 1302 2046 danunt.

318 2078 426 2115 uelut
447 2089 520 2126 ego
540 2083 657 2114 nocte
679 2077 752 2114 hac
773 2088 874 2125 quae
896 2073 1093 2124 praeteriit
1114 2086 1304 2123 proxuma

363 2182 426 2212 208
450 2190 503 2210 me
520 2178 595 2211 add.
614 2178 788 2210 Acidalius
897 2188 956 2208 211
985 2177 1056 2218 me]
1073 2187 1168 2207 meae
1192 2174 1324 2206 Leman
1435 2185 1498 2213 214
1521 2184 1648 2213 quaeso

267 2247 276 2257 x
319 2225 395 2256 add.
415 2223 542 2254 Ritschl
687 2233 749 2253 220
773 2226 949 2262 postquam
966 2221 1040 2251 Ital.
1130 2220 1270 2259 aspicite
1288 2218 1339 2249 B:
1363 2218 1503 2257 aspiciet
1524 2222 1557 2248 te
1572 2217 1647 2249 Ital.

319 2279 383 2307 223
408 2269 489 2308 quin
515 2277 555 2297 ea
582 2266 810 2296 Camerarius:
836 2266 937 2305 quine
963 2265 1060 2305 (quin
1081 2263 1167 2303 PCD)
1190 2262 1256 2294 cod.
1433 2263 1497 2292 226
1520 2262 1649 2292 danunt

320 2312 455 2351 Pylades
470 2323 477 2342 ε
502 2311 630 2342 danant
648 2314 683 2340 ut
698 2309 760 2341 vid.
781 2309 846 2340 cod.
867 2309 1027 2350 (clamant
1043 2307 1075 2338 Β
1089 2307 1133 2349 (cl
1146 2312 1208 2348 pro
1220 2307 1241 2337 d
1256 2318 1264 2345 ;
1288 2306 1331 2338 vi.
1352 2306 1393 2346 1),
1413 2306 1543 2336 donant
1557 2304 1647 2346 PCD)

1659 706 1725 743 215

1661 1227 1730 1252 220
