1794 2728
181 79 248 116 IV.
272 78 314 115 iii
683 78 729 115 T.
763 77 943 116 MACCI
977 77 1181 115 PLAVTI

272 201 391 239 quem
413 201 551 227 omnes
575 189 758 227 mortales
779 187 959 237 ignorant
981 193 1019 224 et
1039 185 1245 225 ludificant
1265 193 1308 224 ut
1327 187 1466 225 lubet?

272 260 471 300 certumst,
502 253 605 291 intro
634 265 814 302 rumpam
841 251 881 289 in
908 250 1041 290 aedis:
1076 250 1144 290 ubi
1171 264 1370 302 quemque
1396 251 1599 291 hominem

1400 330 1597 367 aspexero,

213 402 250 434 15
272 383 303 422 si
323 383 505 423 ancillam
527 397 595 422 seu
617 396 771 421 seruom
793 381 876 420 siue
898 395 1057 420 uxorem
1080 381 1162 420 siue
1182 383 1403 420 adulterum

272 462 340 487 seu
362 456 511 499 patrem
533 448 616 486 siue
635 448 754 500 auom
776 446 934 494 uidebO,
958 446 1204 496 optruncabo
1225 446 1265 484 in
1285 446 1461 485 aedibus.
1623 461 1711 498 1050

271 526 401 563 neque
422 527 484 551 me
502 500 824 563 iuppiter'neque
840 511 880 550 di
897 525 1036 550 omnes
1052 511 1092 550 id
1107 511 1384 562 prohibebunt,
1403 511 1434 550 si
1450 514 1596 559 uolent,

272 577 368 628 quin
389 576 444 616 sic
464 576 605 616 faciam
625 576 682 615 uti
704 575 900 615 constitui.
959 589 1119 626 pergam
1140 575 1180 614 in
1200 575 1308 615 aedis
1328 575 1524 615 nunciam.

772 727 1006 775 ACTVS
1056 727 1101 773 V

172 831 255 868 V.i
598 829 823 865 BROMIA
934 828 1280 867 AMPH1TRvo

276 904 348 941 BR.
381 904 478 953 Spes
498 909 618 952 atque
638 916 733 953 opes
755 902 858 941 uitae
880 916 991 941 meae
1012 902 1141 941 iacent
1161 906 1335 954 sepultae
1355 905 1395 943 in
1415 913 1584 956 pectore,

272 981 402 1018 neque
422 969 538 1007 ullast
558 967 800 1006 confidentia
819 967 896 1005 iam
918 967 957 1005 in
979 969 1108 1014 corde,
1133 968 1228 1018 quin
1247 969 1444 1008 amiserim
1458 985 1469 1018 3

272 1033 326 1071 ita
346 1032 399 1071 mi
420 1032 604 1072 uidentur
624 1032 768 1080 omnia,
792 1046 909 1079 mare,
932 1040 1043 1080 terra,
1066 1035 1231 1081 caelum,
1254 1034 1443 1085 consequi
1624 1044 1708 1081 1055

273 1097 350 1136 iam
371 1105 413 1136 ut
434 1096 643 1147 opprimar,
666 1104 708 1136 ut
728 1097 869 1136 enicer.
912 1111 975 1136 me
996 1097 1189 1145 miseram,
1209 1098 1304 1148 quid
1323 1113 1436 1149 agam
1452 1100 1596 1139 nescio.

234 1180 251 1211 5
271 1163 326 1201 ita
345 1169 453 1201 tanta
474 1162 571 1201 mira
590 1162 629 1200 in
650 1162 816 1201 aedibus
837 1170 928 1201 sunt
948 1164 1060 1202 facta.
1120 1177 1193 1202 uae
1214 1164 1378 1203 miserae
1398 1164 1504 1212 mihi,

272 1227 405 1267 animo
426 1228 576 1274 malest,
599 1240 743 1278 aquam
763 1227 894 1266 uelim.
945 1235 1128 1279 corrupta
1147 1241 1234 1267 sum
1254 1236 1373 1280 atque
1391 1238 1601 1281 apsumpta

1499 1309 1596 1334 sum.

272 1365 390 1409 caput
410 1359 527 1405 dolet,
551 1371 681 1408 neque
701 1358 832 1405 audio,
855 1371 929 1397 nec
949 1357 1073 1397 oculis
1093 1358 1291 1409 prospicio
1311 1359 1413 1407 satis,

272 1437 346 1462 nec
366 1437 429 1462 me
450 1422 625 1462 miserior
645 1422 792 1461 femina
812 1431 869 1461 est
890 1437 1020 1473 neque
1040 1425 1119 1462 ulla
1138 1423 1318 1464 uideatur
1337 1425 1470 1476 magis.
1620 1425 1711 1460 1060

272 1488 326 1527 ita
345 1501 433 1527 erae
453 1501 565 1527 meae
585 1487 705 1527 hodie
728 1487 902 1539 contigit.
962 1502 1054 1527 nam
1079 1489 1147 1528 ubi
1170 1490 1343 1540 parturit,
1366 1492 1463 1531 deos
1491 1490 1612 1545 [sibi]

603 1601 610 1607 -
1430 1556 1600 1605 inuocat,

216 1638 255 1660 10
328 1618 521 1670 strepitus,
541 1618 722 1670 crepitus,
742 1620 903 1667 sonitus,
923 1605 1107 1658 tonitrus:
1133 1627 1176 1659 ut
1191 1621 1334 1668 subito,
1352 1629 1394 1660 ut
1390 1636 1543 1678 frop&
1560 1630 1604 1661 ut

1301 1687 1431 1726 ualide
1451 1687 1602 1726 tonuit!

272 1748 340 1788 ubi
379 1748 546 1800 quisque
586 1749 791 1799 institerat,
830 1750 1004 1790 concidit
1043 1751 1203 1803 crepitu.
1280 1751 1335 1790 ibi
1378 1752 1602 1804 nescioquis

1420 1832 1602 1857 maxuma

379 1893 480 1919 uoce
500 1882 692 1919 exclamat
709 1897 715 1919 :
748 1884 757 1901 ‘
770 1883 1002 1929 Alcumena,
1025 1884 1138 1922 adest
1157 1882 1357 1931 auxilium,
1378 1897 1427 1922 ne
1448 1883 1564 1922 time:

380 1952 418 1984 et
438 1944 509 1983 tibi
530 1952 568 1984 et
589 1945 665 1984 tuis
686 1945 878 1996 propitius
899 1947 997 1985 caeli
1017 1949 1144 1986 cultor
1162 1947 1336 1987 aduenit.
1623 1943 1710 1988 1065

272 2010 485 2060 exsurgite’
507 2010 635 2061 inquit
659 2011 747 2062 ‘qui
768 2019 912 2051 terrore
933 2026 1023 2051 meo
1044 2013 1244 2052 occidistis
1264 2027 1356 2064 prae
1376 2016 1509 2053 metu.’

214 2087 251 2121 15
271 2083 315 2115 ut
334 2075 446 2123 iacui,
467 2089 641 2126 exsurgo.
682 2078 818 2115 ardere
838 2077 974 2116 censui
993 2078 1113 2126 aedis,
1131 2078 1185 2117 ita
1205 2086 1287 2117 tum
1310 2080 1599 2130 confulgebant.

272 2140 326 2179 ibi
346 2154 410 2179 me
432 2140 618 2179 inclamat
638 2142 883 2189 Alcumena3
912 2141 990 2180 iam
1012 2156 1057 2181 ea
1077 2156 1137 2182 res
1158 2157 1221 2182 me
1242 2145 1401 2183 horrore
1420 2143 1563 2183 adficit.

269 2249 278 2259 ⁸
319 2245 412 2283 1048,
436 2253 517 2282 1052
541 2244 635 2274 aedis
654 2244 880 2274 Camerarius:
907 2245 1048 2276 aedibus
1063 2245 1127 2277 cod.
1222 2257 1304 2286 1052
1330 2247 1378 2278 vel
1391 2252 1426 2278 ut
1444 2248 1502 2288 (ila
1519 2246 1601 2287 cod.)

274 2287 431 2319 constitui
578 2289 660 2326 1058
694 2293 887 2326 corrumpta
914 2288 1086 2319 Fleckh'sen
1244 2291 1325 2321 1060
1361 2291 1436 2321 sem.
1469 2291 1602 2322 neculla

273 2331 413 2362 Redslob
480 2330 615 2361 uiduior
634 2330 675 2369 (ἲ)
688 2329 828 2361 Palmer
912 2333 991 2362 1061
1012 2332 1075 2362 sibi
1090 2332 1147 2363 del.
1161 2333 1303 2373 Pylades
1317 2335 1433 2375 (praec.
1448 2345 1473 2372 s,
1488 2345 1550 2374 seq.
1561 2335 1598 2375 i),

275 2386 356 2407 nam
374 2374 437 2406 sibi
453 2376 590 2405 inuocat
605 2377 793 2415 suspectum
928 2376 1009 2406 1062
1033 2386 1139 2416 prope
1157 2376 1314 2409 Palmer:
1338 2387 1485 2418 propere
1501 2377 1566 2409 cod.
