<?xml version="1.0" encoding="UTF-8"?>
<!DOCTYPE html PUBLIC "-//W3C//DTD XHTML 1.0 Transitional//EN"
    "http://www.w3.org/TR/xhtml1/DTD/xhtml1-transitional.dtd">
<html xmlns="http://www.w3.org/1999/xhtml" xml:lang="en" lang="en">
 <head>
  <title>
</title>
<meta http-equiv="Content-Type" content="text/html;charset=utf-8" />
  <meta name='ocr-system' content='tesseract 3.04.00' />
  <meta name='ocr-capabilities' content='ocr_page ocr_carea ocr_par ocr_line ocrx_word'/>
</head>
<body>
  <div class='ocr_page' id='page_1' title='image "./tmacciplauticomo01plauuoft_0388.png"; bbox 0 0 1814 2723; ppageno 0'>
   <div class='ocr_carea' id='block_1_1' title="bbox 239 49 1228 88">
    <p class='ocr_par' dir='ltr' id='par_1_1' title="bbox 239 49 1228 88">
     <span class='ocr_line' id='line_1_1' title="bbox 239 49 1228 88; baseline 0 -2"><span class='ocrx_word' id='word_1_1' title='bbox 239 49 280 86; x_wconf 85' lang='grc' dir='ltr'>ΙΙ</span> <span class='ocrx_word' id='word_1_2' title='bbox 316 49 346 85; x_wconf 85' lang='lat' dir='ltr'>ii</span> <span class='ocrx_word' id='word_1_3' title='bbox 732 51 776 87; x_wconf 94' lang='lat' dir='ltr'>T.</span> <span class='ocrx_word' id='word_1_4' title='bbox 812 49 993 88; x_wconf 87' lang='lat' dir='ltr'><strong>MACCI</strong></span> <span class='ocrx_word' id='word_1_5' title='bbox 1025 49 1228 86; x_wconf 88' lang='lat' dir='ltr'>PLAVTI</span> 
     </span>
    </p>
   </div>
   <div class='ocr_carea' id='block_1_2' title="bbox 252 157 1736 1840">
    <p class='ocr_par' dir='ltr' id='par_1_2' title="bbox 252 157 1736 1840">
     <span class='ocr_line' id='line_1_2' title="bbox 255 157 1471 211; baseline -0.002 -13"><span class='ocrx_word' id='word_1_6' title='bbox 255 171 294 204; x_wconf 84' lang='lat'>35</span> <span class='ocrx_word' id='word_1_7' title='bbox 316 162 523 211; x_wconf 79' lang='lat' dir='ltr'>pleraeque</span> <span class='ocrx_word' id='word_1_8' title='bbox 544 174 612 199; x_wconf 89' lang='lat' dir='ltr'>eae</span> <span class='ocrx_word' id='word_1_9' title='bbox 633 160 705 198; x_wconf 85' lang='lat' dir='ltr'>sub</span> <span class='ocrx_word' id='word_1_10' title='bbox 727 158 971 197; x_wconf 89' lang='lat' dir='ltr'>uestimentis</span> <span class='ocrx_word' id='word_1_11' title='bbox 993 172 1126 197; x_wconf 87' lang='lat' dir='ltr'>secum</span> <span class='ocrx_word' id='word_1_12' title='bbox 1147 158 1347 196; x_wconf 78' lang='lat' dir='ltr'>habebant</span> <span class='ocrx_word' id='word_1_13' title='bbox 1366 157 1471 197; x_wconf 90' lang='lat' dir='ltr'>retia.</span> 
     </span>
     <span class='ocr_line' id='line_1_3' title="bbox 316 223 1644 276; baseline -0.002 -12"><span class='ocrx_word' id='word_1_14' title='bbox 316 239 437 275; x_wconf 91' lang='lat' dir='ltr'>quom</span> <span class='ocrx_word' id='word_1_15' title='bbox 463 226 514 265; x_wconf 92' lang='lat' dir='ltr'>ad</span> <span class='ocrx_word' id='word_1_16' title='bbox 541 232 693 276; x_wconf 88' lang='lat' dir='ltr'>portam</span> <span class='ocrx_word' id='word_1_17' title='bbox 721 223 852 272; x_wconf 90' lang='lat' dir='ltr'>uenio,</span> <span class='ocrx_word' id='word_1_18' title='bbox 873 231 992 273; x_wconf 85' lang='lat' dir='ltr'>atque</span> <span class='ocrx_word' id='word_1_19' title='bbox 1014 237 1086 274; x_wconf 86' lang='lat' dir='ltr'>ego</span> <span class='ocrx_word' id='word_1_20' title='bbox 1115 223 1220 261; x_wconf 92' lang='lat' dir='ltr'>illam</span> <span class='ocrx_word' id='word_1_21' title='bbox 1246 223 1300 261; x_wconf 86' lang='lat' dir='ltr'>ssli</span> <span class='ocrx_word' id='word_1_22' title='bbox 1326 223 1444 262; x_wconf 89' lang='lat' dir='ltr'>uideo</span> <span class='ocrx_word' id='word_1_23' title='bbox 1474 231 1644 274; x_wconf 85' lang='lat' dir='ltr'>praesto-</span> 
     </span>
     <span class='ocr_line' id='line_1_4' title="bbox 1532 289 1644 327; baseline 0 0"><span class='ocrx_word' id='word_1_24' title='bbox 1532 289 1644 327; x_wconf 88' lang='lat' dir='ltr'>larier</span> 
     </span>
     <span class='ocr_line' id='line_1_5' title="bbox 315 352 1627 403; baseline -0.002 -10"><span class='ocrx_word' id='word_1_25' title='bbox 315 362 353 393; x_wconf 89' lang='lat' dir='ltr'>et</span> <span class='ocrx_word' id='word_1_26' title='bbox 373 368 462 393; x_wconf 91' lang='lat' dir='ltr'>cum</span> <span class='ocrx_word' id='word_1_27' title='bbox 484 368 530 393; x_wconf 90' lang='lat' dir='ltr'>ea</span> <span class='ocrx_word' id='word_1_28' title='bbox 549 353 733 392; x_wconf 77' lang='lat' dir='ltr'>tibicinae</span> <span class='ocrx_word' id='word_1_29' title='bbox 754 353 863 391; x_wconf 80' lang='lat' dir='ltr'>ibant</span> <span class='ocrx_word' id='word_1_30' title='bbox 880 361 1074 403; x_wconf 86' lang='lat' dir='ltr'>quattuor.</span> <span class='ocrx_word' id='word_1_31' title='bbox 1136 354 1204 390; x_wconf 83' lang='lat' dir='ltr'>PE.</span> <span class='ocrx_word' id='word_1_32' title='bbox 1237 352 1408 402; x_wconf 88' lang='lat' dir='ltr'>quicum,</span> <span class='ocrx_word' id='word_1_33' title='bbox 1428 352 1594 403; x_wconf 86' lang='lat' dir='ltr'>Epidice</span> <span class='ocrx_word' id='word_1_34' title='bbox 1610 356 1627 391; x_wconf 93' lang='lat'>?</span> 
     </span>
     <span class='ocr_line' id='line_1_6' title="bbox 316 417 1643 468; baseline -0.002 -10"><span class='ocrx_word' id='word_1_35' title='bbox 316 423 384 459; x_wconf 83' lang='grc' dir='ltr'>ΕΡ.</span> <span class='ocrx_word' id='word_1_36' title='bbox 416 434 505 458; x_wconf 84' lang='lat' dir='ltr'>cum</span> <span class='ocrx_word' id='word_1_37' title='bbox 521 419 584 457; x_wconf 86' lang='lat' dir='ltr'>illa</span> <span class='ocrx_word' id='word_1_38' title='bbox 597 432 715 468; x_wconf 86' lang='lat' dir='ltr'>quam</span> <span class='ocrx_word' id='word_1_39' title='bbox 730 420 809 456; x_wconf 89' lang='lat' dir='ltr'>tuo&#39;</span> <span class='ocrx_word' id='word_1_40' title='bbox 825 425 965 468; x_wconf 87' lang='lat' dir='ltr'>gnatus</span> <span class='ocrx_word' id='word_1_41' title='bbox 981 431 1107 456; x_wconf 90' lang='lat' dir='ltr'>annos</span> <span class='ocrx_word' id='word_1_42' title='bbox 1129 419 1273 455; x_wconf 91' lang='lat' dir='ltr'>multos</span> <span class='ocrx_word' id='word_1_43' title='bbox 1294 419 1461 464; x_wconf 77' lang='lat' dir='ltr'><strong>deamat,</strong></span> <span class='ocrx_word' id='word_1_44' title='bbox 1479 417 1643 468; x_wconf 78' lang='lat' dir='ltr'>deperit,</span> 
     </span>
     <span class='ocr_line' id='line_1_7' title="bbox 315 484 1734 534; baseline -0.002 -11"><span class='ocrx_word' id='word_1_45' title='bbox 315 485 382 523; x_wconf 86' lang='lat' dir='ltr'>ubi</span> <span class='ocrx_word' id='word_1_46' title='bbox 404 486 601 534; x_wconf 84' lang='lat' dir='ltr'>fidemque</span> <span class='ocrx_word' id='word_1_47' title='bbox 622 497 783 534; x_wconf 83' lang='lat' dir='ltr'>remque</span> <span class='ocrx_word' id='word_1_48' title='bbox 804 497 925 533; x_wconf 85' lang='lat' dir='ltr'>seque</span> <span class='ocrx_word' id='word_1_49' title='bbox 946 492 1063 533; x_wconf 83' lang='lat' dir='ltr'>teque</span> <span class='ocrx_word' id='word_1_50' title='bbox 1083 491 1264 534; x_wconf 81' lang='lat' dir='ltr'>properat</span> <span class='ocrx_word' id='word_1_51' title='bbox 1284 484 1446 533; x_wconf 82' lang='lat' dir='ltr'>perdere</span> <span class='ocrx_word' id='word_1_52' title='bbox 1463 497 1474 531; x_wconf 85' lang='lat'>;</span> <span class='ocrx_word' id='word_1_53' title='bbox 1663 494 1734 520; x_wconf 89' lang='lat'>220</span> 
     </span>
     <span class='ocr_line' id='line_1_8' title="bbox 253 547 1645 600; baseline 0 -14"><span class='ocrx_word' id='word_1_54' title='bbox 253 565 295 596; x_wconf 90' lang='lat'>40</span> <span class='ocrx_word' id='word_1_55' title='bbox 315 564 360 589; x_wconf 88' lang='lat' dir='ltr'>ea</span> <span class='ocrx_word' id='word_1_56' title='bbox 376 549 685 600; x_wconf 78' lang='lat' dir='ltr'>praestolabatur</span> <span class='ocrx_word' id='word_1_57' title='bbox 698 548 807 586; x_wconf 89' lang='lat' dir='ltr'>illum</span> <span class='ocrx_word' id='word_1_58' title='bbox 823 549 929 598; x_wconf 87' lang='lat' dir='ltr'>apud</span> <span class='ocrx_word' id='word_1_59' title='bbox 946 556 1109 598; x_wconf 88' lang='lat' dir='ltr'>portam.</span> <span class='ocrx_word' id='word_1_60' title='bbox 1162 550 1229 585; x_wconf 81' lang='lat' dir='ltr'>PE.</span> <span class='ocrx_word' id='word_1_61' title='bbox 1262 547 1382 585; x_wconf 89' lang='lat' dir='ltr'>uiden</span> <span class='ocrx_word' id='word_1_62' title='bbox 1395 549 1645 587; x_wconf 87' lang='lat' dir='ltr'>ueneficam?</span> 
     </span>
     <span class='ocr_line' id='line_1_9' title="bbox 316 613 1646 663; baseline -0.002 -10"><span class='ocrx_word' id='word_1_63' title='bbox 316 617 384 653; x_wconf 79' lang='grc' dir='ltr'>ΕΡ.</span> <span class='ocrx_word' id='word_1_64' title='bbox 418 616 487 653; x_wconf 91' lang='lat' dir='ltr'>sed</span> <span class='ocrx_word' id='word_1_65' title='bbox 516 614 667 662; x_wconf 85' lang='lat' dir='ltr'>uestita,</span> <span class='ocrx_word' id='word_1_66' title='bbox 701 622 845 661; x_wconf 80' lang='lat' dir='ltr'>aurata,</span> <span class='ocrx_word' id='word_1_67' title='bbox 881 622 1017 652; x_wconf 87' lang='lat' dir='ltr'>ornata</span> <span class='ocrx_word' id='word_1_68' title='bbox 1045 622 1087 652; x_wconf 93' lang='lat' dir='ltr'>ut</span> <span class='ocrx_word' id='word_1_69' title='bbox 1117 613 1257 663; x_wconf 89' lang='lat' dir='ltr'>lepide,</span> <span class='ocrx_word' id='word_1_70' title='bbox 1290 620 1332 650; x_wconf 91' lang='lat' dir='ltr'>ut</span> <span class='ocrx_word' id='word_1_71' title='bbox 1366 613 1571 662; x_wconf 86' lang='lat' dir='ltr'>concinne,</span> <span class='ocrx_word' id='word_1_72' title='bbox 1602 622 1646 651; x_wconf 87' lang='lat' dir='ltr'>ut</span> 
     </span>
     <span class='ocr_line' id='line_1_10' title="bbox 1514 681 1644 716; baseline 0.008 -1"><span class='ocrx_word' id='word_1_73' title='bbox 1514 691 1618 716; x_wconf 91' lang='lat' dir='ltr'>noue</span> <span class='ocrx_word' id='word_1_74' title='bbox 1638 681 1644 716; x_wconf 80' lang='lat'>1</span> 
     </span>
     <span class='ocr_line' id='line_1_11' title="bbox 314 742 1647 794; baseline -0.002 -11"><span class='ocrx_word' id='word_1_75' title='bbox 314 746 383 783; x_wconf 71' lang='lat' dir='ltr'>PE.</span> <span class='ocrx_word' id='word_1_76' title='bbox 416 743 511 794; x_wconf 88' lang='lat' dir='ltr'>quid</span> <span class='ocrx_word' id='word_1_77' title='bbox 541 751 621 782; x_wconf 88' lang='lat' dir='ltr'>erat</span> <span class='ocrx_word' id='word_1_78' title='bbox 646 744 815 782; x_wconf 87' lang='lat' dir='ltr'>induta?</span> <span class='ocrx_word' id='word_1_79' title='bbox 872 757 923 782; x_wconf 91' lang='lat' dir='ltr'>an</span> <span class='ocrx_word' id='word_1_80' title='bbox 953 743 1128 794; x_wconf 82' lang='lat' dir='ltr'>regillam</span> <span class='ocrx_word' id='word_1_81' title='bbox 1158 742 1387 782; x_wconf 85' lang='lat' dir='ltr'>induculam</span> <span class='ocrx_word' id='word_1_82' title='bbox 1417 756 1466 781; x_wconf 91' lang='lat' dir='ltr'>an</span> <span class='ocrx_word' id='word_1_83' title='bbox 1497 743 1647 781; x_wconf 87' lang='lat' dir='ltr'>mendi-</span> 
     </span>
     <span class='ocr_line' id='line_1_12' title="bbox 1487 809 1646 846; baseline 0.006 -1"><span class='ocrx_word' id='word_1_84' title='bbox 1487 809 1616 846; x_wconf 90' lang='lat' dir='ltr'>culam</span> <span class='ocrx_word' id='word_1_85' title='bbox 1630 809 1646 846; x_wconf 76' lang='grc' dir='ltr'><em>Ρ</em></span> 
     </span>
     <span class='ocr_line' id='line_1_13' title="bbox 314 872 1534 925; baseline -0.002 -12"><span class='ocrx_word' id='word_1_86' title='bbox 314 877 383 913; x_wconf 86' lang='grc' dir='ltr'>ΕΡ.</span> <span class='ocrx_word' id='word_1_87' title='bbox 416 874 698 925; x_wconf 87' lang='lat' dir='ltr'>impluuiatam‚</span> <span class='ocrx_word' id='word_1_88' title='bbox 722 882 765 912; x_wconf 86' lang='lat' dir='ltr'>ut</span> <span class='ocrx_word' id='word_1_89' title='bbox 786 874 905 913; x_wconf 82' lang='lat' dir='ltr'>istaec</span> <span class='ocrx_word' id='word_1_90' title='bbox 926 873 1074 912; x_wconf 89' lang='lat' dir='ltr'>faciunt</span> <span class='ocrx_word' id='word_1_91' title='bbox 1095 873 1341 912; x_wconf 87' lang='lat' dir='ltr'>uestimentis</span> <span class='ocrx_word' id='word_1_92' title='bbox 1362 872 1534 911; x_wconf 88' lang='lat' dir='ltr'>nomina.</span> 
     </span>
     <span class='ocr_line' id='line_1_14' title="bbox 314 938 1730 990; baseline -0.001 -12"><span class='ocrx_word' id='word_1_93' title='bbox 314 943 381 979; x_wconf 78' lang='lat' dir='ltr'>PE.</span> <span class='ocrx_word' id='word_1_94' title='bbox 425 940 509 979; x_wconf 90' lang='lat' dir='ltr'>utin</span> <span class='ocrx_word' id='word_1_95' title='bbox 543 939 779 990; x_wconf 87' lang='lat' dir='ltr'>impluuium</span> <span class='ocrx_word' id='word_1_96' title='bbox 814 939 953 978; x_wconf 89' lang='lat' dir='ltr'>induta</span> <span class='ocrx_word' id='word_1_97' title='bbox 985 938 1128 977; x_wconf 87' lang='lat' dir='ltr'>fuerit?</span> <span class='ocrx_word' id='word_1_98' title='bbox 1186 941 1254 977; x_wconf 87' lang='grc' dir='ltr'>ΕΡ.</span> <span class='ocrx_word' id='word_1_99' title='bbox 1297 938 1392 988; x_wconf 88' lang='lat' dir='ltr'>quid</span> <span class='ocrx_word' id='word_1_100' title='bbox 1426 938 1526 976; x_wconf 91' lang='lat' dir='ltr'>istuc</span> <span class='ocrx_word' id='word_1_101' title='bbox 1564 945 1644 976; x_wconf 90' lang='lat' dir='ltr'>tam</span> <span class='ocrx_word' id='word_1_102' title='bbox 1665 951 1730 987; x_wconf 87' lang='lat'>225</span> 
     </span>
     <span class='ocr_line' id='line_1_15' title="bbox 1360 1003 1646 1042; baseline 0 -1"><span class='ocrx_word' id='word_1_103' title='bbox 1360 1003 1536 1042; x_wconf 86' lang='lat' dir='ltr'>mirabile</span> <span class='ocrx_word' id='word_1_104' title='bbox 1557 1011 1614 1041; x_wconf 87' lang='lat' dir='ltr'>est</span> <span class='ocrx_word' id='word_1_105' title='bbox 1629 1005 1646 1041; x_wconf 86' lang='lat'>?</span> 
     </span>
     <span class='ocr_line' id='line_1_16' title="bbox 252 1068 1485 1123; baseline -0.003 -13"><span class='ocrx_word' id='word_1_106' title='bbox 252 1090 292 1121; x_wconf 77' lang='lat'>45</span> <span class='ocrx_word' id='word_1_107' title='bbox 314 1072 424 1123; x_wconf 88' lang='lat' dir='ltr'>quasi</span> <span class='ocrx_word' id='word_1_108' title='bbox 445 1085 525 1110; x_wconf 88' lang='lat' dir='ltr'>non</span> <span class='ocrx_word' id='word_1_109' title='bbox 547 1070 678 1109; x_wconf 89' lang='lat' dir='ltr'>fundis</span> <span class='ocrx_word' id='word_1_110' title='bbox 701 1078 909 1109; x_wconf 87' lang='lat' dir='ltr'>exornatae</span> <span class='ocrx_word' id='word_1_111' title='bbox 930 1071 1077 1108; x_wconf 88' lang='lat' dir='ltr'>multae</span> <span class='ocrx_word' id='word_1_112' title='bbox 1098 1069 1283 1108; x_wconf 87' lang='lat' dir='ltr'>incedant</span> <span class='ocrx_word' id='word_1_113' title='bbox 1303 1082 1372 1119; x_wconf 89' lang='lat' dir='ltr'>per</span> <span class='ocrx_word' id='word_1_114' title='bbox 1392 1068 1485 1107; x_wconf 90' lang='lat' dir='ltr'>uias.</span> 
     </span>
     <span class='ocr_line' id='line_1_17' title="bbox 313 1133 1458 1186; baseline -0.003 -10"><span class='ocrx_word' id='word_1_115' title='bbox 313 1145 351 1176; x_wconf 89' lang='lat' dir='ltr'>at</span> <span class='ocrx_word' id='word_1_116' title='bbox 371 1136 538 1175; x_wconf 88' lang='lat' dir='ltr'>tributus</span> <span class='ocrx_word' id='word_1_117' title='bbox 559 1149 680 1186; x_wconf 89' lang='lat' dir='ltr'>quom</span> <span class='ocrx_word' id='word_1_118' title='bbox 697 1135 910 1185; x_wconf 85' lang='lat' dir='ltr'>imperatus</span> <span class='ocrx_word' id='word_1_119' title='bbox 932 1143 1000 1183; x_wconf 89' lang='lat' dir='ltr'>est,</span> <span class='ocrx_word' id='word_1_120' title='bbox 1023 1143 1169 1185; x_wconf 84' lang='lat' dir='ltr'>negant</span> <span class='ocrx_word' id='word_1_121' title='bbox 1188 1134 1309 1184; x_wconf 90' lang='lat' dir='ltr'>pendi</span> <span class='ocrx_word' id='word_1_122' title='bbox 1329 1133 1432 1185; x_wconf 89' lang='lat' dir='ltr'>potis</span> <span class='ocrx_word' id='word_1_123' title='bbox 1451 1149 1458 1172; x_wconf 92' lang='lat'><strong>:</strong></span> 
     </span>
     <span class='ocr_line' id='line_1_18' title="bbox 313 1199 1393 1252; baseline -0.003 -11"><span class='ocrx_word' id='word_1_124' title='bbox 313 1202 386 1241; x_wconf 90' lang='lat' dir='ltr'>illis</span> <span class='ocrx_word' id='word_1_125' title='bbox 407 1202 541 1252; x_wconf 90' lang='lat' dir='ltr'>quibu&#39;</span> <span class='ocrx_word' id='word_1_126' title='bbox 563 1201 729 1240; x_wconf 87' lang='lat' dir='ltr'>tributus</span> <span class='ocrx_word' id='word_1_127' title='bbox 750 1200 874 1239; x_wconf 86' lang='lat' dir='ltr'>maior</span> <span class='ocrx_word' id='word_1_128' title='bbox 894 1200 1089 1251; x_wconf 85' lang='lat' dir='ltr'>penditur,</span> <span class='ocrx_word' id='word_1_129' title='bbox 1113 1199 1233 1250; x_wconf 90' lang='lat' dir='ltr'>pendi</span> <span class='ocrx_word' id='word_1_130' title='bbox 1254 1207 1393 1250; x_wconf 87' lang='lat' dir='ltr'>potest.</span> 
     </span>
     <span class='ocr_line' id='line_1_19' title="bbox 315 1264 1595 1319; baseline -0.004 -12"><span class='ocrx_word' id='word_1_131' title='bbox 315 1268 411 1319; x_wconf 89' lang='lat' dir='ltr'>quid</span> <span class='ocrx_word' id='word_1_132' title='bbox 431 1267 527 1306; x_wconf 89' lang='lat' dir='ltr'>istae</span> <span class='ocrx_word' id='word_1_133' title='bbox 547 1281 649 1317; x_wconf 87' lang='lat' dir='ltr'>quae</span> <span class='ocrx_word' id='word_1_134' title='bbox 669 1266 793 1305; x_wconf 87' lang='lat' dir='ltr'>uestei</span> <span class='ocrx_word' id='word_1_135' title='bbox 815 1265 1028 1316; x_wconf 85' lang='lat' dir='ltr'>quotannis</span> <span class='ocrx_word' id='word_1_136' title='bbox 1049 1264 1212 1304; x_wconf 88' lang='lat' dir='ltr'>nomina</span> <span class='ocrx_word' id='word_1_137' title='bbox 1231 1264 1439 1303; x_wconf 84' lang='lat' dir='ltr'>inueniunt</span> <span class='ocrx_word' id='word_1_138' title='bbox 1459 1266 1595 1303; x_wconf 88' lang='lat' dir='ltr'>noua?</span> 
     </span>
     <span class='ocr_line' id='line_1_20' title="bbox 315 1329 1736 1381; baseline -0.004 -9"><span class='ocrx_word' id='word_1_139' title='bbox 315 1333 488 1372; x_wconf 87' lang='lat' dir='ltr'>tunicam</span> <span class='ocrx_word' id='word_1_140' title='bbox 509 1334 654 1380; x_wconf 89' lang='lat' dir='ltr'>rallam,</span> <span class='ocrx_word' id='word_1_141' title='bbox 677 1331 851 1370; x_wconf 88' lang='lat' dir='ltr'>tunicam</span> <span class='ocrx_word' id='word_1_142' title='bbox 873 1331 1048 1381; x_wconf 81' lang='lat' dir='ltr'>spissam,</span> <span class='ocrx_word' id='word_1_143' title='bbox 1072 1330 1278 1369; x_wconf 88' lang='lat' dir='ltr'>linteolum</span> <span class='ocrx_word' id='word_1_144' title='bbox 1299 1329 1520 1377; x_wconf 89' lang='lat' dir='ltr'>caesicium‚</span> <span class='ocrx_word' id='word_1_145' title='bbox 1667 1339 1736 1373; x_wconf 87' lang='lat'>230</span> 
     </span>
     <span class='ocr_line' id='line_1_21' title="bbox 255 1396 1408 1448; baseline -0.002 -14"><span class='ocrx_word' id='word_1_146' title='bbox 255 1413 296 1445; x_wconf 82' lang='lat'>50</span> <span class='ocrx_word' id='word_1_147' title='bbox 315 1398 563 1445; x_wconf 86' lang='lat' dir='ltr'>indusiatam,</span> <span class='ocrx_word' id='word_1_148' title='bbox 586 1397 834 1448; x_wconf 83' lang='lat' dir='ltr'>patagiatam,</span> <span class='ocrx_word' id='word_1_149' title='bbox 859 1398 1044 1434; x_wconf 88' lang='lat' dir='ltr'>caltulam</span> <span class='ocrx_word' id='word_1_150' title='bbox 1065 1403 1132 1434; x_wconf 89' lang='lat' dir='ltr'>aut</span> <span class='ocrx_word' id='word_1_151' title='bbox 1153 1396 1408 1443; x_wconf 89' lang='lat' dir='ltr'>crocotulam,</span> 
     </span>
     <span class='ocr_line' id='line_1_22' title="bbox 315 1458 1629 1514; baseline -0.005 -11"><span class='ocrx_word' id='word_1_152' title='bbox 315 1465 528 1514; x_wconf 86' lang='lat' dir='ltr'>subparum</span> <span class='ocrx_word' id='word_1_153' title='bbox 548 1461 930 1509; x_wconf 83' lang='lat' dir='ltr'>aut—subnimium,</span> <span class='ocrx_word' id='word_1_154' title='bbox 951 1461 1083 1508; x_wconf 87' lang='lat' dir='ltr'>ricam,</span> <span class='ocrx_word' id='word_1_155' title='bbox 1106 1459 1312 1499; x_wconf 86' lang='lat' dir='ltr'>basilicum</span> <span class='ocrx_word' id='word_1_156' title='bbox 1333 1467 1400 1498; x_wconf 88' lang='lat' dir='ltr'>aut</span> <span class='ocrx_word' id='word_1_157' title='bbox 1420 1458 1629 1506; x_wconf 86' lang='lat' dir='ltr'>exoticum,</span> 
     </span>
     <span class='ocr_line' id='line_1_23' title="bbox 314 1525 1650 1578; baseline -0.004 -10"><span class='ocrx_word' id='word_1_158' title='bbox 314 1528 498 1568; x_wconf 88' lang='lat' dir='ltr'>cumatile</span> <span class='ocrx_word' id='word_1_159' title='bbox 531 1536 597 1567; x_wconf 89' lang='lat' dir='ltr'>aut</span> <span class='ocrx_word' id='word_1_160' title='bbox 628 1527 842 1578; x_wconf 71' lang='lat' dir='ltr'>plumaffle,</span> <span class='ocrx_word' id='word_1_161' title='bbox 877 1525 1051 1565; x_wconf 88' lang='lat' dir='ltr'>carinum</span> <span class='ocrx_word' id='word_1_162' title='bbox 1084 1533 1151 1564; x_wconf 87' lang='lat' dir='ltr'>aut</span> <span class='ocrx_word' id='word_1_163' title='bbox 1181 1525 1545 1575; x_wconf 77' lang='lat' dir='ltr'>cerinum—-gerrae</span> <span class='ocrx_word' id='word_1_164' title='bbox 1572 1537 1650 1562; x_wconf 88' lang='lat' dir='ltr'>ma-</span> 
     </span>
     <span class='ocr_line' id='line_1_24' title="bbox 1481 1592 1647 1628; baseline -0.006 0"><span class='ocrx_word' id='word_1_165' title='bbox 1481 1602 1622 1628; x_wconf 87' lang='lat' dir='ltr'>xumae</span> <span class='ocrx_word' id='word_1_166' title='bbox 1640 1592 1647 1627; x_wconf 84' lang='lat'>!</span> 
     </span>
     <span class='ocr_line' id='line_1_25' title="bbox 315 1654 1647 1710; baseline -0.005 -12"><span class='ocrx_word' id='word_1_167' title='bbox 315 1659 403 1698; x_wconf 87' lang='lat' dir='ltr'>cani</span> <span class='ocrx_word' id='word_1_168' title='bbox 437 1672 596 1710; x_wconf 85' lang='lat' dir='ltr'>quoque</span> <span class='ocrx_word' id='word_1_169' title='bbox 627 1659 744 1698; x_wconf 87' lang='lat' dir='ltr'>etiarn</span> <span class='ocrx_word' id='word_1_170' title='bbox 779 1659 1050 1709; x_wconf 86' lang='lat' dir='ltr'>ademptumst</span> <span class='ocrx_word' id='word_1_171' title='bbox 1083 1670 1241 1696; x_wconf 89' lang='lat' dir='ltr'>nomen.</span> <span class='ocrx_word' id='word_1_172' title='bbox 1313 1657 1381 1694; x_wconf 82' lang='lat' dir='ltr'>PE.</span> <span class='ocrx_word' id='word_1_173' title='bbox 1414 1654 1511 1705; x_wconf 83' lang='lat' dir='ltr'>qui?</span> <span class='ocrx_word' id='word_1_174' title='bbox 1577 1655 1647 1692; x_wconf 82' lang='grc' dir='ltr'>ΕΡ.</span> 
     </span>
     <span class='ocr_line' id='line_1_26' title="bbox 1227 1719 1646 1760; baseline -0.01 0"><span class='ocrx_word' id='word_1_175' title='bbox 1227 1729 1373 1760; x_wconf 89' lang='lat' dir='ltr'>uocant</span> <span class='ocrx_word' id='word_1_176' title='bbox 1393 1719 1646 1759; x_wconf 89' lang='lat' dir='ltr'>Laconicum.</span> 
     </span>
     <span class='ocr_line' id='line_1_27' title="bbox 316 1787 1732 1840; baseline -0.006 -11"><span class='ocrx_word' id='word_1_177' title='bbox 316 1791 413 1829; x_wconf 90' lang='lat' dir='ltr'>haec</span> <span class='ocrx_word' id='word_1_178' title='bbox 434 1790 629 1829; x_wconf 85' lang='lat' dir='ltr'>uocabula</span> <span class='ocrx_word' id='word_1_179' title='bbox 648 1789 851 1829; x_wconf 88' lang='lat' dir='ltr'>auctiones</span> <span class='ocrx_word' id='word_1_180' title='bbox 873 1789 1059 1840; x_wconf 88' lang='lat' dir='ltr'>subigunt</span> <span class='ocrx_word' id='word_1_181' title='bbox 1079 1796 1121 1828; x_wconf 89' lang='lat' dir='ltr'>ut</span> <span class='ocrx_word' id='word_1_182' title='bbox 1142 1788 1286 1827; x_wconf 88' lang='lat' dir='ltr'>faciant</span> <span class='ocrx_word' id='word_1_183' title='bbox 1306 1787 1421 1825; x_wconf 90' lang='lat' dir='ltr'>uiros.</span> <span class='ocrx_word' id='word_1_184' title='bbox 1668 1796 1732 1832; x_wconf 88' lang='lat'>235</span> 
     </span>
    </p>
   </div>
   <div class='ocr_carea' id='block_1_3' title="bbox 257 1851 1650 1954">
    <p class='ocr_par' dir='ltr' id='par_1_3' title="bbox 257 1851 1650 1954">
     <span class='ocr_line' id='line_1_28' title="bbox 257 1851 1650 1906; baseline -0.005 -11"><span class='ocrx_word' id='word_1_185' title='bbox 257 1868 297 1901; x_wconf 87' lang='grc'>55</span> <span class='ocrx_word' id='word_1_186' title='bbox 317 1857 389 1895; x_wconf 86' lang='grc' dir='ltr'>ΑΡ.</span> <span class='ocrx_word' id='word_1_187' title='bbox 420 1856 516 1906; x_wconf 88' lang='lat' dir='ltr'>quin</span> <span class='ocrx_word' id='word_1_188' title='bbox 536 1864 578 1894; x_wconf 90' lang='lat' dir='ltr'>tu</span> <span class='ocrx_word' id='word_1_189' title='bbox 598 1863 640 1894; x_wconf 88' lang='lat' dir='ltr'>ut</span> <span class='ocrx_word' id='word_1_190' title='bbox 661 1855 849 1906; x_wconf 89' lang='lat' dir='ltr'>occepisti</span> <span class='ocrx_word' id='word_1_191' title='bbox 879 1857 1073 1906; x_wconf 88' lang='lat' dir='ltr'>loquere?</span> <span class='ocrx_word' id='word_1_192' title='bbox 1131 1856 1200 1893; x_wconf 85' lang='lat' dir='ltr'>EP.</span> <span class='ocrx_word' id='word_1_193' title='bbox 1233 1865 1422 1903; x_wconf 88' lang='lat' dir='ltr'>occepere</span> <span class='ocrx_word' id='word_1_194' title='bbox 1445 1851 1544 1890; x_wconf 86' lang='lat' dir='ltr'>aliae</span> <span class='ocrx_word' id='word_1_195' title='bbox 1567 1863 1650 1888; x_wconf 92' lang='lat' dir='ltr'>mu-</span> 
     </span>
     <span class='ocr_line' id='line_1_29' title="bbox 1537 1915 1648 1954; baseline -0.009 0"><span class='ocrx_word' id='word_1_196' title='bbox 1537 1915 1648 1954; x_wconf 86' lang='lat' dir='ltr'>lieres</span> 
     </span>
    </p>
   </div>
   <div class='ocr_carea' id='block_1_4' title="bbox 275 2018 1654 2372">
    <p class='ocr_par' dir='ltr' id='par_1_4' title="bbox 317 2018 1654 2240">
     <span class='ocr_line' id='line_1_30' title="bbox 361 2018 1654 2067; baseline -0.006 -11"><span class='ocrx_word' id='word_1_197' title='bbox 361 2036 424 2056; x_wconf 86' lang='lat'>222</span> <span class='ocrx_word' id='word_1_198' title='bbox 448 2030 648 2057; x_wconf 84' lang='lat' dir='ltr'>ornamenta</span> <span class='ocrx_word' id='word_1_199' title='bbox 663 2026 698 2056; x_wconf 91' lang='lat' dir='ltr'><em>P</em></span> <span class='ocrx_word' id='word_1_200' title='bbox 712 2026 759 2067; x_wconf 86' lang='lat' dir='ltr'>(v.</span> <span class='ocrx_word' id='word_1_201' title='bbox 782 2036 830 2063; x_wconf 78' lang='lat'>12,</span> <span class='ocrx_word' id='word_1_202' title='bbox 850 2036 883 2066; x_wconf 89' lang='lat' dir='ltr'>p.</span> <span class='ocrx_word' id='word_1_203' title='bbox 902 2027 959 2065; x_wconf 81' lang='grc'>76)</span> <span class='ocrx_word' id='word_1_204' title='bbox 1084 2035 1147 2063; x_wconf 86' lang='lat'>224</span> <span class='ocrx_word' id='word_1_205' title='bbox 1171 2023 1358 2062; x_wconf 82' lang='lat' dir='ltr'>inpluuiata</span> <span class='ocrx_word' id='word_1_206' title='bbox 1375 2021 1421 2057; x_wconf 84' lang='lat' dir='ltr'>A,</span> <span class='ocrx_word' id='word_1_207' title='bbox 1442 2019 1531 2051; x_wconf 88' lang='lat' dir='ltr'>codd.</span> <span class='ocrx_word' id='word_1_208' title='bbox 1549 2018 1654 2049; x_wconf 84' lang='lat' dir='ltr'>Nom&#39;i</span> 
     </span>
     <span class='ocr_line' id='line_1_31' title="bbox 317 2063 1649 2110; baseline -0.005 -10"><span class='ocrx_word' id='word_1_209' title='bbox 317 2070 382 2108; x_wconf 85' lang='lat'>548</span> <span class='ocrx_word' id='word_1_210' title='bbox 442 2068 580 2100; x_wconf 84' lang='lat' dir='ltr'>facimus</span> <span class='ocrx_word' id='word_1_211' title='bbox 596 2069 630 2100; x_wconf 87' lang='lat' dir='ltr'><em>P</em></span> <span class='ocrx_word' id='word_1_212' title='bbox 746 2079 809 2109; x_wconf 84' lang='lat'>225</span> <span class='ocrx_word' id='word_1_213' title='bbox 834 2069 924 2110; x_wconf 85' lang='lat' dir='ltr'>utin]</span> <span class='ocrx_word' id='word_1_214' title='bbox 943 2068 1022 2100; x_wconf 84' lang='lat' dir='ltr'>utA</span> <span class='ocrx_word' id='word_1_215' title='bbox 1040 2069 1117 2108; x_wconf 81' lang='lat' dir='ltr'>(seq.</span> <span class='ocrx_word' id='word_1_216' title='bbox 1139 2068 1204 2106; x_wconf 83' lang='lat' dir='ltr'>in-)</span> <span class='ocrx_word' id='word_1_217' title='bbox 1273 2065 1390 2106; x_wconf 78' lang='lat' dir='ltr'>fuerit]</span> <span class='ocrx_word' id='word_1_218' title='bbox 1405 2065 1469 2096; x_wconf 90' lang='lat' dir='ltr'>erit</span> <span class='ocrx_word' id='word_1_219' title='bbox 1485 2063 1519 2094; x_wconf 93' lang='lat' dir='ltr'><em>P</em></span> <span class='ocrx_word' id='word_1_220' title='bbox 1581 2067 1649 2093; x_wconf 89' lang='lat' dir='ltr'>tam</span> 
     </span>
     <span class='ocr_line' id='line_1_32' title="bbox 318 2109 1648 2154; baseline -0.005 -12"><span class='ocrx_word' id='word_1_221' title='bbox 318 2124 383 2144; x_wconf 88' lang='lat' dir='ltr'>om.</span> <span class='ocrx_word' id='word_1_222' title='bbox 396 2113 428 2144; x_wconf 89' lang='lat' dir='ltr'><em>P</em></span> <span class='ocrx_word' id='word_1_223' title='bbox 443 2113 504 2153; x_wconf 84' lang='lat' dir='ltr'>(iii.</span> <span class='ocrx_word' id='word_1_224' title='bbox 522 2114 555 2152; x_wconf 87' lang='lat'>6,</span> <span class='ocrx_word' id='word_1_225' title='bbox 574 2124 605 2153; x_wconf 92' lang='lat' dir='ltr'>p.</span> <span class='ocrx_word' id='word_1_226' title='bbox 624 2114 682 2154; x_wconf 88' lang='grc'>49)</span> <span class='ocrx_word' id='word_1_227' title='bbox 816 2115 880 2144; x_wconf 87' lang='grc'>226</span> <span class='ocrx_word' id='word_1_228' title='bbox 903 2112 1025 2143; x_wconf 88' lang='lat' dir='ltr'>eundis</span> <span class='ocrx_word' id='word_1_229' title='bbox 1050 2111 1082 2142; x_wconf 85' lang='lat' dir='ltr'><em>A</em></span> <span class='ocrx_word' id='word_1_230' title='bbox 1109 2111 1153 2151; x_wconf 82' lang='lat' dir='ltr'>(E</span> <span class='ocrx_word' id='word_1_231' title='bbox 1169 2116 1230 2151; x_wconf 83' lang='lat' dir='ltr'>pro</span> <span class='ocrx_word' id='word_1_232' title='bbox 1255 2109 1296 2148; x_wconf 84' lang='lat' dir='ltr'>F)</span> <span class='ocrx_word' id='word_1_233' title='bbox 1423 2118 1486 2146; x_wconf 88' lang='lat'>227</span> <span class='ocrx_word' id='word_1_234' title='bbox 1512 2111 1648 2146; x_wconf 85' lang='lat' dir='ltr'>potesse</span> 
     </span>
     <span class='ocr_line' id='line_1_33' title="bbox 318 2149 1651 2198; baseline -0.005 -12"><span class='ocrx_word' id='word_1_235' title='bbox 318 2156 352 2186; x_wconf 94' lang='lat' dir='ltr'><em>P</em></span> <span class='ocrx_word' id='word_1_236' title='bbox 365 2158 440 2197; x_wconf 82' lang='lat' dir='ltr'>(pro</span> <span class='ocrx_word' id='word_1_237' title='bbox 457 2161 538 2195; x_wconf 87' lang='lat' dir='ltr'>pote</span> <span class='ocrx_word' id='word_1_238' title='bbox 552 2157 579 2198; x_wconf 76' lang='lat'>3)</span> <span class='ocrx_word' id='word_1_239' title='bbox 685 2158 750 2187; x_wconf 87' lang='grc'>228</span> <span class='ocrx_word' id='word_1_240' title='bbox 775 2157 909 2187; x_wconf 82' lang='lat' dir='ltr'>tributis</span> <span class='ocrx_word' id='word_1_241' title='bbox 925 2156 958 2185; x_wconf 89' lang='lat' dir='ltr'><em>A</em></span> <span class='ocrx_word' id='word_1_242' title='bbox 1052 2163 1179 2194; x_wconf 83' lang='lat'><strong>229—35</strong></span> <span class='ocrx_word' id='word_1_243' title='bbox 1198 2157 1309 2194; x_wconf 64' lang='lat' dir='ltr'>postea</span> <span class='ocrx_word' id='word_1_244' title='bbox 1326 2153 1460 2182; x_wconf 79' lang='lat' dir='ltr'>insertos</span> <span class='ocrx_word' id='word_1_245' title='bbox 1475 2160 1541 2180; x_wconf 82' lang='lat' dir='ltr'>esse</span> <span class='ocrx_word' id='word_1_246' title='bbox 1555 2149 1651 2180; x_wconf 84' lang='lat' dir='ltr'>credit</span> 
     </span>
     <span class='ocr_line' id='line_1_34' title="bbox 322 2193 1649 2240; baseline -0.006 -10"><span class='ocrx_word' id='word_1_247' title='bbox 322 2199 466 2240; x_wconf 79' lang='lat' dir='ltr'>Wagner</span> <span class='ocrx_word' id='word_1_248' title='bbox 551 2210 611 2239; x_wconf 83' lang='lat'>231</span> <span class='ocrx_word' id='word_1_249' title='bbox 639 2201 801 2231; x_wconf 84' lang='lat' dir='ltr'>crutularn</span> <span class='ocrx_word' id='word_1_250' title='bbox 819 2199 853 2229; x_wconf 92' lang='lat' dir='ltr'><em>P</em></span> <span class='ocrx_word' id='word_1_251' title='bbox 939 2209 1002 2238; x_wconf 87' lang='lat'>232</span> <span class='ocrx_word' id='word_1_252' title='bbox 1027 2197 1228 2228; x_wconf 84' lang='lat' dir='ltr'>subnimium</span> <span class='ocrx_word' id='word_1_253' title='bbox 1248 2195 1378 2226; x_wconf 82' lang='lat' dir='ltr'>Nonius</span> <span class='ocrx_word' id='word_1_254' title='bbox 1394 2196 1478 2234; x_wconf 85' lang='lat'><strong>560:</strong></span> <span class='ocrx_word' id='word_1_255' title='bbox 1511 2193 1573 2224; x_wconf 86' lang='lat' dir='ltr'>sub</span> <span class='ocrx_word' id='word_1_256' title='bbox 1590 2193 1649 2222; x_wconf 89' lang='lat' dir='ltr'>mi-</span> 
     </span>
    </p>

    <p class='ocr_par' dir='ltr' id='par_1_5' title="bbox 275 2235 1652 2372">
     <span class='ocr_line' id='line_1_35' title="bbox 275 2235 1652 2281; baseline -0.007 -7"><span class='ocrx_word' id='word_1_257' title='bbox 275 2252 284 2262; x_wconf 52' lang='lat'><em>*</em></span> <span class='ocrx_word' id='word_1_258' title='bbox 319 2244 409 2275; x_wconf 82' lang='lat' dir='ltr'>niam</span> <span class='ocrx_word' id='word_1_259' title='bbox 422 2243 473 2276; x_wconf 88' lang='lat' dir='ltr'>P:</span> <span class='ocrx_word' id='word_1_260' title='bbox 499 2244 724 2274; x_wconf 85' lang='lat' dir='ltr'>subnimniam</span> <span class='ocrx_word' id='word_1_261' title='bbox 747 2243 779 2273; x_wconf 86' lang='lat' dir='ltr'><em>A</em></span> <span class='ocrx_word' id='word_1_262' title='bbox 897 2252 960 2281; x_wconf 84' lang='lat'>233</span> <span class='ocrx_word' id='word_1_263' title='bbox 977 2242 1130 2272; x_wconf 83' lang='lat' dir='ltr'>carinum</span> <span class='ocrx_word' id='word_1_264' title='bbox 1149 2243 1236 2281; x_wconf 81' lang='lat' dir='ltr'>(gar-</span> <span class='ocrx_word' id='word_1_265' title='bbox 1254 2238 1302 2277; x_wconf 89' lang='grc' dir='ltr'>Ρ)</span> <span class='ocrx_word' id='word_1_266' title='bbox 1319 2244 1375 2269; x_wconf 84' lang='lat' dir='ltr'>aut</span> <span class='ocrx_word' id='word_1_267' title='bbox 1391 2237 1564 2277; x_wconf 86' lang='lat' dir='ltr'>gerrinum</span> <span class='ocrx_word' id='word_1_268' title='bbox 1580 2235 1652 2265; x_wconf 87' lang='grc' dir='ltr'>ΑΡ</span> 
     </span>
     <span class='ocr_line' id='line_1_36' title="bbox 318 2281 1646 2329; baseline -0.011 -6"><span class='ocrx_word' id='word_1_269' title='bbox 318 2288 370 2327; x_wconf 69' lang='lat' dir='ltr'>(tf</span> <span class='ocrx_word' id='word_1_270' title='bbox 386 2291 393 2304; x_wconf 90' lang='lat'>‘</span> <span class='ocrx_word' id='word_1_271' title='bbox 408 2288 584 2327; x_wconf 83' lang='lat' dir='ltr'>gubern0,&#39;</span> <span class='ocrx_word' id='word_1_272' title='bbox 604 2286 674 2327; x_wconf 82' lang='lat' dir='ltr'>etc.)</span> <span class='ocrx_word' id='word_1_273' title='bbox 692 2298 699 2317; x_wconf 94' lang='lat'>:</span> <span class='ocrx_word' id='word_1_274' title='bbox 724 2286 874 2318; x_wconf 88' lang='lat' dir='ltr'>cerinum</span> <span class='ocrx_word' id='word_1_275' title='bbox 896 2292 953 2316; x_wconf 89' lang='lat' dir='ltr'>aut</span> <span class='ocrx_word' id='word_1_276' title='bbox 970 2285 1118 2325; x_wconf 67' lang='lat' dir='ltr'>gelinum</span> <span class='ocrx_word' id='word_1_277' title='bbox 1136 2282 1223 2314; x_wconf 88' lang='lat' dir='ltr'>codd.</span> <span class='ocrx_word' id='word_1_278' title='bbox 1240 2281 1345 2312; x_wconf 78' lang='lat' dir='ltr'>Nonii</span> <span class='ocrx_word' id='word_1_279' title='bbox 1357 2292 1422 2321; x_wconf 83' lang='lat'>549</span> <span class='ocrx_word' id='word_1_280' title='bbox 1573 2289 1646 2329; x_wconf 35' lang='lat'>’234</span> 
     </span>
     <span class='ocr_line' id='line_1_37' title="bbox 319 2322 1646 2372; baseline -0.007 -9"><span class='ocrx_word' id='word_1_281' title='bbox 319 2332 479 2372; x_wconf 87' lang='lat' dir='ltr'>adeptust</span> <span class='ocrx_word' id='word_1_282' title='bbox 495 2331 528 2360; x_wconf 86' lang='lat' dir='ltr'><em>A</em></span> <span class='ocrx_word' id='word_1_283' title='bbox 600 2331 740 2371; x_wconf 83' lang='lat' dir='ltr'>uocant]</span> <span class='ocrx_word' id='word_1_284' title='bbox 758 2330 904 2369; x_wconf 72' lang='lat' dir='ltr'>eubeant</span> <span class='ocrx_word' id='word_1_285' title='bbox 919 2328 954 2359; x_wconf 87' lang='lat' dir='ltr'><em>A</em></span> <span class='ocrx_word' id='word_1_286' title='bbox 976 2331 1056 2370; x_wconf 85' lang='lat' dir='ltr'>(pro</span> <span class='ocrx_word' id='word_1_287' title='bbox 1072 2328 1208 2358; x_wconf 73' lang='lat' dir='ltr'>iubeant</span> <span class='ocrx_word' id='word_1_288' title='bbox 1219 2326 1245 2368; x_wconf 66' lang='grc' dir='ltr'>ἓ)</span> <span class='ocrx_word' id='word_1_289' title='bbox 1344 2335 1406 2364; x_wconf 86' lang='grc'>235</span> <span class='ocrx_word' id='word_1_290' title='bbox 1432 2323 1495 2354; x_wconf 89' lang='lat' dir='ltr'>uiri</span> <span class='ocrx_word' id='word_1_291' title='bbox 1508 2322 1542 2354; x_wconf 89' lang='lat' dir='ltr'><em>P</em></span> <span class='ocrx_word' id='word_1_292' title='bbox 1554 2324 1590 2364; x_wconf 87' lang='lat'>(1.</span> <span class='ocrx_word' id='word_1_293' title='bbox 1609 2323 1646 2362; x_wconf 86' lang='lat'>9)</span> 
     </span>
    </p>
   </div>
  </div>
 </body>
</html>
