1814 2723
213 45 333 84 11.iii
699 44 745 80 T.
779 41 960 80 MACCI
993 39 1197 78 PLAVTI

288 153 341 191 mi
360 155 601 192 aduorsatur.
634 153 789 190 subolet
809 153 886 189 hoc
906 150 983 188 iam
1004 148 1113 187 uxori
1134 148 1242 198 quod
1263 160 1335 197 ego
1356 146 1584 186 machinor:

287 226 445 271 propter
465 232 552 257 eam
573 231 654 256 rem
676 216 798 267 magis
818 215 1008 265 armigero
1029 215 1095 253 dat
1115 226 1275 265 operam
1296 213 1347 251 de
1366 211 1567 251 industria.

225 335 271 371 iv
585 330 878 367 CHALles
989 327 1316 363 LYSIDAMVS

291 418 361 454 Lv.
395 416 474 465 Qui
504 415 613 453 illum
644 414 684 453 di
714 427 852 452 omnes
882 414 1060 462 deaeque
1089 412 1282 462 perdant!
1341 411 1420 449 CH.
1455 417 1493 449 te
1522 423 1618 448 uxor

1349 475 1478 514 aiebat
1498 483 1618 514 tua—-

291 561 355 586 me
370 560 522 586 uocare.
582 548 652 584 LY.
685 558 757 595 ego
773 544 879 584 enim
899 543 1031 583 uocari
1051 542 1154 595 iussi.
1215 544 1292 582 CH.
1324 544 1508 592 eloquere
1524 541 1619 591 quid
1639 550 1708 584 280

908 614 918 617 ”
1510 606 1617 645 uelis.

293 680 363 716 Lv.
395 677 565 728 primum
587 689 659 726 ego
680 684 718 714 te
738 674 975 725 porrectiore
995 675 1123 712 fronte
1143 675 1236 712 uolo
1258 686 1414 711 mecum
1434 672 1542 722 loqui
1557 687 1568 720 3

294 742 456 782 stultitia
477 750 534 780 est
555 741 590 780 ei
611 749 649 779 te
670 754 755 779 esse
775 740 923 778 tristem
945 739 1087 789 quoius
1108 745 1281 788 potestas
1303 740 1390 787 plus
1411 744 1551 787 potest.

257 826 274 858 5
295 808 462 858 probum
491 814 528 845 et
555 805 653 856 frugi
680 805 883 843 hominem
910 804 987 842 iarn
1014 803 1167 854 pridem
1194 816 1279 841 esse
1306 802 1479 840 arbitror.
1539 803 1618 841 CH.

1423 867 1619 917 intellego.

293 938 399 988 quin,
423 937 453 976 si
475 937 527 976 ita
546 936 741 983 arbitrare,
765 935 910 974 emittis
930 948 994 973 me
1014 936 1164 972 manu?
1221 935 1289 971 Lv.
1322 932 1418 983 quin
1438 932 1478 971 id
1499 934 1602 971 uolo.
1642 938 1753 982 284-5

293 1004 364 1042 sed
385 1002 482 1040 nihil
503 1009 561 1041 est
581 1015 645 1039 me
665 1014 809 1051 cupere
829 1002 986 1046 factum,
1011 998 1085 1037 nisi
1106 1006 1147 1036 tu
1169 997 1280 1036 factis
1300 997 1475 1036 adiuuas.

295 1070 373 1109 CH.
406 1068 502 1118 quid
523 1067 620 1105 uelis
642 1067 763 1104 modo
784 1065 824 1104 id
845 1065 964 1103 uelim
987 1078 1050 1102 me
1070 1063 1178 1102 scire.
1240 1065 1309 1101 Lv.
1341 1063 1530 1109 ausculta,
1552 1074 1626 1112 ego

1474 1129 1623 1177 loquar.

296 1199 483 1239 Casinam
504 1211 577 1248 ego
597 1210 757 1236 uxorem
780 1195 940 1246 promisi
961 1194 1079 1234 uilico
1100 1201 1234 1233 nostro
1255 1194 1357 1232 dare.

240 1281 277 1303 10
297 1266 374 1304 CH.
405 1271 444 1302 at
465 1271 531 1301 tua
551 1275 646 1300 uxor
666 1261 848 1311 filiusque
868 1260 1131 1310 promiserunt
1152 1258 1259 1297 mihi.
1321 1260 1390 1296 Lv.
1423 1257 1515 1296 scio.

296 1331 366 1369 sed
386 1336 516 1368 utrum
537 1341 643 1366 nunc
663 1335 705 1365 tu
726 1326 917 1365 caelibem
938 1333 976 1364 te
996 1325 1081 1364 e'sse
1103 1324 1228 1363 mauis
1248 1324 1415 1362 liberum
1646 1337 1717 1372 290

295 1409 347 1434 an
368 1394 550 1433 maritum
571 1406 727 1432 seruom
747 1399 916 1430 aetatem
937 1392 1078 1441 degere
1099 1398 1137 1428 et
1157 1397 1296 1440 gnatos
1316 1391 1435 1428 tuos?

297 1461 406 1513 optio
427 1462 524 1499 haec
544 1467 611 1498 tua
631 1466 688 1498 est
705 1475 711 1497 :
742 1466 868 1497 utram
888 1460 1027 1496 harum
1048 1457 1107 1495 uis
1128 1456 1406 1495 condicionem
1426 1454 1572 1505 accipe.

242 1609 277 1642 15
299 1593 349 1631 de
370 1591 514 1631 Casina
534 1597 683 1629 certum
704 1596 762 1627 est
782 1589 1000 1627 concedere
1020 1587 1171 1626 homini
1192 1594 1285 1625 nato
1306 1585 1465 1624 nemini.

301 1659 369 1695 Lv.
393 1657 495 1694 intro
507 1656 572 1695 abi
584 1663 702 1706 atque
715 1662 892 1693 actutum
906 1667 1067 1692 uxorem
1081 1655 1159 1691 huc
1173 1665 1298 1691 euoca
1308 1659 1400 1690 ante
1416 1650 1524 1690 aedis
1538 1649 1627 1697 cito,
1649 1660 1713 1698 295

300 1730 337 1761 et
358 1722 524 1761 sitellam
545 1723 624 1760 huc
644 1728 775 1759 tecum
797 1721 943 1758 ecferto
964 1722 1055 1757 cum
1075 1732 1178 1768 aqua
1197 1725 1237 1756 et
1257 1717 1380 1757 sortis.
1436 1717 1514 1756 CH.
1547 1715 1630 1754 sati'

1489 1782 1628 1831 placet.

302 1855 372 1893 Lv.
405 1867 478 1903 ego
498 1854 563 1903 pol
585 1853 699 1891 istam
720 1851 798 1890 iam
818 1851 1114 1901 aliquouorsum
1135 1850 1325 1900 tragulam
1347 1847 1542 1886 decidero.

301 1933 392 1958 nam
414 1919 445 1957 si
465 1919 520 1958 sic
540 1919 637 1957 nihil
656 1915 864 1968 impetrare
884 1924 1032 1967 potero,
1055 1917 1193 1954 saltem
1213 1913 1359 1953 sortiar.

244 2003 284 2025 20
302 1985 357 2024 ibi
378 1998 450 2034 ego
471 1992 509 2023 te
529 1991 566 2022 et
587 1985 858 2034 suffragatores
874 1990 963 2021 tuos
984 1981 1158 2019 ulciscar.
1218 1980 1296 2019 CH.
1327 1986 1502 2017 attamen

304 2050 400 2088 mihi
416 2049 592 2100 optinget
609 2063 701 2088 sors.
753 2050 823 2086 Lv.
847 2055 889 2086 ut
905 2047 1067 2097 quidem
1088 2047 1155 2096 pol
1171 2058 1306 2095 pereas
1323 2043 1496 2082 cruciatu
1513 2044 1628 2082 malo.
1651 2054 1719 2088 300

346 2154 405 2184 281
434 2153 677 2192 porrectiorem
695 2152 839 2183 frontem
859 2151 921 2192 (·te
938 2151 985 2191 E)
1003 2150 1069 2181 cod.
1261 2149 1325 2187 283
1350 2148 1492 2187 probum
1510 2152 1543 2178 et
1560 2146 1580 2177 f.
1600 2146 1631 2177 h.

301 2196 455 2238 Seyffert:
508 2206 568 2236 pro
598 2197 688 2226 bone
720 2196 806 2234 frugi
841 2196 873 2226 h.
909 2194 973 2225 cod.
1006 2195 1083 2236 <pro
1111 2202 1172 2233 pro
1197 2192 1307 2222 bonae
1339 2191 1426 2231 frugi
1458 2190 1630 2229 hominez)

267 2247 276 2257 Χ
302 2243 364 2280 287
389 2250 442 2272 me
467 2241 553 2271 scire
580 2240 734 2270 Merula:
767 2239 910 2269 miscere
935 2237 1001 2268 cod.
1117 2236 1254 2275 eloquar
1283 2234 1429 2276 Mueller,
1447 2235 1528 2274 fort.
1559 2236 1636 2264 recte

301 2296 368 2325 290
391 2289 425 2315 tu
443 2294 533 2315 nunc
550 2283 703 2323 Kaempf
782 2283 830 2313 vel
846 2283 902 2312 ted
998 2294 1020 2305 κ
