1814 2723
166 42 219 79 ΙΙ.
240 41 286 78 iii
659 41 704 78 T.
739 39 919 77 MACCI
950 37 1155 77 PLAVTI

297 169 403 194 nunc
423 156 476 193 ita
495 154 683 193 conuenit
704 153 803 191 inter
824 167 887 191 me
906 159 1024 201 atque
1043 152 1160 197 hunc,
1184 151 1379 199 Tyndare,

297 228 340 259 ut
359 228 397 259 te
416 227 679 259 aestumatum
701 218 741 256 in
762 217 921 256 Alidem
942 216 1094 255 mittam
1114 216 1165 254 ad
1186 222 1347 266 patrem,

185 302 226 324 20
297 285 329 324 si
350 299 430 324 non
451 285 593 323 rebitas
614 286 704 330 huc,
727 290 769 321 ut
789 281 928 332 uiginti
948 281 1074 320 minas
1597 284 1666 330 380

296 353 389 390 dem
410 365 480 401 pro
500 358 548 389 te.
609 352 782 387 PHlLoc.
815 355 920 386 recte
940 346 1174 386 conuenisse
1195 345 1333 385 sentio.

296 431 388 455 nam
409 423 517 467 pater
537 422 736 465 exspectat
756 421 823 453 aut
839 427 903 452 me
923 420 990 451 aut
1009 412 1181 462 aliquem
1202 410 1385 450 nuntium

298 481 365 532 qui
386 481 478 519 hinc
497 482 548 519 ad
570 494 611 518 se
632 479 777 518 ueniat.
837 480 911 516 ΤΥ.
943 491 1034 528 ergo
1054 477 1231 515 animum
1251 477 1436 515 aduortas
1456 477 1550 515 uolo

297 561 398 597 quae
419 546 597 585 nuntiare
617 545 710 583 hinc
730 553 769 583 te
789 545 883 583 uolo
902 543 942 582 in
963 542 1126 593 patriam
1146 543 1197 581 ad
1217 549 1381 592 patrem.

187 627 224 659 25
245 615 416 650 PfflLoc.
450 610 704 657 Philocrates,
725 617 768 647 ut
787 610 920 647 adhuc
940 609 1118 646 locorum
1138 606 1224 653 feci,
1246 606 1387 644 faciam
1408 607 1547 645 sedulo
1599 611 1664 656 385

245 684 286 715 ut
307 675 569 727 potissumum
591 675 701 724 quod
721 674 759 712 in
781 687 864 712 rem
885 680 990 711 recte
1010 673 1208 710 conducat
1228 678 1347 717 tuam,

245 741 285 780 id
306 748 437 791 petam
465 739 468 790 1
494 740 534 778 id
555 753 845 789 persequarque
866 739 985 776 corde
1005 745 1043 776 et
1064 736 1198 775 animo
1218 743 1337 785 atque
1357 735 1526 773 auribus.

246 809 318 844 Tv.
351 805 445 843 facis
472 804 526 843 ita
551 811 593 842 ut
617 812 655 842 te
682 805 808 842 facere
829 810 994 853 oportet.
1054 815 1160 840 nunc
1188 800 1365 839 animum
1394 801 1580 839 aduortas

1462 866 1578 903 uolo:

247 936 425 976 omnium
447 935 615 986 primum
637 936 802 973 salutem
823 933 945 972 dicito
967 931 1079 971 matri
1101 939 1138 970 et
1159 930 1256 982 patri

189 1021 228 1051 30
247 1011 285 1041 et
306 1001 481 1052 cognatis
502 1008 540 1039 et
561 1000 592 1039 si
613 1013 731 1049 quem
752 999 871 1037 alium
893 999 1199 1037 beneuolentem
1220 996 1366 1035 uideris
1383 1010 1393 1043 3
1600 1010 1670 1046 390

247 1081 311 1106 me
331 1067 395 1105 hic
415 1068 544 1104 ualere
565 1072 602 1104 et
624 1064 852 1103 seruitutem
873 1062 1017 1101 seruire
1037 1062 1130 1100 huic
1150 1061 1301 1100 homini
1322 1068 1501 1111 optumo,

246 1131 313 1183 qui
334 1145 397 1170 me
418 1132 568 1169 honore
589 1129 856 1168 honestiorem
878 1141 1032 1178 semper
1052 1126 1145 1166 fecit
1165 1133 1203 1165 et
1224 1125 1327 1164 facit.

248 1199 418 1235 PHILOC.
451 1195 550 1233 istuc
570 1208 620 1233 ne
640 1193 866 1244 praecipias,
890 1192 1002 1231 facile
1023 1190 1214 1230 memoria
1233 1189 1396 1229 memini
1417 1197 1560 1228 tamen.

247 1264 318 1299 ΤΥ.
351 1274 442 1299 nam
464 1258 661 1310 equidem,
685 1258 759 1296 nisi
786 1259 894 1308 quod
921 1257 1128 1296 custodem
1158 1256 1298 1302 habeo,
1320 1255 1487 1293 liberum
1516 1267 1581 1292 me

1300 1334 1385 1359 esse
1403 1320 1578 1359 arbitror.

189 1409 228 1442 35
247 1392 369 1431 dicito
389 1391 487 1442 patri
508 1404 588 1441 quo
609 1397 726 1441 pacto
747 1389 843 1428 mihi
864 1402 955 1427 cum
976 1389 1053 1426 hoc
1074 1386 1304 1427 conuenerit
1601 1402 1667 1438 395

246 1460 297 1497 de
317 1457 433 1496 huius
463 1456 553 1495 filio.
615 1458 785 1494 PHILOC.
818 1468 920 1505 quae
949 1453 1123 1500 memini,
1147 1467 1257 1492 mora
1280 1466 1386 1491 mera
1413 1459 1471 1490 est
1498 1465 1582 1490 mo-

1444 1518 1580 1557 nerier.

248 1591 321 1626 Tv.
364 1595 405 1626 ut
440 1601 530 1626 eum
565 1586 732 1625 redimat
765 1594 803 1625 et
834 1585 1004 1625 remittat
1043 1591 1221 1623 nostrum
1259 1585 1337 1622 huc
1374 1584 1582 1622 amborum

1440 1648 1581 1686 uicem.

252 1721 422 1757 PfflLoc.
456 1717 682 1756 meminero.
746 1719 827 1755 HE.
857 1723 897 1755 at
917 1729 1036 1767 quam
1064 1715 1233 1766 primum
1263 1721 1380 1765 pote:
1412 1713 1512 1752 istuc
1543 1713 1583 1751 in

1074 1794 1156 1819 rem
1177 1779 1368 1830 utriquest
1388 1792 1580 1817 maxume.

252 1851 423 1888 PHILoc.
455 1862 535 1887 non
558 1855 667 1887 tuom
688 1855 729 1886 tu
758 1846 870 1897 magi’
891 1846 1026 1885 uidere
1046 1859 1164 1896 quam
1190 1845 1254 1883 ille
1281 1858 1394 1883 suom
1421 1851 1583 1894 gnatum

1461 1909 1581 1959 cupit.

295 2019 362 2057 380
385 2017 464 2048 huic
483 2017 616 2047 Lomcm
747 2017 810 2056 387
836 2016 869 2047 id
887 2020 1000 2056 petam
1024 2014 1124 2054 idque
1149 2023 1334 2054 persequar
1345 2013 1581 2044 Camerarius:

243 2063 325 2102 fort.
354 2061 387 2091 id
412 2065 594 2100 petamque
618 2070 872 2100 persequarque
899 2059 968 2101 (vii.
997 2058 1030 2099 1)
1121 2057 1288 2095 uiribus]
1417 2067 1480 2096 392
1504 2057 1582 2088 fecit

254 2111 287 2136 et
312 2114 448 2144 semper
480 2104 697 2134 Wilamowz'tz
839 2113 903 2142 394
928 2103 1084 2143 equidem
1111 2100 1320 2131 Lambinus:
1354 2101 1489 2140 quidem
1515 2100 1582 2131 cod.

257 2149 329 2189 (sed
341 2158 419 2179 nam
441 2158 492 2187 eq.
514 2147 692 2186 usitatum)
825 2157 890 2186 395
915 2156 989 2176 curn
1014 2146 1079 2176 hoc
1103 2145 1182 2175 mihi
1206 2143 1366 2184 Pylades:
1401 2144 1483 2175 mihi
1507 2154 1583 2174 cum

255 2193 319 2223 hoe
335 2190 469 2234 (nunc)
486 2191 627 2222 Mueller
640 2191 773 2229 (Rham.
793 2190 884 2221 Mus.
901 2199 956 2229 54,
977 2190 1066 2230 3855,
1091 2189 1226 2219 vitantes
1243 2187 1374 2219 hiatum
1397 2197 1472 2219 cum
1493 2189 1497 2230 l
1518 2187 1584 2218 hoc

255 2237 319 2275 398
343 2239 422 2275 pote
439 2235 582 2275 Spengel
595 2246 601 2265 ε
626 2235 755 2274 poteris
772 2233 838 2265 cod.
857 2234 895 2274 (i.
915 2237 949 2273 7)
1053 2243 1119 2272 399
1141 2231 1191 2262 vel
1205 2242 1302 2271 mage

990 2294 1013 2305 l
