1742 2718
652 0 1029 34 ClS'sELLARlA
1429 0 1496 33 IV·
1523 0 1536 33 i

179 107 251 143 PH.
286 120 365 144 non
395 113 547 144 ecastor
576 107 671 143 falsa
700 119 887 143 memoro.
949 107 1019 143 LA.
1053 119 1155 152 nam,
1189 119 1363 155 opsecro,
1398 109 1504 145 unde

1183 172 1279 209 haec
1299 171 1504 220 gentium?

176 242 242 272 aut
263 235 349 285 quis
371 236 467 274 deus
488 235 633 274 obiecit
653 236 756 273 hanc
776 243 867 273 ante
888 235 1032 273 ostium
1054 243 1243 281 nostrum,
1267 235 1377 285 quasi

87 303 158 346 670
176 299 310 337 dedita
323 314 452 350 opera,
468 300 507 337 in
523 308 698 349 tempore
712 300 827 349 ipso?
859 302 931 337 PH.
951 302 1048 350 Spes
1065 299 1160 338 mihi
1175 308 1310 338 sancta
1323 301 1500 339 subueni.

241 411 492 447 HALISCA
605 411 906 448 LAMPADIO
1019 412 1436 449 PHANOSTRATA
1524 413 1552 449 ii

177 492 257 528 HA.
291 491 376 528 Nisi
393 490 489 540 quid
510 490 563 528 mi
584 490 660 541 opi’
677 490 716 529 di
733 492 839 537 dant,
858 490 1027 540 disperii,
1046 505 1175 541 neque
1191 493 1297 530 unde
1317 491 1503 530 auxilium

1160 564 1340 606 expetam
1362 557 1501 595 habeo.

335 620 467 670 itaque
487 620 704 671 petulantia
725 634 813 659 mea
833 635 896 659 me
916 620 1038 659 animi
1060 621 1240 660 miseram
1262 622 1391 660 habet.

281 700 382 736 quae
402 686 441 723 in
463 693 613 736 tergum
635 699 768 724 meum
790 699 840 723 ne
859 685 1022 724 ueniant
1043 688 1144 724 male
1164 687 1345 734 formido,

282 751 313 789 si
334 751 397 789 era
418 765 505 789 mea
525 751 621 800 sciat
642 758 722 789 tam
744 752 951 790 socordem
972 765 1057 790 esse
1078 765 1195 801 quam
1218 765 1315 790 sum.

87 820 152 862 675
282 830 453 866 quamne
474 816 513 854 in
535 816 718 855 manibus
739 816 847 854 tenui
867 824 986 866 atque
1006 816 1141 866 accepi
1162 816 1226 854 hic
1246 824 1337 856 ante
1357 817 1465 856 aedis
1528 834 1544 864 5

282 881 483 928 cistellam,
507 881 574 920 ubi
595 895 640 920 ea
662 881 710 919 sit
731 881 875 928 nescio,
900 881 973 920 nisi
995 889 1036 919 ut
1058 881 1197 931 opinor

442 948 529 984 loca
548 947 646 985 haec
667 946 820 985 circiter
840 946 893 984 mi
914 946 1067 985 excidit.

176 1011 250 1050 mei
272 1010 464 1058 homines,
488 1010 564 1049 mei
586 1019 837 1061 spectatores,
860 1011 976 1050 facite
996 1011 1197 1057 indicium,
1222 1012 1252 1050 si
1274 1012 1361 1063 quis
1382 1013 1491 1059 uidit,

175 1076 261 1127 quis
282 1090 368 1115 eam
392 1076 595 1127 apstulerit
621 1076 760 1126 quisue
787 1075 985 1115 sustulerit
1012 1084 1050 1115 et
1077 1084 1206 1114 utrum
1234 1079 1307 1115 hac
1337 1092 1385 1115 an
1417 1078 1503 1116 illac

1220 1141 1290 1180 iter
1310 1141 1500 1180 institerit.

87 1210 157 1245 680
283 1220 364 1245 non
386 1220 471 1244 sum
493 1205 625 1244 scitior
645 1220 746 1256 quae
767 1207 839 1244 hos
860 1220 993 1257 rogem
1015 1214 1082 1245 aut
1103 1221 1203 1257 quae
1225 1206 1395 1257 fatigem,
1528 1224 1565 1245 10

283 1271 349 1321 qui
371 1284 525 1320 semper
546 1273 650 1309 malo
672 1270 854 1309 muliebri
875 1279 965 1309 sunt
986 1272 1176 1310 lubentes.

282 1350 388 1374 nunc
408 1335 572 1386 uestigia
592 1335 655 1374 hic
677 1335 707 1374 si
729 1350 807 1386 qua
827 1344 917 1374 sunt
938 1336 1154 1375 noscitabo.

282 1415 373 1439 narn
395 1401 426 1439 si
446 1415 565 1439 nemo
586 1402 660 1439 hac
681 1400 886 1451 praeteriit,
910 1409 1119 1451 postquam
1141 1401 1242 1439 intro
1262 1400 1380 1450 abiui,

283 1466 431 1505 cistella
451 1465 514 1504 hic
535 1465 688 1504 iaceret.
748 1465 845 1515 quid
866 1465 959 1504 hic?
988 1466 1097 1516 perii,
1117 1466 1268 1516 opinor,

88 1540 154 1583 685
281 1538 414 1570 actum
435 1538 503 1577 est,
526 1531 631 1569 ilicet
651 1544 714 1568 me
735 1529 931 1569 infelicem
953 1538 990 1569 et
1011 1533 1215 1570 scelestam
1233 1534 1240 1569 1
1290 1525 1297 1528 ’
1527 1548 1562 1579 15

282 1598 388 1635 nulla
408 1604 476 1644 est,
495 1610 625 1646 neque
641 1610 714 1647 ego
736 1610 823 1635 sum
844 1610 1022 1647 usquam.
1064 1596 1217 1647 perdita
1236 1596 1406 1648 perdidit
1427 1611 1500 1637 me.

281 1664 350 1702 sed
371 1676 529 1713 pergam
551 1669 593 1700 ut
613 1662 727 1712 coepi
748 1669 891 1709 tamen,
916 1662 1156 1712 quaeritabo.

217 1769 281 1798 668
305 1767 387 1798 salsa
405 1767 636 1798 Camerarius:
666 1777 684 1796 e
700 1767 750 1797 ais
767 1778 786 1797 a
803 1767 867 1798 cod.
889 1767 932 1807 (E
946 1771 1006 1807 pro
1022 1767 1058 1806 F,
1081 1767 1169 1806 Ipro
1187 1767 1228 1806 L)
1356 1768 1422 1806 669
1447 1767 1503 1797 An

174 1811 311 1851 Seyffert
368 1813 433 1850 670
455 1809 800 1851 subueniSctbppius:
819 1811 978 1841 subuenit
990 1810 1055 1842 cod.
1118 1812 1178 1850 671
1205 1811 1287 1841 dent
1297 1810 1407 1851 (13³ut
1421 1811 1503 1848 vid.)

175 1866 220 1885 an
237 1855 317 1885 dant
335 1854 440 1895 (PBD)
455 1854 560 1885 incert.
577 1853 643 1885 cod.
736 1855 896 1885 auxilium
917 1854 978 1895 (Β)
1003 1865 1048 1884 an
1064 1854 1179 1884 auxilii
1206 1853 1292 1895 (PE)
1311 1854 1415 1884 incert.
1436 1854 1501 1885 cod.

174 1897 285 1940 (ego)
305 1898 413 1929 habeo
434 1897 561 1928 Rz'tschl
675 1899 739 1937 672
764 1897 841 1940 (et)
864 1903 931 1937 pet.
957 1897 1084 1929 Schoell
1100 1898 1258 1938 (anap.);
1283 1897 1398 1937 infine
1417 1897 1503 1927 idem

175 1941 365 1972 intercidisse
384 1942 507 1972 coniecit
527 1941 613 1972 velut
631 1946 665 1972 et
685 1941 833 1980 nequitia
855 1943 947 1981 angit
965 1941 1017 1981 (cs.
1042 1952 1071 1973 v.
1091 1943 1156 1980 673
1180 1941 1346 1981 ueniant),
1365 1952 1449 1980 quae
1471 1941 1504 1971 in

167 1986 239 2025 fine
255 1985 339 2015 tituli
352 1995 482 2016 scaenae
492 1985 607 2025 scripta
624 1995 688 2015 esse
698 1987 841 2025 possunt
853 1985 899 2025 (ii.
918 1985 953 2025 5)
1081 1986 1146 2024 674
1170 1995 1246 2015 mea
1257 1983 1356 2027 (me)
1369 1983 1508 2015 Mueller

175 2031 249 2067 676,
265 2030 328 2068 684
353 2028 403 2059 vel
415 2029 516 2068 opino
635 2029 698 2068 677
720 2029 751 2059 h.
767 2039 794 2059 c.
821 2039 894 2059 exc.
918 2028 998 2059 mihi
1016 2027 1095 2059 cod.:
1121 2029 1232 2059 traieci
1250 2028 1348 2068 (nam
1371 2028 1505 2059 circiter

175 2071 431 2112 vit-ferendum)
449 2084 456 2102 ι
481 2082 506 2102 c¹
525 2082 598 2102 exc.
619 2072 650 2103 h.
671 2071 715 2102 mi
732 2071 860 2102 Schoell
874 2071 1009 2112 (aucep.)
1098 2073 1162 2111 678
1187 2072 1230 2102 mi
1247 2072 1279 2102 h.
1295 2071 1339 2102 mi
1353 2071 1419 2102 cod.
1437 2071 1508 2113 (sed
1553 2069 1557 2074 ’

175 2116 212 2155 cs.
230 2115 378 2154 Lindscqy
395 2114 485 2145 ‘Lai
504 2115 623 2155 Lang.⁷
646 2125 673 2154 7,
696 2114 748 2149 12)
847 2116 912 2154 679
935 2115 1021 2154 Quis
1037 2115 1140 2145 Bothe
1155 2126 1162 2145 :
1186 2115 1297 2155 Siquis
1308 2115 1374 2146 cod.
1457 2115 1508 2145 vel

175 2158 299 2197 quisv':
316 2159 392 2197 quis
408 2158 510 2188 Bothe
623 2160 688 2188 682
712 2158 820 2197 siquia
833 2158 897 2189 cod.
911 2163 946 2188 ut
955 2158 1019 2190 vid.
1037 2159 1109 2199 (vix
1124 2159 1214 2199 recte)
1317 2159 1382 2198 683
1407 2168 1503 2198 prae-

175 2201 264 2232 teriit
288 2202 349 2232 hae
376 2201 549 2232 Fleckeisen
638 2201 702 2231 abii
727 2201 792 2232 cod.
926 2203 990 2240 684
1016 2203 1102 2242 perii
1127 2202 1289 2243 Spengel:
1315 2202 1413 2242 periit
1435 2201 1500 2232 cod.

174 2246 239 2284 685
264 2245 314 2275 vel
325 2246 370 2275 sic
383 2244 544 2285 distingue
558 2246 656 2275 ilicet.
676 2255 730 2275 me
987 2271 990 2274 .
