1742 2718
700 79 972 119 ASINARIA
1466 76 1496 116 1.
1515 78 1531 116 1

175 195 345 235 demiror
365 194 461 244 quid
482 194 530 232 sit
551 200 589 232 et
610 205 690 242 quo
712 192 854 230 euadat
875 203 961 228 sum
984 188 1023 226 in
1045 195 1162 226 metu.
1523 205 1562 237 35

177 262 252 298 DE.
285 260 469 310 equidem
491 258 573 297 scio
594 258 671 296 iam
693 256 794 294 filius
816 256 924 305 quod
944 261 1049 292 amet
1071 266 1181 291 meus

176 326 299 363 istanc
320 323 563 362 meretricem
585 336 605 360 e
626 334 819 372 proxumo
841 318 1099 357 Philaenium.

177 398 286 429 estne
308 391 383 428 hoc
404 397 446 427 ut
467 388 571 435 dico,
592 387 773 425 Libane?
830 387 890 422 L1.
924 391 1069 422 rectam
1091 383 1212 421 instas
1233 382 1349 420 uiam.

115 472 154 508 55
177 469 223 493 ea
243 468 302 493 res
323 462 390 492 est.
441 454 511 491 sed
532 466 622 490 eum
644 451 804 490 morbus
826 449 969 487 inuasit
988 447 1127 498 grauis.

179 522 255 558 DE.
287 519 382 569 quid
404 518 530 556 morbi
551 519 639 555 est?
696 518 756 553 Li.
789 515 881 565 quia
901 527 982 552 non
1005 519 1220 563 suppetunt
1241 511 1355 551 dictis
1376 511 1477 549 data.
1528 528 1568 559 40

179 588 254 624 DE.
287 592 381 622 tune
401 597 442 622 es
462 583 617 621 adiutor
639 595 743 620 nunc
764 579 912 618 amanti
934 579 1043 617 filio?

180 653 239 688 L1.
273 663 359 687 sum
380 662 485 695 uero,
508 656 546 686 et
566 649 662 685 alter
684 653 816 684 noster
835 653 894 683 est
915 644 1104 682 Leonida.

183 718 258 753 DE.
290 715 392 752 bene
413 715 543 752 hercle
563 711 689 750 facitis
711 711 748 749 e't
768 725 792 749 a
812 723 875 748 me
896 709 1000 748 initis
1020 709 1193 759 gratiam.

116 788 162 822 60
182 794 317 819 uerum
339 792 468 818 meam
488 791 661 824 uxorem,
686 777 849 823 Libane,
871 775 998 813 nescis
1020 774 1134 824 quali'
1156 774 1233 812 sit?

182 848 243 884 L1.
275 853 317 883 tu
337 844 486 895 primus
507 842 637 890 sentis,
662 855 735 880 nos
757 849 889 880 tamen
911 841 950 878 in
972 839 1096 890 pretio
1117 852 1263 877 sumus.
1532 853 1571 885 45

185 912 260 948 DE.
293 911 416 948 fateor
435 922 523 947 eam
543 921 628 946 esse
651 907 903 957 inportunam
924 913 1043 955 atque
1063 904 1372 942 incommodam.

185 978 245 1015 L1.
276 974 469 1026 posterius
490 974 590 1012 istuc
611 972 709 1012 dicis
731 985 850 1022 quam
872 972 991 1010 credo
1012 970 1094 1009 tibi.

186 1044 262 1080 DE.
295 1054 432 1079 omnes
453 1046 645 1089 parentes,
670 1038 833 1085 Libane,
857 1036 988 1075 liberis
1010 1035 1100 1082 suis,

121 1114 163 1158 65
185 1107 253 1157 qui
274 1106 327 1144 mi
347 1105 636 1151 auscultabunt,
661 1103 805 1142 facient
826 1103 1156 1152 †obsequellam†

185 1172 319 1222 quipp'
340 1171 407 1221 qui
428 1183 540 1220 mage
560 1169 690 1207 amico
712 1175 871 1206 utantur
891 1174 1010 1217 gnato
1031 1174 1068 1204 et
1089 1166 1298 1204 beneuolo.
1536 1178 1579 1210 50

184 1245 303 1287 atque
324 1249 396 1286 ego
417 1249 480 1274 me
500 1235 541 1273 id
562 1236 688 1272 facere
710 1234 863 1280 studeo,
886 1233 980 1270 uolo
999 1230 1120 1269 amari
1140 1244 1163 1268 a
1183 1230 1306 1278 meis3

186 1304 279 1341 uolo
300 1314 363 1339 me
383 1300 502 1350 patris
523 1299 600 1337 mei
622 1298 801 1346 similem,
826 1297 893 1347 qui
913 1310 1052 1335 caussa
1071 1309 1159 1334 mea

189 1366 411 1406 nauclerico
432 1365 515 1416 ipse
535 1372 675 1403 ornatu
697 1377 766 1415 per
785 1363 979 1402 fallaciam

126 1449 171 1483 70
189 1446 308 1483 quam
328 1431 511 1469 amabam
531 1429 695 1468 abduxit
714 1429 765 1467 ab
785 1430 929 1467 lenone
950 1427 1153 1466 mulierem
1167 1441 1178 1475 3

189 1513 318 1550 neque
338 1498 480 1549 puduit
500 1511 591 1536 eum
612 1496 653 1535 id
672 1495 810 1534 aetatis
831 1493 1108 1544 sycophantias
1306 1521 1313 1524 .
1539 1502 1578 1535 55

189 1574 335 1604 struere
356 1572 394 1603 et
414 1562 616 1602 beneficiis
637 1575 701 1600 me
722 1574 852 1600 emere
872 1567 1034 1610 gnatum
1055 1571 1169 1598 suom
1190 1556 1275 1597 sibi.

191 1644 258 1669 eos
279 1643 342 1668 me
362 1631 602 1668 decretumst
622 1625 804 1678 persequi
825 1639 953 1664 mores
974 1624 1105 1675 patris.

192 1708 284 1733 nam
305 1708 368 1733 me
388 1694 508 1732 hodie
529 1692 654 1732 orauit
674 1691 915 1742 Argyrippus
936 1689 1038 1728 filius

129 1773 171 1809 75
192 1760 248 1798 uti
269 1759 343 1798 sibi
363 1758 511 1798 amanti
531 1760 699 1797 facerem
719 1755 868 1806 argenti
888 1754 1044 1805 copiam
1059 1769 1070 1802 3

192 1832 230 1863 et
250 1825 291 1864 id
311 1838 384 1874 ego
404 1823 593 1874 percupio
614 1821 780 1873 opsequi
800 1828 919 1871 gnato
940 1833 1054 1858 meo:
1539 1826 1582 1857 60

191 1891 285 1929 uolo
305 1889 425 1928 amari
447 1889 740 1929 †obsecutum†
762 1886 877 1933 illius,
900 1886 993 1924 uolo
1013 1892 1118 1923 amet
1139 1897 1202 1923 me
1222 1891 1383 1935 patrem.

236 2003 275 2033 51
299 1996 372 2034 post
383 2004 412 2024 v.
432 1994 474 2032 83
492 1993 538 2033 (ii.
558 1995 600 2031 63
619 2003 649 2032 p.
670 1992 746 2033 102)
825 2000 867 2030 52
890 1995 919 2021 et
934 1990 1074 2020 hocloco
1089 1991 1196 2019 exstat
1210 1992 1238 2019 et
1253 1988 1404 2019 adhaeret
1419 1987 1526 2019 versui

195 2048 231 2077 51
247 2041 321 2078 post
335 2048 363 2068 v.
383 2038 425 2076 83
444 2037 503 2077 (ibi
518 2036 583 2067 iam
599 2037 687 2077 scio)
745 2034 827 2075 fort.
848 2035 928 2075 quid
997 2037 1086 2064 amat
1102 2031 1233 2063 Lorenz
1346 2041 1388 2072 59
1412 2036 1445 2062 et
1462 2031 1519 2062 del.

195 2081 367 2112 Fleckeisen
456 2081 499 2110 60
522 2080 587 2110 siet
604 2079 669 2110 cod.
762 2079 829 2109 scis
845 2078 953 2118 qualis
973 2077 1040 2108 siet
1056 2075 1160 2106 Bothe
1256 2077 1298 2114 64
1323 2076 1437 2106 liberis
1453 2077 1523 2105 suis

197 2128 380 2166 suspectum
532 2125 573 2163 65
598 2123 649 2154 vel
662 2123 744 2153 mihi
844 2125 981 2152 testatur
993 2120 1224 2159 obsequellam
1240 2119 1370 2150 Nonius
1387 2129 1449 2157 215
1467 2118 1520 2158 (cf.

196 2169 296 2199 Arch.
316 2167 392 2198 Lat.
412 2167 488 2198 Lex.
511 2175 559 2207 12,
576 2167 678 2208 592):
703 2165 961 2205 obsequentiam
976 2164 1045 2195 edd.
1143 2166 1184 2203 67
1208 2173 1321 2194 amare
1341 2162 1407 2194 cod.
1429 2163 1519 2203 (corr.

195 2211 242 2252 Β)
267 2212 340 2253 (pro
364 2210 525 2251 amarei2)
702 2211 746 2248 69
779 2208 973 2240 nauclerico
1008 2207 1238 2238 Camerarius:
1269 2206 1431 2238 nauderio
1456 2205 1520 2235 cod.

199 2265 239 2294 72
263 2265 336 2286 mee
359 2265 412 2285 me
428 2255 522 2294 (corr.
543 2254 633 2293 mea)
652 2264 687 2284 re
704 2252 767 2284 cod.
789 2253 883 2293 (corr.
903 2251 974 2292 PE)
1091 2252 1133 2289 76
1156 2255 1190 2282 et
1211 2251 1243 2281 id
1267 2261 1296 2282 e.
1324 2249 1432 2291 perc.]
1458 2259 1523 2288 ego

198 2308 280 2329 sane
308 2299 406 2338 cupio
433 2297 521 2329 codd.
548 2297 653 2328 Nonii
674 2307 738 2336 454
771 2297 871 2337 (Zpro
898 2306 963 2335 ego
983 2305 1009 2326 s.
1033 2305 1062 2326 e.
1085 2294 1134 2335 id)
1253 2305 1292 2334 77
1317 2294 1419 2325 amari
1436 2291 1524 2323 codd.

198 2341 300 2372 Nonii
313 2351 373 2380 501
394 2341 434 2382 (s.
453 2351 483 2372 v.
506 2342 513 2359 ‘
523 2345 626 2381 genet.
641 2346 702 2381 pro
719 2339 828 2370 dativo
841 2338 866 2381 ')
884 2350 892 2370 t
915 2339 1022 2370 amori
1040 2337 1105 2369 cod.
1222 2338 1416 2368 obsecutam
1434 2335 1521 2367 codd.

198 2384 302 2416 Nonii
316 2387 424 2426 (apro
439 2387 477 2426 u)
492 2395 500 2415 ε
523 2384 724 2423 obsequium
734 2382 919 2419 'Hermann
931 2394 938 2415 τ
952 2382 1035 2421 fort.
1057 2382 1099 2412 ob
1117 2382 1316 2421 opsequium
1334 2379 1492 2421 (-cuium)
