1742 2718
666 86 992 124 AVLVLARIA
1415 83 1490 119 ΙΙΙ.
1514 81 1557 118 vi

170 201 357 253 opinione
377 200 515 239 melius
536 212 595 238 res
616 206 761 237 structa
781 205 838 236 est
859 196 980 236 domi.

86 276 149 313 545
173 268 255 304 ΜΕ.
287 266 409 304 immo
429 273 487 304 est
508 264 635 316 <quod
656 263 748 301 satis
768 261 855 313 est),
880 270 917 300 et
938 261 977 300 di
999 260 1143 298 faciant
1164 267 1205 297 ut
1226 258 1308 304 siet,

170 331 245 381 (et)
266 332 353 380 plus
372 331 540 380 plusque
560 328 660 366 istuc
681 327 872 378 sospitent
893 327 1001 376 quod
1022 337 1128 362 nunc
1149 323 1281 361 habes.
1520 337 1556 358 10

171 397 268 434 EVC.
300 395 396 434 illud
417 394 513 432 mihi
533 394 699 432 uerbum
719 406 800 448 non
821 393 949 442 placet
973 394 981 410 ‘
995 391 1103 440 quod
1124 402 1229 426 nunc
1251 388 1397 426 habes]

170 468 250 498 tam
271 461 347 498 hoc
367 459 439 498 scit
460 473 523 498 me
543 458 688 496 habere
708 471 828 507 quam
849 463 1014 506 egomet.
1074 455 1163 492 anu’
1185 453 1275 491 fecit
1296 454 1435 502 palam.

173 527 255 563 ME.
287 525 383 574 quid
404 532 446 562 tu
467 532 504 562 te
525 524 630 562 solus
651 537 672 561 e
692 530 830 560 senatu
851 521 1044 559 seuocas?

86 601 153 636 550
172 591 268 627 EVC.
292 590 357 639 pol
371 602 443 638 ego
458 596 495 627 te
511 596 552 626 ut
564 590 746 626 accusem
762 586 901 624 merito
918 584 1146 623 meditabar.
1194 584 1277 620 ΜΕ.
1301 581 1397 632 quid
1418 583 1498 619 est?

171 655 271 692 EVC.
300 654 396 704 quid
416 653 464 692 sit
485 667 548 692 me
568 652 739 703 rogitas?
768 651 836 701 qui
857 650 953 688 mihi
974 648 1102 688 omnis
1122 648 1286 697 angulos
1522 656 1558 687 ¹5

169 720 298 756 furum
318 718 530 768 impleuisti
550 717 590 755 in
609 716 775 756 aedibus
795 715 938 753 misero
959 713 1066 760 mihi,

170 782 238 832 qui
258 782 311 820 mi
331 782 432 821 intro
453 781 557 820 misti
568 781 618 820 ‚in
636 780 746 819 aedis
765 779 1002 830 quingentos
1023 791 1173 827 coquos

170 861 261 885 cum
282 847 385 886 senis
406 847 598 894 manibus,
620 859 762 896 genere
783 846 1065 894 Geryonace03

86 923 149 959 555
171 926 270 962 quos
291 912 322 951 si
342 914 469 962 Argus
489 919 628 958 seruet,
650 910 718 961 qui
738 911 900 949 oculeus
920 916 1026 947 totus
1046 907 1128 954 fuit,

171 991 289 1028 quem
309 979 512 1028 quondam
534 976 623 1015 Ioni
644 977 747 1014 Iuno
768 976 974 1013 custodem
994 973 1160 1020 addidit,
1519 981 1560 1003 20

170 1042 201 1080 is
222 1056 438 1093 numquam
459 1049 597 1081 seruet.
655 1048 855 1091 praeterea
873 1038 1087 1085 tibicinam,

171 1121 272 1157 quae
292 1107 346 1145 mi
365 1106 603 1146 interbibere
622 1107 716 1153 sola,
738 1105 770 1143 si
790 1105 885 1143 uino
905 1111 1039 1150 scatat‚

172 1173 490 1212 Corinthiensem
509 1173 661 1211 fontem
681 1171 862 1209 Pirenam
883 1177 1023 1220 potest.

87 1243 154 1288 560
171 1246 255 1276 tum
276 1238 486 1289 opsonium
506 1238 780 1276 autem—ME.
811 1237 878 1286 pol
899 1236 962 1273 uel
982 1234 1127 1285 legioni
1146 1241 1205 1272 sat
1225 1241 1295 1272 est.

172 1303 289 1342 etiam
308 1317 453 1354 agnum
475 1302 572 1341 misi.
632 1304 730 1340 EVC.
763 1314 843 1351 quo
863 1300 1025 1351 quidem
1045 1313 1149 1350 agno
1169 1306 1227 1338 sat
1247 1299 1329 1338 scio
1523 1312 1562 1344 25

173 1369 285 1421 magi'
305 1369 500 1409 curiosam
520 1381 717 1418 nusquam
742 1381 827 1406 esse
848 1368 968 1405 ullam
989 1366 1158 1405 beluam.

174 1438 258 1474 ΜΕ.
290 1423 383 1474 noso
403 1448 476 1485 ego
496 1448 543 1473 ex
563 1442 601 1472 te
621 1433 719 1472 scire
739 1432 807 1483 qui
827 1431 876 1470 sit
895 1445 1019 1482 agnus
1040 1430 1158 1469 curio.

175 1503 272 1540 EVC.
305 1500 398 1551 quia
417 1514 506 1539 ossa
525 1513 570 1538 ac
591 1498 702 1550 pellis
723 1505 856 1545 totust‚
878 1497 932 1536 ita
952 1510 1044 1535 cura
1064 1503 1202 1535 macet.

88 1569 152 1615 565
173 1566 270 1617 quin
290 1574 378 1605 exta
397 1565 590 1616 inspicere
610 1564 650 1603 in
671 1566 755 1603 sole
774 1563 810 1602 ei
830 1563 925 1602 uiuo
944 1562 1036 1601 licet
1053 1577 1060 1600 :

172 1631 226 1670 ita
245 1631 277 1670 is
296 1633 467 1681 pellucet
487 1630 600 1681 quasi
619 1632 798 1668 lanterna
818 1628 977 1667 Punica.
1522 1638 1563 1668 30

175 1698 258 1736 ME.
290 1697 543 1736 eaedundum
577 1694 751 1735 conduxi
785 1707 858 1744 ego
889 1693 1010 1732 illurn.
1072 1693 1169 1731 Evc.
1202 1699 1286 1730 tum
1321 1698 1363 1729 tu
1396 1690 1502 1728 idern

1259 1763 1504 1806 optumumst

174 1831 280 1869 loces
301 1828 580 1875 ecferendum5
607 1839 700 1864 nam
720 1825 810 1872 iam,
833 1824 964 1870 credo,
987 1829 1191 1861 mortuost.

177 1897 261 1934 ME.
292 1901 427 1945 potare
447 1893 520 1943 ego
540 1890 671 1938 hodie,
699 1890 703 1942 1
731 1889 883 1936 Euclio,
906 1896 1038 1927 tecum
1058 1889 1162 1926 uolo.

218 1991 283 2021 544
307 1984 473 2012 restructa
489 1978 555 2011 cod.
649 1988 712 2019 545
729 1977 885 2018 supplevit
898 1975 1021 2016 Ussing
1032 1974 1093 2013 (iii.
1112 1974 1165 2014 11)
1257 1975 1322 2013 546
1346 1978 1379 2004 et
1395 1972 1510 2004 addidi

177 2026 290 2067 (praec.
308 2026 372 2065 -et)
482 2034 546 2062 550
563 2027 599 2053 ut
616 2027 649 2053 te
666 2021 841 2053 Acidalius
861 2020 930 2051 (sed
943 2020 980 2060 cs.
1001 2018 1152 2057 Lindsay
1163 2018 1268 2058 pracf.
1289 2017 1379 2057 Capt.
1398 2028 1429 2057 p.
1448 2017 1508 2055 38)

174 2079 346 2100 accussem
357 2067 435 2106 cod„
439 2067 557 2107 forma
568 2067 707 2106 antiqua
775 2074 838 2104 553
851 2064 945 2094 aedis
961 2062 1108 2103 [syladesz
1130 2061 1271 2092 aedibus
1282 2060 1348 2092 cod.
1362 2061 1413 2100 <cf
1428 2061 1506 2099 552)

175 2122 239 2152 555
262 2111 415 2143 oculatus
438 2111 556 2142 Festus
579 2111 641 2149 178
665 2113 703 2139 ut
724 2108 787 2139 vid.
815 2107 888 2147 (sed
907 2107 1047 2137 oculeus
1073 2106 1128 2145 28)
1276 2114 1339 2144 557
1365 2114 1507 2143 praerea

174 2155 238 2187 cod.
269 2156 348 2196 (non
365 2155 414 2194 D)
561 2154 625 2192 558
648 2157 756 2183 scatat
782 2150 998 2182 Gulielmius:
1037 2153 1145 2180 scatet
1170 2148 1234 2180 cod.
1261 2159 1325 2187 559
1351 2147 1507 2178 Pirenam

177 2199 275 2230 Valla
291 2211 298 2230 :
322 2203 356 2229 et
372 2198 539 2238 pirineum
552 2196 618 2228 cod.
710 2197 773 2235 562
794 2194 967 2224 curionem
982 2193 1197 2224 Gulielmius:
1225 2193 1392 2223 curiosam
1409 2192 1507 2221 etiam

175 2241 262 2273 codd.
275 2242 379 2273 Nonii
387 2251 450 2281 455
464 2252 470 2272 z
487 2242 543 2272 vix
555 2241 724 2271 curionarn
806 2239 870 2276 563
887 2237 964 2267 uolo
975 2237 1062 2267 scire
1076 2246 1140 2275 ego
1154 2247 1197 2267 ex
1209 2241 1242 2267 te
1254 2235 1342 2267 codd.
1354 2235 1507 2265 Nom‘1'86

175 2287 238 2324 564
262 2285 380 2317 totusti
408 2290 508 2316 tenos
532 2283 620 2314 codd.
641 2281 746 2313 Nonii
761 2292 828 2320 509
909 2285 1016 2311 macet
1044 2279 1131 2311 codd.
1160 2279 1247 2311 Non.
1261 2291 1268 2311 t
1304 2279 1414 2318 magei
1441 2276 1506 2309 cod.

176 2329 222 2368 (G
234 2335 296 2369 pro
307 2329 345 2367 C,
360 2328 374 2358 Ι
384 2334 444 2369 pro
453 2327 498 2368 T>
611 2328 674 2365 565
693 2326 723 2356 ei
743 2322 920 2355 Gruterus:
939 2323 1035 2354 ecod.
1053 2335 1059 2354 :
1075 2323 1162 2362 sort.
1183 2324 1226 2354 de
1339 2324 1402 2362 567
1427 2331 1506 2352 con-

175 2373 257 2403 duxi
274 2383 339 2412 ego
351 2371 442 2403 illum
459 2370 547 2402 codd.
569 2370 673 2400 Nonii
687 2380 761 2408 272,
782 2378 844 2407 274
863 2379 870 2398 :
903 2377 966 2406 ego
982 2367 1074 2398 illurn
1092 2367 1240 2398 conduxi
1259 2366 1322 2397 cod.
1445 2365 1508 2404 569

174 2417 230 2447 vix
245 2416 346 2447 hodie
450 2412 547 2457 (hic)
564 2413 626 2444 Eu.
646 2411 783 2443 Mueller
