1814 2723
208 17 277 56 IV.
299 19 328 57 ii
511 20 555 58 T.
590 20 770 59 MACCI
803 21 1007 58 PLAVTI
1039 20 1415 61 CISTELLARIA

218 140 276 172 105
353 132 425 168 PH.
458 130 529 169 tibi
548 132 790 170 auscultabo.
850 139 940 171 tene
960 140 1002 170 tu
1023 132 1212 171 cistellam
1233 133 1316 180 tibi,

350 195 539 234 abeamus
560 196 672 235 intro.
733 197 803 235 sed
824 196 919 246 quid
938 195 1031 249 (est)
1050 211 1197 236 nomen
1219 205 1309 236 tuae

352 260 568 300 dominae?
602 263 681 301 HA.
707 261 911 301 Melaenis.
946 264 1020 302 PH.
1043 262 1173 313 iprae,
1193 262 1270 301 iarn
1287 276 1360 313 ego
1372 270 1410 301 te
1424 276 1632 315 sequar.—

788 452 1049 500 ACTVS
1097 453 1142 498 V

196 555 278 592 V.i
624 557 895 593 DEMIPHo
1008 558 1310 595 LAMPADIO

299 642 374 679 DE.
408 642 516 691 Quid
543 644 620 680 hoc
650 643 784 693 negoti
811 652 881 691 est,
906 645 1016 693 quod
1040 658 1178 683 omnes
1206 645 1387 683 homines
1411 646 1635 683 fabulantur

1463 723 1532 760 per
1551 711 1634 748 uias

297 771 392 809 mihi
414 785 498 811 esse
519 773 639 810 filiam
661 773 894 812 inuentam?
924 782 961 813 et
982 775 1300 824 Lampadionem
1322 776 1415 812 med
1434 774 1474 812 in
1495 776 1580 812 foro
1653 785 1717 821 775

297 837 537 886 quaesiuisse
557 838 676 876 aiunt.
738 839 807 876 LA.
841 852 915 886 ere,
938 841 1045 877 unde
1066 840 1126 878 is?
1185 841 1261 877 DE.
1294 854 1340 877 ex
1360 848 1508 878 senatu.
1559 841 1630 878 LA.

1479 906 1633 955 gaudeo

296 968 366 1007 tibi
385 983 471 1007 mea
488 983 606 1019 opera
623 971 834 1010 liberorum
848 986 933 1010 esse
946 972 1125 1022 amplius.
1179 973 1254 1009 DE.
1278 970 1385 1008 enim
1398 983 1478 1007 non
1493 971 1630 1019 placet.

257 1047 274 1077 5
296 1033 350 1071 nil
371 1048 502 1072 moror
520 1034 649 1073 aliena
670 1035 722 1073 mi
743 1049 862 1085 opera
883 1036 964 1074 fieri
984 1035 1105 1085 pluris
1126 1035 1280 1074 liberos.

296 1099 366 1136 sed
387 1098 482 1148 quid
502 1098 602 1137 istuc
623 1101 712 1138 est?
769 1101 840 1138 LA.
872 1114 1038 1150 propera
1067 1100 1121 1139 ire
1150 1100 1252 1138 intro
1272 1101 1350 1138 huc
1379 1100 1430 1138 ad
1459 1100 1631 1138 adfinem

1508 1172 1630 1211 tuom,

297 1228 417 1267 filiam
438 1237 545 1268 tuam
566 1229 644 1268 iam
665 1245 880 1281 cognosces
907 1231 1022 1270 intus.
1082 1231 1231 1270 ibidem
1252 1245 1348 1269 uxor
1367 1238 1434 1269 tua
1455 1238 1522 1269 est.
1653 1233 1721 1277 780

295 1294 360 1332 abi
380 1294 469 1335 cito.
532 1297 606 1334 DE.
639 1297 834 1346 praeuorti
851 1298 928 1335 hoc
944 1305 1131 1335 certumst
1144 1298 1259 1336 rebus
1275 1296 1359 1335 aliis
1379 1296 1631 1335 omnibus.—

830 1409 1095 1447 CATERVA

298 1487 360 1526 Ne
382 1488 625 1537 exspectetis,
650 1497 902 1539 spectatores,
925 1491 1020 1528 dum
1042 1489 1097 1528 illi
1124 1491 1201 1528 huc
1222 1491 1272 1529 ad
1293 1504 1364 1529 uos
1386 1498 1550 1529 exeant:
1615 1528 1617 1531 ,

240 1566 276 1588 10
295 1566 414 1591 nemo
435 1553 566 1601 exibit,
589 1567 727 1609 omnes
747 1554 852 1593 intus
872 1554 1083 1593 conficient
1103 1555 1316 1605 negotium.

296 1617 364 1655 ubi
384 1617 425 1656 id
446 1617 516 1657 erit
537 1620 695 1666 factum,
718 1627 950 1657 ornamenta
970 1609 1120 1670 ponent
1135 1635 1145 1668 3
1175 1620 1355 1670 postidea
1374 1621 1452 1659 loci

295 1682 363 1732 qui
384 1682 550 1733 deliquit
571 1683 784 1733 uapulabit‚
810 1683 877 1733 qui
897 1697 978 1722 non
1000 1684 1165 1734 deliquit
1186 1685 1305 1723 bibet.
1653 1695 1716 1738 785

295 1761 402 1786 nunc
422 1749 530 1798 quod
550 1749 601 1787 ad
622 1762 704 1795 uos,
729 1756 980 1798 spectatores,
1002 1748 1189 1788 relicuom
1210 1749 1449 1800 relinquitur,

295 1826 404 1852 more
425 1814 617 1852 maiorum
639 1815 731 1852 date
753 1815 935 1864 plausum
956 1821 1155 1864 postrema
1174 1814 1213 1852 in
1235 1815 1453 1854 comoedia.

340 1928 403 1957 772
426 1922 477 1948 est
493 1917 568 1950 add.
587 1917 803 1950 Studemund
935 1929 996 1958 775
1021 1919 1123 1950 filiam
1141 1918 1222 1948 mihi
1238 1928 1314 1949 esse
1335 1918 1459 1960 Ussing
1579 1919 1628 1961 et]

297 1962 397 1992 etiam
415 1961 542 1992 Schoell
623 1973 676 1993 me
693 1962 759 1994 cod.
897 1964 960 2003 776
985 1963 1068 1993 undi
1084 1963 1112 1993 is
1128 1962 1205 1992 PBD
1313 1972 1374 2002 777
1399 1963 1489 1993 enim
1505 1962 1629 1994 Bothe:

296 2005 423 2035 etenim
440 2005 505 2036 cod.
644 2016 707 2045 779
730 2005 772 2036 ad
790 2006 891 2037 finem
908 2006 975 2037 cod.
997 2007 1055 2048 (ad
1072 2006 1203 2036 affinem
1217 2005 1263 2047 J)
