1742 2718
717 44 1039 83 BACCHIDES
1472 45 1540 81 IV.
1564 45 1609 80 iv

215 156 302 192 MN.
335 155 430 205 quid
457 168 563 193 nunc
589 168 630 193 cs
658 156 858 193 facturus?
896 155 935 193 id
964 154 1059 192 mihi
1079 154 1177 194 dice.
1239 155 1315 193 CH.
1349 162 1543 194 coctumst

1308 220 1544 270 prandium?

212 297 284 322 uos
305 285 385 322 duo
406 284 511 322 eritis
531 292 650 334 atque
669 284 797 322 amica
817 292 884 322 tua
904 284 974 322 erit
995 292 1126 323 tecum
1148 283 1288 322 tertia?

212 350 300 387 MN.
333 349 433 387 sicut
472 349 580 387 dicis.
641 350 717 388 CH.
752 349 966 387 Pistoclero
1006 351 1111 387 nulla
1144 349 1271 386 amica
1305 351 1394 388 est?
1452 352 1539 388 MN.

1275 414 1396 452 immo
1416 416 1538 453 adest.

211 481 371 517 alteram
392 479 456 518 ille
475 486 580 517 amat
600 492 784 525 sororem,
809 492 881 529 ego
901 481 1073 526 alteram,
1095 480 1233 518 ambas
1256 481 1484 517 Bacchides.

126 557 193 591 720
212 545 288 583 CH.
322 544 417 595 quid
455 552 496 583 tu
536 546 725 595 loquere?
783 547 869 583 MN.
903 547 990 592 hoc,
1027 553 1069 583 ut
1102 545 1220 583 futuri
1255 559 1399 583 sumus,
1460 546 1538 584 CH.
1562 557 1602 586 80

1210 610 1315 648 ubist
1336 609 1540 648 biclinium

210 675 323 714 uobis
362 677 555 713 stratum?
612 677 699 713 MN.
737 675 834 725 quid
868 675 908 713 id
943 675 1174 724 exquaeris?
1231 676 1307 714 CH.
1345 688 1404 713 res
1439 675 1539 722 itast,

1337 740 1415 778 dici
1436 742 1538 778 uolo.

209 805 336 844 nescis
357 806 452 855 quid
473 820 546 856 ego
561 806 717 844 acturus
734 806 808 844 sim
829 819 958 855 neque
975 806 1125 844 facinus
1143 812 1334 855 quantum
1351 805 1538 843 exordiar.

211 872 298 908 MN.
331 872 431 909 cedo
452 884 614 909 manum
633 884 680 909 ac
701 884 941 920 supsequere
962 870 1122 921 propius
1144 884 1207 908 me
1228 871 1279 908 ad
1300 871 1411 908 fores.
1440 870 1542 908 intro

1378 949 1538 985 msp1ce.

123 982 190 1065 ξς
210 1001 288 1040 CH.
330 1015 438 1048 euax,
471 1001 577 1039 nimi'
610 1002 734 1040 bellus
771 1009 891 1051 atque
929 1009 970 1039 ut
1009 1014 1094 1040 esse
1135 1014 1318 1039 maxume
1352 1000 1539 1051 optabam

745 1072 756 1078 ⁶
1416 1067 1536 1103 locus.

208 1132 265 1168 Pr.
298 1144 398 1180 quae
418 1130 669 1181 imperauisti.
721 1131 953 1181 imperatum
971 1132 1074 1169 bene
1095 1130 1210 1170 bonis
1231 1131 1378 1169 factum
1399 1129 1536 1168 ilicost.
1559 1138 1598 1178 85

207 1196 284 1234 CH.
317 1195 413 1245 quid
434 1195 606 1245 parasti?
663 1198 720 1233 ΡΙ.
753 1209 854 1245 quae
875 1196 1000 1246 parari
1021 1205 1062 1234 tu
1083 1195 1227 1234 iussisti
1253 1199 1258 1242 1
1284 1195 1427 1234 omnia.

208 1260 284 1299 CH.
317 1273 414 1310 cape
441 1261 573 1299 stilum
594 1274 759 1311 propere
780 1269 819 1299 et
839 1262 1002 1300 tabellas
1026 1269 1068 1299 tu
1088 1263 1158 1299 has
1179 1260 1260 1299 tibi.
1321 1262 1410 1298 MN.
1443 1260 1539 1310 quid

1374 1334 1511 1376 postea
1524 1329 1539 1364 Ρ

209 1392 286 1430 CH.
319 1393 428 1441 quod
449 1392 596 1431 iubebo
618 1392 778 1430 scribito
799 1392 897 1430 istic.
956 1406 1048 1430 nam
1070 1400 1276 1442 propterea
1294 1390 1368 1444 (te)
1388 1394 1481 1430 uolo

122 1468 189 1504 730
207 1457 375 1496 scribere
395 1465 437 1496 ut
456 1465 566 1507 pater
585 1466 799 1507 cognoscat
819 1457 963 1496 litteras
984 1459 1146 1507 quando
1167 1459 1278 1508 legat.

207 1522 342 1560 scribe.
403 1524 490 1561 ΜΝ.
523 1523 619 1573 quid
643 1523 841 1561 scribam?
897 1524 974 1563 CH.
1007 1525 1172 1562 salutem
1199 1531 1268 1562 tuo
1288 1521 1386 1574 patri
1407 1523 1536 1562 uerbis
1557 1536 1598 1568 90

1449 1588 1535 1626 tuis.

207 1653 264 1690 P1.
297 1652 393 1703 quid
414 1652 445 1691 si
466 1653 596 1703 potius
617 1654 811 1701 morbum,
836 1662 1004 1693 mortem
1025 1654 1198 1693 scribat?
1231 1654 1271 1692 id
1292 1654 1362 1692 erit
1383 1653 1536 1692 rectius.

207 1717 284 1756 CH.
321 1731 371 1756 ne
409 1717 634 1756 interturba.
699 1720 786 1756 MN.
829 1719 906 1757 iam
946 1719 1180 1768 imperatum
1220 1718 1259 1756 in
1299 1732 1386 1756 cera
1424 1718 1534 1756 inest.

952 1785 1029 1823 CH.
1062 1784 1126 1822 dic
1147 1783 1265 1833 quem
1286 1785 1337 1822 ad
1359 1785 1533 1823 modum.

208 1848 295 1884 MN.
329 1847 625 1886 ‘Mnesilochus
652 1849 818 1886 salutem
846 1848 941 1887 dicit
968 1862 1039 1887 suo
1067 1849 1190 1899 patri.'
1248 1849 1325 1887 CH.
1356 1848 1536 1887 adscribe

1336 1915 1414 1952 hoc
1433 1914 1512 1953 cito
1527 1930 1535 1953 ε

121 1980 185 2017 735
209 1976 440 2027 ‘Chrysalus
462 1977 557 2016 mihi
577 1991 702 2028 usque
722 1992 879 2029 quaque
899 1979 1071 2029 loquitur
1091 1993 1164 2018 nec
1185 1987 1299 2027 recte,
1323 1987 1442 2029 pater,

205 2041 297 2091 quia
316 2042 387 2081 tibi
405 2056 543 2081 aurum
564 2043 718 2082 reddidi
739 2052 777 2082 et
797 2044 888 2094 quia
909 2058 989 2082 non
1010 2053 1048 2083 te
1069 2045 1384 2083 defrudauerim.’
1553 2059 1594 2090 95

250 2147 311 2185 718
333 2147 514 2186 pistoclere
542 2148 608 2180 cod.
637 2149 704 2189 (-r0
730 2148 792 2187 R)
930 2160 994 2188 720
1016 2150 1166 2189 loqueris
1192 2151 1255 2182 cod.
1405 2161 1466 2191 722
1490 2152 1540 2182 vel

206 2199 269 2220 nec
401 2201 462 2231 724
485 2192 609 2222 bellust
634 2192 782 2223 Ritschl:
807 2192 932 2222 bellum
950 2217 957 2224 .
977 2217 985 2224 .
1008 2218 1015 2225 .
1033 2194 1144 2224 locum
1169 2194 1386 2226 Studemund
1474 2206 1534 2234 727

205 2237 278 2264 tute
293 2233 342 2264 vel
357 2238 390 2264 tu
404 2244 459 2265 me
477 2234 605 2265 Ritsclzl
751 2236 813 2274 728
836 2241 871 2266 tu
889 2237 950 2266 has
965 2236 1094 2267 Merula
1112 2249 1120 2269 ε
1144 2243 1218 2268 tuas
1235 2239 1299 2270 cod.
1475 2250 1537 2278 729

203 2277 252 2307 vel
264 2277 319 2307 isti
407 2282 441 2308 te
461 2277 536 2310 add.
558 2278 769 2309 Camerarius
900 2281 963 2318 736
987 2280 1214 2312 fraudauerim
1239 2281 1305 2314 cod.
1334 2282 1407 2324 (sed
1428 2283 1533 2314 defru.

204 2323 212 2337 ‘
225 2320 381 2351 nonnulli
392 2320 466 2352 libri
479 2321 614 2353 veteres'
632 2321 800 2359 Lambini,
813 2322 832 2353 i.
844 2333 868 2354 e.
893 2322 954 2364 Τέ)
