1814 2723
179 46 249 83 IV.
269 46 315 82 iv
694 46 739 82 T.
774 44 953 84 MACCI
985 45 1189 82 PLAVTI

269 158 326 194 P1.
360 170 475 195 mane
495 158 591 196 dum
619 156 761 195 scribit.
824 157 901 195 CH.
935 158 1100 195 celerem
1128 163 1281 207 oportet
1308 170 1393 196 esse
1412 156 1594 195 amatoris

1420 236 1591 260 manum.

267 289 325 325 P1.
358 295 397 326 at
435 287 596 338 quidem
630 289 761 325 hercle
796 290 917 329 †em†
951 288 1202 337 perdundum
1236 287 1357 337 magis
1392 301 1510 337 quam
1543 289 1594 326 ad

1227 352 1482 390 scribundum
1503 352 1591 391 cito.

268 419 357 456 MN.
388 419 559 468 loquere.
592 419 668 456 hoc
695 417 929 468 scriptumst.
990 418 1066 456 CH.
1103 420 1240 465 ‘nunc,
1263 424 1372 468 pater
1395 417 1458 464 mi,
1482 417 1594 468 proin

1077 490 1119 521 tu
1138 484 1189 522 ab
1209 496 1257 521 eo
1277 491 1319 521 ut
1339 496 1480 521 caueas
1500 482 1594 522 tibi:

267 548 542 599 sycophantias
563 548 778 598 componit,
800 562 939 586 aurum
960 556 1002 586 ut
1022 561 1091 598 aps
1112 549 1179 586 ted
1198 549 1346 586 auferat
1360 564 1370 596 3
1613 558 1682 593 740

187 629 248 652 100
267 622 304 652 et
324 615 501 664 profecto
522 627 563 651 se
583 614 805 651 ablaturum
826 613 946 651 dixit]
1002 614 1118 663 plane
1137 612 1359 651 adscribito.

268 681 354 718 MN.
398 679 462 718 dic
501 681 632 718 modo.
707 680 784 719 CH.
830 682 840 699 ⁶
853 688 972 729 atque
1009 679 1050 717 id
1088 679 1293 728 pollicetur
1331 693 1372 718 se
1412 680 1594 718 daturum

1332 758 1469 782 aurum
1499 743 1596 782 mihi

265 811 374 861 quod
394 811 487 849 dem
508 809 646 849 scortis
667 810 856 859 quodque
876 809 916 847 in
942 808 1071 847 lustris
1093 809 1302 856 comedim,
1324 822 1592 859 congraecem,

1473 882 1591 924 pater.

265 942 345 988 sed,
367 948 486 991 pater,
510 940 602 978 uide
623 940 672 978 ne
693 939 764 978 tibi
784 939 904 977 hodie
924 939 1045 977 uerba
1065 940 1131 977 det
1148 955 1154 977 :
1185 953 1332 989 quaeso
1353 941 1473 978 caue.'

266 1008 356 1044 ΜΝ.
386 1007 546 1056 loquere
566 1019 692 1055 porro.
745 1006 821 1044 CH.
846 1004 1123 1043 adscribedum
1141 1003 1268 1043 etiam.
1320 1006 1408 1042 MN.
1434 1006 1594 1054 loquere
1614 1017 1678 1054 745

1156 1069 1252 1119 quid
1273 1070 1439 1107 scribam
1460 1071 1591 1108 modo.

185 1150 245 1182 105
267 1137 344 1176 CH.
377 1140 386 1156 ‘
400 1138 481 1183 sed,
517 1144 636 1186 pater,
671 1137 779 1185 quod
814 1135 1024 1185 promisisti
1059 1134 1165 1181 mihi,
1199 1142 1237 1173 te
1271 1148 1418 1184 quaeso
1447 1144 1489 1174 ut
1519 1149 1595 1174 me-

1424 1200 1591 1247 mineris,

264 1280 314 1305 ne
333 1266 443 1304 illum
464 1267 646 1304 uerberes
660 1280 670 1313 3
700 1278 838 1303 uerum
853 1266 959 1314 apud
981 1272 1018 1303 te
1035 1264 1213 1302 uinctum
1232 1266 1441 1303 adseruato
1461 1264 1593 1303 domi.'

263 1333 364 1371 cedo
384 1340 425 1370 tu
447 1346 576 1370 ceram
596 1345 642 1370 ac
662 1331 786 1369 linum
807 1338 995 1369 actutum.
1027 1344 1098 1380 age
1119 1330 1260 1381 obliga,
1283 1330 1447 1380 opsigna
1466 1330 1555 1369 cito.

265 1399 353 1436 MN.
386 1410 562 1447 opsecro,
585 1396 681 1446 quid
702 1395 784 1433 istis
804 1397 855 1434 ad
876 1395 1004 1434 istunc
1024 1403 1135 1434 usust
1155 1395 1384 1446 conscriptis
1405 1397 1580 1443 modum,

263 1470 306 1500 ut
326 1462 397 1501 tibi
416 1476 467 1501 ne
487 1461 583 1512 quid
604 1463 737 1499 credat
757 1469 875 1511 atque
896 1469 938 1499 ut
959 1460 1137 1499 uinctum
1157 1468 1195 1499 te
1214 1462 1396 1499 adseruet
1416 1461 1524 1500 domi
1537 1463 1554 1498 ?
1612 1474 1681 1511 750

185 1543 243 1565 110
264 1527 341 1566 CH.
374 1527 466 1577 quia
504 1527 557 1564 mi
592 1526 644 1564 ita
682 1526 800 1565 lubet.
861 1525 971 1576 potin
1011 1534 1053 1564 ut
1091 1539 1202 1564 cures
1241 1526 1278 1564 te'
1316 1534 1434 1575 atque
1467 1533 1510 1564 ut
1543 1538 1605 1564 ne'

1309 1604 1444 1642 parcas
1465 1591 1593 1629 mihi?

262 1670 350 1695 mea
370 1657 515 1695 fiducia
535 1658 625 1707 opu'
646 1656 819 1695 conduxi
840 1664 878 1694 et
899 1670 989 1695 meo
1009 1657 1156 1707 periclo
1176 1670 1257 1695 rem
1278 1670 1379 1707 gero.

265 1724 351 1760 MN.
383 1735 553 1772 aequom
575 1721 682 1760 dicis.
735 1722 812 1761 CH.
842 1723 942 1760 cedo
963 1723 1136 1761 tabellas.
1198 1724 1285 1760 MN.
1316 1721 1460 1772 accipe.
1512 1721 1589 1760 CH.

1186 1786 1363 1825 animum
1383 1786 1589 1824 aduortite.

230 1879 232 1881 »
265 1852 512 1890 Mnesiloche
533 1859 570 1890 et
591 1860 644 1899 tu,
669 1852 893 1900 Pistoclere,
916 1852 993 1890 iam
1014 1852 1130 1890 facite
1150 1851 1190 1890 in
1211 1851 1372 1889 biclinio

262 1919 353 1954 crim
373 1916 500 1954 amica
521 1930 590 1955 sua
611 1924 775 1967 uterque
795 1916 1022 1956 accubitum
1043 1917 1149 1963 eatis,
1173 1916 1226 1954 ita
1245 1915 1493 1966 negoffiumst,
1611 1927 1676 1964 755

183 1994 241 2024 115
262 1988 380 2031 atque
401 1981 549 2020 ibidem
570 1982 638 2020 ubi
659 1996 765 2021 nunc
786 1989 877 2020 sunt
897 1981 987 2020 lecti
1008 1981 1115 2019 strati
1135 1981 1277 2031 potetis
1298 1981 1387 2019 cito.

263 2048 321 2084 Pr.
354 2047 549 2096 numquid
575 2047 712 2086 aliud?
769 2048 846 2087 CH.
879 2048 955 2086 hoc
975 2055 1094 2096 atque
1117 2046 1258 2085 etiam:
1288 2047 1357 2085 ubi
1383 2046 1454 2085 erit
1480 2059 1591 2084 accu—

1308 2110 1434 2149 bitum
1455 2112 1586 2157 semel,

251 2243 259 2253 x
307 2217 369 2255 738
393 2221 494 2256 atque
511 2216 599 2247 idem
616 2216 681 2247 cod.
704 2216 770 2257 (vii.
793 2216 826 2257 Ι)
916 2216 1056 2246 velhem
1073 2227 1078 2245 :
1102 2215 1185 2254 sort.
1204 2224 1278 2245 eam
1294 2214 1344 2245 vel
1358 2225 1429 2244 rem
1527 2224 1589 2254 743

263 2265 533 2335 Ξξηῖἒζὲᾗτεὲεῐη
564 2260 658 2291 cod.:
697 2270 886 2300 congreget
916 2259 1005 2310 coda}
1046 2258 1150 2289 Nouii
1187 2259 1229 2297 83
1377 2268 1438 2297 752
1463 2262 1496 2288 et
1528 2257 1588 2288 del,
