1742 2718
690 82 1005 121 MERCATOR
1467 79 1511 115 V.
1534 77 1563 112 ii

192 209 280 235 meo
301 196 398 246 patri
419 209 509 247 cum
530 203 675 234 matre:
707 209 797 233 nam
819 208 924 232 nunc
946 201 1003 232 cst
1024 193 1253 231 irata—CH.
1288 193 1298 228 ι’
1320 193 1450 230 modo.

100 271 166 308 955
190 263 261 299 Ev.
294 261 613 312 propteristanc.
685 262 761 300 CH.
794 259 806 297 i
835 260 966 298 modo.
1042 260 1113 296 Ev.
1146 270 1237 306 ergo
1268 270 1368 294 cura.
1434 257 1511 295 CH.
1538 268 1598 299 115

1056 321 1151 372 quin
1173 329 1214 359 tu
1235 334 1327 371 ergo
1347 320 1357 357 i
1380 321 1511 358 modo.

189 398 268 429 tam
289 391 496 441 propitiam
517 391 692 437 reddam,
710 403 829 440 quam
850 401 972 438 quom
993 386 1198 437 propitiast
1220 388 1323 424 Iuno
1345 385 1501 423 Ioui——

477 501 745 536 DEMlPHO
856 499 1221 534 Lx'smlACHVS
1532 499 1577 534 iii

193 582 266 618 DE.
305 580 428 629 Quasi
462 588 502 618 tu
547 593 762 629 numquam
802 579 1015 628 quicquam
1053 577 1232 616 adsimile
1264 576 1394 614 huiius
1426 575 1517 613 facti

1368 639 1515 679 feceris.

191 713 259 749 Lv.
296 713 438 761 edepol
468 723 711 760 numquam3
754 709 841 748 caui
875 722 925 747 ne
954 708 1051 759 quid
1085 709 1266 746 facerem.
1326 705 1391 744 uix
1424 705 1517 743 uiuo

1388 783 1515 808 mlser.

190 855 281 880 nam
303 855 390 880 mea
410 854 506 879 uxor
525 848 683 891 propter
702 839 809 877 illam
829 846 912 876 tota
931 838 971 876 in
992 839 1185 876 fermento
1205 836 1316 874 iacet.

100 910 172 954 960
193 909 266 944 DE.
300 914 339 944 at
359 920 432 957 ego
452 905 785 956 expurigationem
807 903 980 950 habebo,
1000 911 1042 940 ut
1063 916 1112 940 ne
1133 908 1369 940 suscenseat.

190 973 260 1009 Lv.
292 984 455 1021 sequere
477 984 549 1008 me.
610 971 679 1008 sed
701 976 909 1008 exeuntem
931 967 1055 1005 filium
1076 967 1195 1005 uideo
1216 979 1360 1004 meum.
1539 981 1556 1011 5

272 1083 570 1119 EVTYCHvs
682 1081 1050 1117 LYS1MACHVs
1162 1079 1433 1115 DEMIPHO
1537 1076 1580 1112 iv

191 1167 262 1202 Ev.
294 1164 360 1201 Ad
380 1170 529 1213 patrem
550 1162 630 1207 ibo,
651 1169 692 1198 ut
714 1160 846 1198 matris
867 1160 962 1197 iram
984 1159 1057 1197 sibi
1078 1171 1164 1197 esse
1184 1160 1361 1196 sedatam
1382 1157 1488 1195 sciat.

189 1229 267 1267 iam
296 1229 425 1267 redeo.
495 1228 565 1266 Lv.
596 1228 725 1277 placet
755 1224 1001 1276 principium.
1061 1223 1158 1274 quid
1187 1223 1298 1273 agis?
1336 1223 1433 1273 quid
1463 1224 1516 1270 fit,

1310 1289 1490 1337 Eutyche
1503 1289 1519 1326 ?

189 1361 261 1397 Ev.
303 1367 468 1409 optuma
505 1356 800 1408 opportunitate
838 1355 958 1394 ambo
995 1353 1223 1393 aduenistis.
1311 1355 1381 1390 LY.
1423 1353 1519 1403 quid

1357 1418 1411 1457 rei
1432 1420 1519 1456 est?

101 1494 166 1540 965
190 1492 262 1528 Ev.
294 1503 391 1527 uxor
409 1489 480 1527 tibi
500 1487 658 1538 placida
677 1494 715 1526 et
735 1488 934 1537 placatast.
993 1491 1095 1523 cette
1115 1485 1270 1523 dextras
1291 1483 1488 1529 nunciam.

190 1557 258 1593 LY.
292 1555 332 1594 di
353 1568 416 1592 me
437 1561 604 1592 seruant.
666 1554 738 1590 Ev.
771 1551 843 1590 tibi
862 1550 1031 1602 amicam
1053 1553 1138 1588 esse
1159 1550 1308 1587 nullam
1329 1549 1479 1587 nuntio.
1538 1563 1555 1594 5

190 1622 266 1658 DE.
298 1620 340 1658 di
360 1627 397 1658 te
418 1620 584 1670 perdant
601 1622 607 1656 1
652 1617 748 1668 quid
769 1616 939 1666 negotist
960 1629 1064 1663 nam,
1081 1627 1240 1665 quaeso,
1256 1613 1386 1652 istuc?
1443 1616 1515 1653 Ev.

1344 1681 1515 1730 eloquar.

188 1751 365 1790 animum
385 1749 580 1789 aduortite
600 1748 715 1799 igitur
734 1748 864 1786 ambo.
921 1748 990 1784 LY.
1015 1745 1110 1796 quin
1131 1745 1202 1783 tibi
1222 1745 1342 1783 ambo
1358 1758 1518 1795 operam

1363 1811 1515 1849 damus.

189 1883 262 1919 Ev.
294 1880 362 1931 qui
381 1880 490 1918 bono
511 1885 602 1918 sunt
621 1891 763 1929 genere
782 1877 874 1924 nati,
897 1876 964 1930 (si)
984 1883 1074 1915 sunt
1094 1875 1254 1926 ingenio
1274 1877 1391 1922 malo,

231 1995 296 2026 954
320 1986 385 2016 eist
402 1984 540 2016 Mueller
636 1985 702 2024 958
719 1986 796 2024 post
809 1992 873 2022 959
890 1981 954 2013 cod.
971 1995 977 2014 :
1002 1982 1075 2013 irai.
1088 1981 1262 2013 Acidalius
1363 1980 1428 2019 958
1452 1990 1518 2019 ego

189 2031 246 2069 pol
270 2039 448 2069 numquam
464 2027 609 2068 Seyffert,
630 2028 682 2058 cm·
695 2027 774 2058 ordo
790 2027 843 2057 ed.
869 2036 981 2065 numq.
1001 2025 1143 2066 displicet
1243 2025 1302 2055 uix
1322 2024 1400 2055 uiuo
1418 2024 1519 2054 miser

188 2073 336 2104 Ritschl:
369 2072 427 2102 uix
454 2072 570 2102 uiuum
595 2081 652 2102 ser
678 2070 780 2111 (PCD)
807 2070 858 2101 vel
883 2070 1023 2100 multum
1046 2069 1148 2100 miser
1169 2068 1229 2108 (Β)
1251 2067 1317 2099 cod.
1452 2077 1518 2107 959

187 2121 309 2157 propte
330 2115 397 2147 cod.
424 2115 518 2156 (corr.
541 2114 606 2153 D‘3)
739 2115 805 2153 960
829 2123 894 2153 ego
918 2112 993 2144 Ital.
1012 2124 1019 2143 τ
1054 2123 1136 2151 ergo
1161 2111 1226 2143 cod.
1359 2112 1423 2150 962
1442 2114 1520 2151 post

186 2162 252 2200 963
275 2159 365 2191 cod.:
387 2160 460 2190 trai.
485 2158 626 2199 Pylades
652 2158 708 2193 (iii.
738 2157 789 2195 12)
921 2158 986 2195 963
1010 2156 1069 2186 fiet
1091 2156 1124 2186 Β
1255 2155 1320 2194 964
1344 2154 1517 2194 oportuni-

188 2209 291 2235 tatem
316 2203 381 2234 cod.
493 2207 531 2233 ut
554 2203 695 2233 uenistis
719 2211 798 2231 corr.
824 2205 889 2231 atu.
917 2199 983 2231 cod.
1011 2203 1048 2229 ut
1069 2198 1133 2230 vid.
1162 2199 1234 2240 (aut
1259 2198 1401 2229 uenistis
1428 2197 1513 2237 PU),

188 2252 225 2278 ut
247 2248 389 2278 uenistis
402 2247 448 2285 Β)
537 2248 601 2286 965
625 2250 714 2276 cette
727 2244 938 2275 Camerarius
953 2254 961 2273 ε
985 2247 1077 2274 certe
1087 2241 1152 2273 cod.
1242 2243 1308 2281 966
1331 2242 1390 2273 tibi
1406 2239 1517 2283 (iam)

189 2290 324 2331 Ritschl,
345 2291 463 2322 cuitibi
484 2290 490 2334 1
510 2301 575 2321 am.
594 2289 735 2330 displicet
821 2288 887 2328 968
908 2286 960 2318 vel
974 2286 1051 2325 LY.,
1069 2285 1132 2317 DE.
1237 2285 1316 2322 quid
1332 2285 1365 2315 B
1451 2285 1517 2324 969

189 2334 219 2365 si
235 2334 311 2365 add.
330 2334 543 2366 Camerarius
560 2335 636 2376 (seq.
650 2335 690 2373 st,
709 2333 730 2365 τ’.
748 2343 772 2363 e.
789 2335 869 2362 sunt
883 2342 891 2368 ;
915 2331 962 2362 iii.
985 2331 1016 2371 1)
