1814 2723
199 84 290 121 II.i
695 83 741 120 T.
775 82 957 123 MACCI
987 84 1191 122 PLAVTI

1597 196 1604 212 2

277 194 380 232 EVN.
413 193 453 232 in
474 207 554 233 rem
575 195 652 233 hoc
673 201 781 233 tuam
802 201 870 233 est.
932 195 1015 231 ΜΕ.
1046 196 1090 232 ut
1120 194 1282 245 quidem
1312 194 1478 233 e'moriar
1507 195 1593 245 priu

1306 272 1424 309 quam
1445 260 1599 298 ducam.

383 325 453 363 sed
473 324 533 362 his
553 323 696 374 legibu'
717 323 747 362 si
768 336 888 373 quam
909 324 1001 361 dare
1022 322 1091 370 uis,
1115 324 1282 362 ducam:

490 402 592 439 quae
612 402 695 427 cras
717 387 859 435 ueniat,
882 387 1080 438 perendie,
1104 401 1222 435 soror,
1244 389 1346 427 fo'ras
1366 390 1533 437 feratu13

491 453 550 491 his
572 453 713 503 legibu’
735 466 855 502 quarn
876 453 969 490 dare
990 452 1079 490 uis?
1107 453 1232 491 cedo:
1262 454 1419 503 nuptias
1439 454 1598 492 adorna.

213 534 257 565 40
491 520 595 556 EVN.
628 531 719 556 cum
740 530 924 555 maxuma
944 530 1106 567 possum
1127 517 1213 566 tibi,
1228 519 1353 565 frater,
1371 519 1464 557 dare
1484 520 1601 567 dote3

542 584 613 622 sed
634 590 692 621 est
711 582 895 633 grandior
914 590 1008 620 natu
1026 597 1032 620 :
1061 581 1191 620 media
1211 590 1269 621 est
1290 583 1461 621 mulieris
1480 591 1597 622 aetas.

489 661 575 686 eam
597 649 629 686 si
648 647 771 694 iubes,
795 649 920 694 frater,
944 646 1015 684 tibi
1036 660 1100 685 me
1121 660 1294 697 poscere,
1317 661 1489 698 poscam.

274 715 357 752 ΜΕ.
389 726 485 751 num
506 726 587 751 non
608 712 667 751 uis
688 726 752 751 me
771 712 1007 762 interrogare
1033 713 1100 749 te?
1158 713 1260 750 EVN.
1293 711 1425 759 immo,
1450 712 1481 750 si
1505 712 1601 762 quid

1404 776 1474 824 uis,
1496 790 1598 826 roga.

273 845 356 882 ΜΕ.
389 851 477 894 post
499 842 671 882 mediam
691 849 861 882 aetatem
882 842 950 893 qui
970 841 1101 880 media
1117 841 1225 880 ducit
1242 855 1402 879 uxorem
1423 842 1598 888 domum,

211 923 252 955 45
271 908 301 946 si
323 922 410 947 eam
431 922 550 947 senex
570 921 691 946 anum
711 915 964 959 praegnatem
984 906 1144 946 fortuito
1164 906 1311 955 fecerit,

271 973 367 1023 quid
388 973 545 1013 dubitas
566 973 662 1024 quin
683 973 732 1011 sit
752 980 932 1023 paratum
952 985 1099 1010 nomen
1120 985 1244 1022 puero
1265 974 1507 1010 Postumus?

270 1053 376 1078 nunc
397 1052 469 1090 ego
490 1039 619 1086 istum,
643 1052 761 1086 soror,
784 1039 961 1077 laborem
981 1039 1122 1088 degam
1143 1045 1181 1076 et
1200 1037 1429 1076 deminuam
1450 1037 1532 1075 tibi.

270 1119 342 1155 ego
363 1105 507 1144 uirtute
527 1107 647 1144 deum
670 1112 707 1143 et
728 1104 921 1143 maiorum
942 1111 1121 1142 nostrum
1141 1103 1253 1142 diues
1275 1117 1361 1142 sum
1383 1102 1484 1141 satis.

270 1171 362 1209 istas
383 1184 544 1220 magnas
565 1170 770 1218 factiones.
789 1169 954 1217 animos,
979 1170 1092 1208 dotes
1113 1168 1285 1218 dapsilis,

209 1251 250 1284 50
269 1237 471 1284 clamores,
496 1235 668 1286 imperia,
691 1233 853 1273 eburata
873 1234 1039 1282 uehicla,
1062 1235 1196 1284 pallas,
1217 1247 1428 1284 purpuram

270 1301 323 1339 nil
344 1314 485 1348 moror,
509 1314 610 1351 quae
630 1301 671 1339 in
691 1299 920 1339 seruitutem
941 1298 1164 1349 sumptibus
1184 1299 1366 1350 redigunt
1387 1299 1501 1338 uiros.

271 1368 375 1405 EVN.
407 1366 471 1405 dic
487 1366 595 1414 mihi,
611 1366 642 1405 si
657 1367 791 1413 audeS,
808 1365 895 1415 quis
912 1378 958 1403 ea
971 1372 1029 1403 est
1045 1378 1165 1415 quam
1180 1364 1240 1402 uis
1254 1365 1399 1403 ducere
1415 1367 1599 1404 uxorem?

1310 1431 1394 1468 ME.
1425 1431 1596 1480 eloquar.

268 1494 481 1550 no[ui]stin
497 1498 604 1535 hunc
620 1510 756 1536 senem
774 1496 1010 1535 Euclionem
1023 1509 1071 1534 ex
1086 1508 1279 1546 proxumo
1292 1497 1607 1545 pauperculum?

269 1564 374 1601 EVN.
411 1562 517 1610 noui,
554 1562 759 1606 hominem
798 1563 877 1600 hau
916 1562 1064 1621 malurn
1104 1568 1307 1599 mecastor.
1380 1562 1463 1598 ΜΕ.
1500 1559 1597 1598 eiius

1340 1625 1458 1676 cupio
1477 1625 1597 1664 filiam

209 1708 247 1741 55
270 1692 462 1743 uirginem
483 1692 537 1731 mi
557 1692 806 1743 desponderi.
866 1693 987 1731 uerba
1007 1705 1057 1730 ne
1077 1691 1207 1739 facias,
1230 1705 1348 1730 soror.

269 1758 350 1796 scio
380 1758 476 1809 quid
505 1758 657 1797 dictura
686 1772 751 1797 es:
790 1759 892 1797 hanc
921 1770 1007 1796 esse
1040 1770 1264 1807 pauperem.
1323 1758 1422 1795 haec
1450 1769 1599 1806 pauper

1457 1823 1596 1871 placet.

269 1890 373 1927 EVN.
404 1888 445 1928 di
472 1890 574 1928 bene
600 1897 767 1928 uortant.
829 1891 912 1927 ΜΕ.
944 1888 1050 1928 idem
1080 1901 1153 1939 ego
1179 1901 1304 1938 spero.
1365 1888 1468 1925 EVN.
1500 1885 1597 1936 quid

879 1956 972 1993 me?
1000 1967 1097 1992 num
1117 1953 1213 2004 quid
1234 1953 1323 1991 uis?
1379 1954 1462 1990 ME.
1494 1952 1592 1990 uale.

314 2059 375 2097 156
398 2058 459 2089 for.
474 2058 534 2089 ser.
551 2069 617 2090 sor.
631 2059 695 2090 cod.
715 2071 721 2090 :
742 2059 868 2090 traieci:
888 2067 986 2088 soror
996 2056 1056 2088 del.
1067 2056 1149 2086 Reiz
1240 2056 1300 2094 158
1326 2064 1401 2085 cum
1415 2053 1594 2085 Gruterus:

267 2112 367 2141 quam
384 2101 449 2132 cod.
471 2102 553 2142 (pro
568 2113 682 2142 quom,
694 2103 812 2142 forma
829 2103 966 2141 antiqua
980 2101 1005 2141 2)
1095 2100 1177 2130 dare
1199 2099 1304 2129 frater
1319 2108 1396 2128 corr.
1415 2097 1453 2129 sr.
1473 2098 1505 2128 d.
1527 2096 1592 2130 cod.

269 2146 317 2187 (ii.
337 2146 370 2184 3)
521 2156 583 2185 159
605 2147 682 2187 sed]
698 2146 778 2187 sort.
806 2146 833 2177 si
860 2145 937 2181 (sei)
962 2154 999 2175 es
1024 2145 1075 2185 (es
1097 2143 1167 2174 iam
1193 2141 1381 2181 fleckeisen)
1534 2142 1593 2180 164

267 2193 420 2228 paratum
447 2189 501 2219 his
528 2200 652 2221 nomen
679 2191 795 2230 pueris
825 2186 1024 2221 ‘Postume'
1050 2186 1113 2218 cod.
1140 2186 1230 2216 Festi
1251 2185 1316 2223 238
1465 2186 1525 2222 165
1549 2185 1598 2215 vel

252 2233 378 2263 *istunc
466 2234 585 2273 degam
602 2237 738 2264 testatur
753 2233 884 2264 Nonius
900 2232 964 2272 278
979 2243 986 2262 z
1010 2231 1143 2262 demam
1160 2228 1226 2261 cod.
1362 2229 1421 2267 167
1446 2228 1595 2267 dapsilas

267 2276 355 2307 codd.
374 2276 476 2306 Nonii
493 2287 557 2315 304
693 2279 755 2317 169
777 2277 1044 2310 seruitutumsu.
1063 2274 1263 2312 rediguntur
1279 2272 1372 2303 uiros
1387 2271 1453 2304 cod.
1475 2272 1530 2310 (iv.
1553 2271 1591 2311 3)

271 2330 331 2360 170
355 2320 383 2350 si
405 2320 509 2351 audes
529 2320 619 2352 codd.
640 2321 803 2351 Prisciani
822 2331 851 2361 2,
870 2330 902 2359 9,
922 2321 1057 2349 testatur
1075 2316 1181 2347 Persii
1199 2316 1293 2347 sclzol.
1314 2326 1344 2355 3,
1370 2317 1432 2354 89:
1464 2325 1593 2355 quaeso

268 2363 333 2395 cod.
470 2374 525 2403 171
553 2365 679 2395 nouisti
696 2364 757 2395 alii
887 2372 947 2402 175
972 2362 1073 2402 quid'.²
1097 2370 1150 2391 me
1168 2370 1200 2390 n.
1218 2371 1250 2399 q.
1269 2370 1300 2391 u.
1316 2361 1326 2391 2
1357 2359 1417 2389 alii
1502 2369 1592 2389 nunc

267 2408 346 2447 quid
362 2407 428 2439 cod.

1626 334 1687 371 155

1624 650 1690 685 160

1623 1044 1685 1088 165

1622 1377 1687 1412 170

1621 1897 1683 1934 175
