1814 2723
246 42 301 78 II.
322 42 367 79 iii
739 42 783 77 T.
819 40 998 78 MACCI
1031 40 1234 76 PLAVTI

242 168 302 190 110
326 155 400 191 DE.
434 152 605 202 quiesce,
628 152 801 203 inquam.
862 151 986 189 istanc
1016 151 1096 189 rem
1127 164 1200 201 ego
1229 157 1334 189 recte
1362 149 1510 189 uidero.
1570 150 1648 189 CH.

1084 216 1181 266 quid
1201 215 1289 254 ais?
1347 217 1422 254 DE.
1446 215 1542 266 quid
1563 217 1650 254 est?

321 285 398 322 CH.
432 296 512 321 non
547 296 620 333 ego
655 282 760 319 illam
792 280 1004 331 mancupio
1033 280 1180 331 accepi.
1241 282 1316 318 DE.
1349 281 1419 319 sed
1448 279 1512 319 ille
1542 279 1648 318 illam

1315 344 1492 395 accipiet.
1551 344 1646 383 sine.

321 414 399 453 CH.
432 427 512 451 non
548 420 660 462 potes
696 419 737 450 tu
772 413 856 461 lege
895 412 1067 450 uendere
1106 410 1223 449 illam.
1284 412 1360 448 DE.
1397 422 1470 459 ego
1500 408 1650 459 aliquid
1668 418 1737 455 450

1500 474 1648 513 uidero.

321 546 399 584 CH.
432 550 520 594 post
540 549 673 581 autern
695 548 944 581 communest
966 541 1031 579 illa
1051 540 1146 579 mihi
1168 554 1259 579 cum
1279 540 1366 579 alio.
1427 539 1494 590 qui
1515 539 1598 578 scio

321 609 417 660 quid
439 608 486 646 sit
507 607 540 646 ei
563 607 697 653 animi,
718 606 906 645 uenirene
926 620 1013 644 eam
1034 605 1130 644 uelit
1149 619 1199 643 an
1221 619 1301 643 non
1322 604 1449 643 uelit?

243 685 302 718 115
324 676 399 712 DE.
432 687 505 724 ego
522 672 603 711 scio
623 673 736 710 uelle.
797 672 874 710 CH.
906 678 946 708 at
966 672 1032 721 pol
1052 684 1125 721 ego
1145 684 1231 708 esse
1251 671 1371 708 credo
1390 668 1562 719 aliquem
1582 669 1650 719 qui

1441 747 1522 772 non
1543 733 1647 772 uelit.

323 807 398 843 DE.
433 803 529 854 quid
568 803 609 841 id
649 816 738 841 mea
775 803 920 840 refert?
973 802 1052 841 CH.
1099 800 1192 851 quia
1220 800 1274 838 illi
1304 813 1415 838 suam
1445 813 1526 838 rem
1565 813 1650 838 esse

1229 872 1437 916 aequomst
1457 864 1496 902 in
1518 878 1648 903 manu.

325 938 400 975 DE.
433 934 529 985 quid
558 933 646 972 ais?
702 934 780 973 CH.
812 931 1036 971 communis
1067 931 1163 970 mihi
1193 931 1258 969 illa
1286 937 1346 969 est
1373 943 1464 968 cum
1494 929 1584 968 illo:
1618 929 1650 967 is
1669 935 1735 971 455

1214 996 1278 1034 hic
1299 1009 1404 1034 nunc
1425 1008 1506 1033 non
1525 995 1648 1034 adest.

324 1068 399 1105 DE.
432 1065 528 1116 priu'
555 1065 771 1115 respondes
799 1077 920 1114 quam
949 1075 1055 1114 rogo.
1124 1063 1203 1102 CH.
1235 1060 1331 1112 priu'
1352 1063 1394 1099 tu
1415 1059 1512 1098 emis
1533 1073 1652 1110 quam

1363 1127 1510 1174 uendo,
1531 1132 1650 1176 pater.

323 1197 468 1243 nescio,
491 1197 664 1247 inquam,
687 1195 782 1234 uelit
802 1195 866 1234 ille
886 1194 992 1233 illam
1014 1207 1140 1233 necne
1159 1191 1424 1232 abalienarier.

243 1279 304 1302 120
326 1265 400 1301 DE.
434 1262 560 1313 quid?
589 1261 669 1300 illic
701 1261 865 1313 quidam
896 1260 964 1311 qui
996 1259 1200 1299 mandauit
1225 1258 1295 1298 tibi
1324 1258 1355 1297 si
1385 1264 1547 1305 emetur,
1569 1264 1653 1296 tum

388 1335 393 1340 ’
1533 1323 1651 1368 uolet,

324 1393 355 1432 si
377 1407 449 1444 ego
471 1405 561 1432 emo
581 1391 636 1430 illi
656 1391 724 1442 qui
745 1391 960 1438 mandauit,
983 1391 1068 1429 tum
1089 1390 1154 1429 ille
1174 1391 1314 1428 nolet?
1343 1388 1439 1427 nihil
1460 1387 1551 1439 agis.

323 1471 542 1509 numquam
569 1458 712 1507 edepol
737 1456 946 1507 quisquam
972 1455 1079 1494 illam
1106 1454 1270 1494 habebit
1296 1454 1427 1505 potius
1447 1467 1567 1504 quam
1587 1452 1652 1491 ille
1670 1453 1740 1496 460

1311 1533 1430 1569 quem
1452 1532 1524 1569 ego
1545 1519 1649 1557 uolo.

324 1591 403 1630 CH.
445 1589 715 1628 certumnest?
792 1589 868 1625 DE.
918 1600 1075 1625 censen
1103 1592 1253 1624 certum
1292 1586 1409 1623 esse?
1459 1584 1554 1634 quin
1600 1584 1652 1622 ad

1224 1650 1359 1689 nauim
1379 1649 1457 1688 iam
1477 1649 1570 1687 hine
1590 1663 1649 1696 eo,

322 1720 377 1759 ibi
407 1719 569 1759 uenibit.
628 1720 706 1759 CH.
737 1717 806 1757 uin
833 1731 897 1756 me
922 1725 1053 1757 tecum
1073 1716 1141 1755 illo
1160 1716 1244 1755 ire?
1301 1718 1377 1754 DE.
1409 1716 1512 1753 nolo.
1572 1715 1650 1754 CH.

1405 1793 1486 1818 non
1507 1781 1649 1829 places.

242 1866 300 1898 125
326 1853 402 1890 DE.
435 1849 593 1890 meliust
614 1857 652 1889 te
674 1863 776 1900 quae
795 1857 887 1888 sunt
907 1850 1117 1888 mandatae
1137 1861 1196 1886 res
1217 1845 1289 1886 tibi
1310 1844 1558 1897 praeuortier.

325 1917 403 1956 CH.
436 1923 477 1954 tu
500 1915 697 1966 prohibes.
760 1917 835 1953 DE.
867 1924 907 1953 at
927 1914 990 1953 me
1011 1914 1215 1952 incusato:
1246 1919 1284 1950 te
1304 1910 1443 1950 fecisse
1464 1911 1613 1949 sedulo.

321 1983 372 2020 ad
393 1988 550 2032 portum
571 1994 621 2019 ne
642 1980 754 2028 bstas,
777 1979 868 2019 dico
888 1979 966 2017 iam
987 1978 1068 2017 tibi.
1129 1979 1205 2018 CH.
1237 1974 1531 2015 auscultabitur.
1671 1978 1736 2024 465

366 2085 430 2125 448
453 2084 527 2124 agis
550 2084 616 2115 cod.
763 2094 828 2123 449
852 2084 901 2114 vel
915 2094 944 2114 e.
964 2083 1063 2114 illanc
1152 2080 1295 2121 accipiet
1321 2079 1486 2120 Scaliger:
1522 2078 1653 2117 accepit

321 2129 387 2161 cod.
490 2137 553 2167 452
579 2127 628 2158 vel
642 2128 796 2158 uenirine
894 2137 957 2166 454
982 2137 1054 2157 rem
1070 2136 1165 2157 suam
1181 2125 1214 2155 Β
1315 2133 1379 2162 455
1403 2132 1492 2153 nunc
1509 2122 1562 2152 hic
1578 2120 1652 2151 PCD

322 2182 385 2213 457
403 2171 518 2203 accedit
532 2171 565 2202 A
615 2171 671 2202 ille
687 2182 752 2202 om.
772 2171 804 2200 A
896 2172 960 2210 458
981 2169 1078 2210 quid]
1098 2170 1158 2200 sed
1175 2168 1207 2198 A
1277 2167 1434 2207 quoidam
1450 2165 1562 2205 Bothe,
1571 2165 1652 2204 fort.

322 2220 397 2247 recte
472 2216 531 2246 tibi
548 2225 649 2254 usque
664 2215 711 2245 ad
725 2215 896 2246 mandauit
915 2215 1005 2255 (459)
1030 2224 1095 2244 om.
1121 2212 1154 2242 P
1171 2212 1231 2251 (iii.
1252 2214 1305 2248 11)
1439 2211 1504 2249 460
1529 2207 1652 2247 edepol

274 2253 283 2263 χ
321 2260 497 2300 quisquam
525 2258 682 2300 [edepol]
704 2259 738 2288 A
844 2260 906 2297 462
932 2258 1075 2298 placetst
1099 2256 1132 2287 Β
1151 2258 1228 2286 ante
1250 2264 1327 2286 corr.
1357 2254 1435 2296 (pro
1459 2252 1650 2293 placenst2)

322 2306 385 2343 464
410 2308 444 2335 at
462 2308 497 2334 tu
517 2305 679 2333 excusato
696 2301 729 2331 P
1006 2301 1028 2312 Ι
