1814 2723
264 54 318 91 II.
340 54 386 91 iii
752 59 802 93 T.
837 55 1016 94 MACCI
1049 57 1253 95 PLAVTI

340 165 408 204 ubi
428 166 673 217 uoluptatem
686 166 891 216 aegritudo
911 166 1054 214 mineat,
1078 167 1174 217 quid
1195 167 1249 205 ibi
1271 167 1372 206 inest
1390 168 1580 207 amoeni?

282 249 320 281 25
448 232 690 283 nequiquam
711 232 860 279 abdidi,
879 232 1124 283 apscondidi,
1148 241 1366 284 apstrusam
1388 234 1585 273 habebam
1604 250 1612 272 z
1689 237 1757 280 360

447 305 620 336 muscast
640 299 742 336 meu’
763 305 882 348 pater,
906 297 960 335 nil
981 304 1110 347 potest
1131 300 1231 336 clam
1254 298 1363 336 illum
1384 299 1531 346 haberi,

338 375 412 401 nec
441 376 594 401 sacrum
625 376 698 401 nec
728 370 808 400 tam
838 363 1047 413 profanum
1076 362 1338 413 quicquamst,
1370 363 1466 414 quin
1496 363 1550 401 ibi
1580 363 1670 402 ilico

1552 429 1666 467 adsit.

337 506 410 531 nec
431 492 499 543 qui
519 493 635 531 rebus
656 492 753 531 meis
774 494 975 532 confidam
995 492 1049 530 mi
1070 494 1148 531 ulla
1168 506 1257 543 spes
1278 492 1317 530 in
1339 495 1458 532 corde
1478 501 1629 532 certast.

339 559 414 596 DE.
447 558 543 608 quid
564 558 656 596 illuc
677 566 735 596 est
755 560 865 608 quod
886 560 992 596 solus
1013 571 1147 596 secum
1168 559 1364 596 fabulatur
1384 558 1516 596 filius?

273 635 315 665 30
335 622 525 660 sollicitus
547 622 645 660 mihi
661 623 877 672 nescioqua
897 637 937 661 re
958 622 1125 661 uidetur.
1187 624 1264 662 CH.
1296 630 1441 661 attatae
1459 626 1465 660 !
1687 626 1751 671 365

335 690 437 726 meu'
475 696 586 738 pater
629 688 860 738 hicquidern
899 696 957 726 est
995 702 1114 738 quem
1153 688 1282 726 uideo.
1347 688 1425 735 ibo,
1461 689 1663 738 adloquar.

1336 753 1432 804 quid
1454 754 1506 801 fit,
1529 756 1667 804 pater?

338 822 413 858 DE.
447 822 554 859 unde
592 820 754 867 incedis,
791 820 887 870 quid
927 820 1097 867 festinas,
1130 827 1246 870 gnate
1286 819 1371 857 mi?
1439 820 1517 859 CH.
1549 828 1663 867 recte,

1544 893 1663 935 pater.

337 952 413 989 DE.
445 951 498 989 ita
532 953 635 998 uolo,
670 951 740 989 sed
774 950 876 989 istuc
911 950 1007 1000 quid
1041 957 1100 988 est
1133 949 1205 988 tibi
1239 950 1347 999 quod
1382 957 1665 988 commutatust

1527 1015 1664 1053 color?

332 1081 526 1131 numquid
547 1080 618 1119 tibi
648 1082 788 1119 dolet?
844 1081 922 1119 CH.
954 1079 1188 1129 nescioquid
1217 1092 1308 1117 meo
1336 1079 1507 1118 animost
1536 1093 1660 1129 aegre,

1540 1152 1659 1195 pater.

272 1226 310 1257 35
331 1219 444 1261 poste
464 1213 538 1250 hae
558 1218 677 1250 nocte
695 1224 777 1250 non
799 1209 933 1260 quieui
953 1209 1037 1248 sati’
1058 1223 1146 1248 mea
1166 1223 1212 1248 ex
1233 1209 1438 1248 sententia.
1682 1224 1750 1261 370

332 1279 408 1315 DE.
440 1291 509 1327 per
529 1290 635 1315 mare
655 1284 697 1314 ut
718 1277 878 1323 uectu'5‚
900 1288 1007 1313 nune
1027 1275 1131 1313 oculi
1153 1282 1293 1313 terram
1315 1275 1504 1313 mirantur
1524 1274 1592 1313 tui.

331 1343 407 1380 CH.
440 1341 563 1391 magis
598 1341 871 1391 opinor—DE.
905 1340 946 1379 id
981 1347 1039 1378 est
1070 1341 1247 1390 profecto
1262 1354 1273 1388 3
1312 1353 1450 1378 uerum
1484 1347 1660 1377 actutum

1415 1404 1656 1455 apscesserit.

329 1486 421 1522 ergo
441 1474 584 1522 edepol
604 1474 736 1522 palles.
796 1471 827 1510 si
849 1471 987 1522 sapias,
1010 1485 1075 1509 eas
1095 1485 1142 1509 ac
1163 1471 1380 1509 decumbas
1401 1470 1520 1509 domi.

329 1539 407 1577 CH.
440 1538 564 1576 otium
585 1551 666 1576 non
688 1545 770 1576 est:
802 1536 998 1575 mandatis
1019 1537 1135 1575 rebus
1156 1536 1352 1586 praeuorti
1372 1538 1476 1575 uolo.

265 1621 308 1652 40
330 1605 406 1641 DE.
439 1616 522 1641 cras
556 1603 671 1654 agito,
705 1602 892 1652 perendie
922 1602 1071 1652 agito.¹
1099 1602 1176 1641 CH.
1209 1615 1326 1652 saepe
1360 1615 1407 1640 ex
1437 1609 1476 1640 te
1508 1601 1654 1649 audiui,
1678 1617 1742 1654 375

1525 1674 1658 1717 pater:

326 1733 381 1772 rei
402 1735 612 1772 mandatae
632 1734 761 1772 omnis
782 1733 969 1783 sapientis
991 1732 1161 1783 primum
1182 1731 1379 1783 praeuorti
1400 1733 1525 1770 decet.

328 1801 403 1837 DE.
435 1813 506 1849 age
527 1799 664 1849 igitur3
694 1801 787 1837 nolo
807 1798 1008 1837 aduorsari
1030 1806 1137 1837 tuam
1158 1799 1373 1836 aduorsum
1394 1797 1640 1836 sententiam.

327 1865 404 1903 CH.
437 1865 567 1903 saluos
599 1878 696 1912 sum,
732 1863 929 1914 siquidem
963 1863 1026 1901 isti
1058 1863 1166 1902 dicto
1200 1862 1327 1901 solida
1358 1870 1397 1900 et
1431 1869 1655 1913 perpetuast

1544 1928 1652 1966 fides.

326 1996 401 2033 DE.
434 1994 531 2044 quid
552 1995 643 2033 illuc
664 2002 721 2033 est
742 1996 851 2045 quod
871 2008 894 2033 a
915 2008 978 2032 me
995 1996 1101 2032 solus
1117 2007 1158 2032 se
1178 1993 1219 2032 in
1240 1992 1448 2032 consilium
1466 1994 1656 2031 seuoeat?

365 2100 429 2137 364
454 2098 623 2128 fabuletur
638 2098 711 2128 ΡΠ)
845 2099 907 2136 365
932 2096 1018 2141 (de)
1034 2107 1070 2128 re
1088 2096 1199 2127 Luchs
1286 2101 1320 2126 at
1337 2101 1412 2126 tace
1427 2095 1460 2126 Β
1590 2097 1655 2135 368

322 2143 402 2182 quid
419 2142 504 2172 istuc
520 2141 611 2172 Bach
744 2152 808 2181 370
832 2152 905 2172 mea
920 2141 995 2172 Ital.
1012 2153 1018 2173 ε
1045 2151 1098 2171 me
1111 2140 1175 2171 cod.
1310 2150 1418 2179 371—2
1442 2139 1510 2171 secl.
1531 2139 1657 2180 Ussing

326 2186 405 2225 ‘qm'
426 2197 475 2217 vv.
506 2195 613 2224 371—2
637 2190 698 2225 pro
727 2197 755 2216 v.
784 2186 848 2225 389
863 2185 977 2224 finxit,
1005 2185 1103 2215 totius
1127 2184 1188 2214 loci
1207 2184 1338 2223 373-89
1362 2182 1590 2223 compendium
1617 2182 1653 2213 in

263 2250 271 2259 x
321 2231 442 2260 actione
463 2229 542 2268 fleri
569 2228 706 2259 volebat'
742 2228 808 2258 Leo
931 2238 995 2268 372
1019 2228 1068 2259 vel
1082 2228 1181 2267 opino
1317 2227 1447 2266 373—88
1468 2231 1652 2266 paucorum

321 2284 476 2304 versuum
499 2273 604 2302 exitus
619 2276 777 2312 apparent
791 2272 824 2302 A
968 2281 1034 2316 329
1058 2281 1131 2301 mea
1155 2280 1209 2301 me
1229 2269 1285 2310 (Β)
1308 2271 1379 2310 (pro
1402 2280 1421 2300 a
1446 2272 1521 2302 me?
1549 2270 1589 2300 iv.
1617 2270 1651 2309 3)

323 2317 372 2347 vel
389 2316 445 2347 illa
462 2326 515 2346 me
534 2313 639 2356 <PCD)
658 2316 730 2356 (pro
753 2315 809 2346 ille
826 2326 845 2346 a
862 2325 915 2345 me
929 2313 954 2355 2)
972 2315 1038 2345 cod.
1057 2326 1064 2345 :
1088 2315 1142 2345 hic
1165 2324 1185 2344 a
1209 2323 1262 2343 me
1278 2314 1437 2354 Anspaclz
1537 2314 1597 2344 sed
1622 2313 1654 2343 Β

324 2361 395 2401 <vix
408 2360 546 2399 antiqua
552 2358 685 2399 forma)
