1814 2723
234 58 290 97 II.
310 59 340 96 ii
732 59 777 95 T.
812 58 991 97 MACCI
1023 57 1226 95 PLAVTI

366 168 435 207 CL.
469 167 564 217 quin
586 167 678 205 mihi
702 166 926 205 ancillulam
948 165 1120 215 ingratiis
1141 166 1323 215 postulat,

363 246 464 282 quae
485 246 572 271 mea
592 239 660 278 est,
684 245 785 281 quae
806 245 896 269 meo
916 232 1059 269 educta
1079 238 1237 281 sumptu
1259 230 1341 277 siet,

579 297 697 335 uilico
718 310 790 335 suo
811 310 852 334 se
873 297 976 342 dare,
1664 305 1725 342 195

248 373 287 406 25
416 363 486 401 sed
507 362 613 412 ipsus
635 374 721 415 earn
742 367 857 398 amat.
919 361 1002 397 Mv.
1036 372 1211 409 opsecro,
1665 370 1749 410 195³

470 426 569 472 dice,
593 439 684 462 nam
706 424 770 462 hic
791 437 896 462 nunc
917 423 1008 462 licet
1028 423 1182 462 dicere:

416 505 488 530 nos
509 504 655 528 sumus.
715 491 785 528 CL.
819 488 871 527 ita
891 496 960 527 est.
1022 491 1104 526 Mv.
1137 490 1243 528 unde
1264 502 1310 527 ea
1330 488 1400 527 tibi
1423 491 1514 527 est?
1664 495 1774 539 197—8

362 571 452 595 nam
475 555 602 605 peculi
624 555 788 604 probam
810 553 864 591 nil
885 554 1029 592 habere
1050 555 1217 592 addecet

360 623 459 660 clam
482 620 623 667 uirum,
644 619 683 658 et
703 633 803 669 quae
825 618 955 665 habet,
978 626 1131 668 partum
1153 618 1188 657 ei
1209 620 1286 656 hau
1308 619 1520 657 commode
1541 624 1609 665 est,
1660 631 1729 656 200

247 700 288 731 30
362 686 457 736 quin
479 685 562 723 uiro
582 691 650 722 aut
670 685 872 734 suptrahat
892 690 959 721 aut
980 690 1115 734 stupro
1136 682 1341 721 inuenerit.

362 752 438 789 hoc
459 749 530 788 uiri
551 762 696 788 censeo
716 762 801 787 esse
822 762 941 786 omne
962 747 1157 798 quidquid
1178 755 1288 786 tuom
1309 755 1378 786 est.

308 817 378 856 CL.
412 823 452 854 tu
487 814 649 864 quidem
689 815 902 852 aduorsum
937 820 1045 851 tuam
1080 812 1248 851 amicam
1283 812 1418 852 omnia
1456 812 1636 863 loqueris.

1352 880 1435 916 Mv.
1467 884 1554 917 tace
1574 877 1637 925 sis,

522 945 650 991 stulta,
673 950 712 981 et
733 942 784 981 mi
806 944 992 981 ausculta.
1053 942 1133 980 noli

523 1009 574 1048 sis
596 1017 635 1047 tu
657 1008 735 1047 illic
755 1008 967 1054 aduorsari‚
1659 1021 1725 1056 205

248 1085 286 1117 35
307 1076 391 1115 sine
418 1083 536 1122 amet,
557 1075 640 1113 sine
666 1075 776 1124 quod
802 1074 912 1112 lubet
938 1073 979 1112 id
1006 1073 1132 1121 faciat,
1154 1074 1316 1124 quando
1346 1073 1417 1112 tibi
1447 1073 1499 1111 nil
1529 1073 1639 1112 domi
1661 1076 1774 1119 206—7

1347 1140 1546 1179 delicuom
1567 1146 1635 1178 est.

308 1208 378 1246 CL.
411 1205 510 1244 satin
533 1219 627 1244 sana
647 1207 717 1243 es?
747 1218 837 1242 nam
855 1204 1061 1255 tuquidem
1078 1206 1269 1244 aduorsus
1286 1212 1393 1243 tuam
1415 1204 1535 1243 istaec
1555 1218 1636 1243 rem
1659 1208 1773 1251 208-»9

1087 1272 1258 1321 loquere.
1319 1273 1403 1309 Mv.
1435 1270 1634 1325 insipiens,

306 1351 461 1388 semper
477 1344 517 1375 tu
539 1335 630 1375 huic
652 1336 774 1374 uerbo
791 1335 913 1374 uitato
929 1350 999 1386 aps
1026 1343 1095 1374 tuo
1121 1336 1216 1375 uiro.
1268 1337 1338 1376 CL.
1371 1323 1471 1386 quo-i>
1481 1331 1674 1374 flerbo‘ffz
1684 1345 1764 1371 10-2

1203 1403 1285 1439 Mv.
1318 1401 1329 1439 i
1350 1402 1462 1448 foras,
1485 1400 1633 1438 mulier.

364 1469 433 1508 CL.
467 1470 524 1506 st!
560 1474 656 1505 tace.
718 1468 800 1504 Mv.
832 1465 929 1516 quid
949 1468 1037 1505 est?
1094 1467 1164 1506 CL.
1197 1469 1284 1505 em!
1343 1469 1425 1504 Mv.
1457 1465 1545 1516 quis
1566 1473 1635 1511 est,

916 1545 1034 1581 quem
1057 1531 1198 1570 uides?
1256 1533 1325 1571 CL.
1358 1532 1417 1570 uir
1436 1545 1575 1570 eccum
1596 1530 1635 1569 it.

361 1599 464 1637 intro
484 1597 559 1644 abi,
582 1598 813 1648 adproperat,
835 1610 907 1647 age
927 1596 1081 1635 amabo.
1144 1599 1226 1635 Mv.
1260 1599 1455 1648 impetras,
1477 1597 1589 1635 abeo.

245 1673 288 1704 40
470 1664 541 1702 CL.
574 1675 665 1700 mox
685 1662 808 1712 magis
829 1675 951 1712 quom
973 1661 1097 1700 otium
1118 1660 1192 1714 (et)
1211 1662 1307 1700 mihi
1328 1669 1366 1700 et
1387 1661 1457 1700 tibi
1479 1661 1562 1708 erit,
1658 1673 1724 1710 215

469 1728 585 1779 igitur
605 1735 736 1766 tecum
757 1729 905 1778 loquar.
966 1742 1072 1766 nunc
1093 1730 1190 1766 uale.
1252 1730 1335 1766 Mv.
1367 1728 1567 1766 ualeas.-—

240 1839 284 1875 iii
563 1840 891 1876 LYSIDAMVS
1004 1840 1375 1878 CLEVSTRATA

307 1922 377 1959 Lv.
411 1919 600 1959 Omnibu’
621 1919 736 1958 rebus
758 1933 831 1970 ego
851 1934 1026 1959 amorem
1048 1921 1167 1959 credo
1188 1927 1226 1958 et
1246 1919 1430 1958 nitoribu'
1450 1918 1584 1958 nitidis

683 1985 912 2024 anteuenire
932 2000 1006 2024 nec
1026 1985 1129 2036 potis
1658 1989 1750 2029 217²
1805 2031 1808 2034 ,

354 2098 411 2128 194
437 2089 559 2120 educta
584 2089 678 2122 Ital.:
714 2090 857 2120 educata
882 2089 948 2120 cod.
1094 2097 1154 2128 195
1177 2099 1215 2120 se
1243 2099 1304 2119 suo
1332 2088 1435 2120 Bothe
1577 2089 1639 2127 196

309 2133 383 2163 dice
399 2133 531 2172 scripsi:
555 2138 629 2164 tace
645 2133 710 2164 cod.
861 2144 925 2164 200
950 2133 998 2174 et]
1013 2137 1066 2164 set
1081 2133 1132 2163 vel
1145 2133 1193 2163 sei
1224 2132 1360 2172 Seyffert
1463 2133 1638 2163 commode

308 2175 466 2216 Lipsius:
491 2178 655 2207 commodi
672 2176 739 2208 cod.
874 2187 937 2216 203
960 2176 1021 2208 del.
1049 2182 1140 2207 tuam
1165 2175 1300 2215 Schodl,
1327 2180 1363 2206 ut
1382 2186 1493 2207 versus
1512 2177 1640 2206 creticus

250 2242 259 2252 χ
301 2220 368 2259 fiat
443 2230 508 2259 209
530 2220 593 2251 ista
609 2220 676 2251 cod.
756 2231 819 2251 212
844 2221 875 2251 ei
891 2220 956 2251 cod.
974 2221 986 2260 (
989 2220 1108 2259 forma
1124 2219 1275 2258 antiqua)
1353 2230 1416 2258 213
1440 2219 1486 2261 st]
1507 2224 1558 2250 est
1571 2218 1636 2250 cod.

310 2264 347 2304 (i,
366 2274 397 2303 p.
416 2264 472 2303 27)
585 2272 647 2302 215
672 2263 752 2294 mihi
771 2268 805 2295 et
822 2263 880 2295 tibi
898 2264 964 2294 erit
979 2263 1044 2296 cod.
1066 2263 1116 2305 (et
1133 2263 1213 2293 mihi
1231 2263 1296 2294 erit
1312 2267 1346 2294 et
1359 2262 1418 2294 tibi
1431 2262 1472 2304 J)
1576 2272 1638 2302 217

310 2307 402 2338 itidis
418 2306 482 2338 cod.
503 2307 636 2349 (nitidis
654 2306 695 2347 J)
980 2301 1003 2311 Ι
