1814 2723
223 59 300 95 III.
322 59 369 95 iv
747 59 791 95 T.
826 57 1006 96 MACCI
1039 57 1243 94 PLAVTI

327 176 477 219 quanto
498 176 536 208 te
557 169 694 207 satiust
715 182 778 207 rus
799 168 932 218 aliquo
952 167 1071 215 abire,
1094 167 1148 206 ibi
1169 181 1264 215 esse,
1288 167 1342 206 ibi
1363 166 1496 206 uiuere

327 236 429 273 adeo
450 235 545 273 dum
567 233 668 272 illius
690 241 728 272 te
748 232 942 283 cupiditas
963 240 1082 282 atque
1102 246 1212 271 amor
1232 232 1394 270 missum
1416 232 1536 270 facit?

328 301 404 340 CH.
438 299 515 338 iam
546 299 704 338 dixisti?
762 300 834 336 Ev.
867 298 956 337 dixi.
1017 299 1094 338 CH.
1127 299 1265 336 frustra
1294 297 1400 336 dixti.
1459 298 1536 335 hoc
1560 296 1657 334 mihi

1333 361 1653 400 certissumumst.

328 443 376 469 eo
396 431 571 478 domum,
596 437 745 480 patrem
766 436 884 479 atque
906 436 1069 467 matrem
1091 436 1133 466 ut
1153 441 1263 466 meos
1284 429 1460 474 salutem,
1482 434 1620 477 postea

269 506 306 540 75
329 497 429 534 clam
446 503 595 546 patrem
609 494 732 545 patria
746 495 819 532 hac
833 494 1025 544 ecfugiam
1040 501 1107 532 aut
1122 492 1271 543 aliquid
1285 492 1437 543 capiam
1451 491 1657 530 consili.——
1676 491 1746 525 660

329 562 401 598 Ev.
434 567 476 598 ut
496 560 681 610 corripuit
702 573 744 598 se
764 567 924 609 repente
945 566 1064 608 atque
1084 558 1180 597 abiit
1197 561 1203 596 1
1234 559 1312 596 heu
1333 557 1475 595 misero
1496 555 1592 594 mihi
1609 559 1615 593 ἕ

327 624 357 662 si
379 624 443 663 ille
462 624 611 671 abierit,
635 637 722 662 mea
742 625 889 661 factum
910 636 1049 661 omnes
1069 623 1203 661 dicent
1223 636 1309 660 esse
1329 621 1493 671 ignauia.

327 696 514 727 certumst
535 702 775 738 praeconum
797 688 931 726 iubere
952 688 1029 725 iarn
1050 695 1242 737 quantum
1263 694 1321 724 est
1342 685 1566 731 conducier‚

327 754 395 803 qui
416 754 521 791 illam
543 753 790 803 inuestigent‚
807 753 874 803 qui
897 752 1110 791 inueniant.
1153 760 1242 802 post
1257 753 1307 790 ad
1329 758 1547 801 praetorem
1568 749 1659 789 ilico

267 827 309 856 80
328 819 405 865 ibo,
428 819 551 856 orabo
572 825 614 856 ut
634 818 907 868 conquistores
928 819 995 855 det
1016 817 1069 855 mi
1090 817 1130 854 in
1151 816 1248 855 uicis
1269 816 1455 854 omnibus
1470 831 1481 863 ;
1677 821 1744 865 665

328 897 420 922 nam
441 883 536 921 mihi
558 883 611 921 nil
633 882 755 922 relicti
776 883 989 933 quicquam
1010 883 1116 922 aliud
1138 882 1214 921 iam
1236 895 1321 921 esse
1342 881 1594 932 intellego.—
1726 903 1754 927 ,f

204 1187 307 1224 IV.i
738 1191 995 1227 DORIPPA
1107 1190 1250 1227 SYRA

436 1278 514 1315 Do.
547 1276 748 1325 Quoniam
768 1290 790 1314 a
811 1276 895 1315 uiro
915 1278 966 1315 ad
987 1290 1051 1315 me
1070 1290 1134 1315 rus
1154 1275 1317 1315 aduenit
1337 1274 1498 1314 nuntius

435 1356 499 1380 rus
521 1356 602 1380 non
621 1342 777 1388 iturum,
800 1341 875 1380 feci
896 1356 967 1392 ego
988 1342 1190 1393 ingenium
1211 1355 1356 1389 meum,

435 1406 581 1453 reueni⁷
604 1414 646 1444 ut
666 1406 776 1444 illum
797 1420 1008 1457 persequar
1027 1407 1095 1457 qui
1115 1421 1179 1445 me
1199 1406 1307 1457 fugit.

437 1473 507 1510 sed
527 1485 648 1510 anum
669 1486 750 1510 non
771 1472 890 1510 uideo
911 1472 1100 1522 consequi
1122 1479 1296 1510 nostram
1317 1472 1463 1521 Syram.
1679 1474 1749 1519 670

291 1555 308 1585 5
436 1545 555 1587 atque
575 1551 710 1576 eccam
731 1537 879 1576 incedit
900 1540 1072 1576 tandem.
1132 1537 1229 1587 quin
1248 1537 1280 1575 is
1301 1536 1441 1575 ocius?
1618 1537 1619 1540 ’

437 1604 501 1641 Sv.
534 1605 691 1652 neq'ueo
712 1610 915 1650 mecastor,
940 1610 1094 1641 tantum
1115 1604 1193 1642 hoc
1213 1602 1360 1642 onerist
1380 1602 1489 1652 quod
1510 1602 1601 1639 fero.

439 1670 515 1706 Do.
549 1668 645 1718 quid
666 1668 825 1706 oneris?
882 1670 945 1707 Sv.
977 1682 1104 1707 annos
1124 1668 1326 1719 octoginta
1345 1675 1383 1706 et
1404 1674 1588 1718 quattuor
1605 1681 1613 1707 :

437 1740 475 1771 et
496 1734 638 1772 eodem
658 1733 813 1772 accedit
833 1733 1013 1782 seruitus,
1033 1735 1163 1781 sudor,
1186 1733 1292 1772 sitis:

438 1798 554 1837 simul
574 1800 672 1837 haec
692 1812 794 1849 quae
814 1807 929 1849 porto
949 1799 1185 1850 deprimunt.
1246 1801 1323 1837 Do.
1354 1797 1503 1848 aliquid
1524 1797 1625 1835 cedo
1680 1799 1745 1843 675

275 1879 313 1901 10
439 1863 532 1914 †qui
553 1865 655 1902 hanc
676 1864 796 1903 uicini
818 1864 939 1903 nostri
959 1878 1065 1903 aram
1085 1869 1289 1915 augeam.†

437 1930 489 1967 da
509 1942 602 1967 sane
623 1930 725 1968 hanc
747 1929 895 1979 uirgam
916 1929 1023 1968 lauri.
1082 1929 1147 1968 abi
1168 1937 1209 1967 tu
1230 1929 1342 1967 intro.
1403 1929 1466 1966 SV.
1499 1940 1614 1965 eo.*—

438 1995 515 2032 Do.
548 1996 705 2044 Apollo,
729 2008 877 2044 quaeso
897 2002 936 2033 te
956 2002 999 2032 ut
1019 1996 1089 2033 des
1109 2008 1248 2044 pacem
1269 1992 1472 2044 propitius,

436 2060 603 2097 salutem
625 2067 662 2097 et
684 2059 890 2098 sanitatem
912 2067 1068 2098 nostrae
1088 2059 1268 2106 familiae,

438 2137 608 2173 meoque
630 2132 671 2162 ut
692 2138 828 2174 parcas
848 2132 968 2174 gnato
988 2138 1085 2174 pace
1105 2123 1306 2174 propitius
1680 2119 1749 2154 630

372 2228 434 2257 661
460 2227 515 2257 hei
535 2226 597 2266 (ei)
617 2226 744 2257 Rz'tsclzl
859 2228 925 2257 666
949 2227 1065 2257 relicui
1082 2227 1244 2268 Angelius
1353 2227 1418 2256 668
1442 2225 1521 2255 flexi
1542 2224 1666 2265 Ussing

330 2272 389 2309 671
417 2269 544 2300 incedit
561 2280 673 2300 eccam
690 2270 755 2302 cod,
773 2282 780 2301 ε
804 2270 876 2301 traz'.
898 2270 1108 2313 &andegarius
1209 2272 1273 2309 672
1297 2270 1346 2300 vel
1359 2273 1496 2300 onerest
1598 2270 1664 2307 676

329 2312 437 2355 (rite)
458 2325 505 2345 ar.
527 2313 652 2354 Ussing
755 2324 897 2353 augeam
923 2313 1073 2345 Merula:
1107 2324 1265 2353 augei-am
1286 2313 1351 2344 cod.
1505 2314 1567 2352 677
1593 2311 1661 2352 abi]

331 2357 420 2387 abite
440 2356 549 2394 Goetz,
567 2367 606 2387 ne
620 2367 731 2387 versus
747 2357 812 2387 hiet
942 2359 1008 2388 680
1031 2358 1130 2398 pace]
1149 2367 1250 2397 parce
1267 2356 1343 2387 PCD
