1814 2723
176 60 260 97 V.1
663 58 709 94 T.
743 55 923 95 MACCI
954 54 1157 92 PLAVTI

745 298 979 346 ACTVS
1026 299 1071 345 V

143 429 227 467 V.i
507 425 832 464 NICOBVLVS
944 425 1314 461 PfliLoanvs

246 537 311 575 N1.
344 534 629 585 Quiquomque
654 533 721 572 ubi
753 541 854 581 sunt,
877 533 944 583 qui
974 535 1128 571 fuerunt
1158 533 1305 583 quique
1336 532 1452 571 futuri
1484 539 1574 571 sunt

1410 599 1575 648 posthac

246 666 364 713 stulti,
388 665 529 711 stolidi,
554 664 660 710 fatui,
684 663 802 713 fungi,
826 663 949 710 bardi,
973 663 1119 710 blenni,
1142 664 1353 709 buccones,

245 734 350 770 solus
371 744 443 780 ego
464 729 592 767 omnis
613 731 729 778 longe
749 728 910 766 antideo
931 727 1092 765 stultitia
1112 735 1150 765 et
1171 727 1344 765 moribus
1366 726 1545 765 indoctis.

246 796 352 847 perii,
384 797 529 846 pudet:
567 794 711 832 hocine
741 807 804 831 me
833 793 970 831 aetatis
999 794 1114 831 ludos
1143 792 1203 831 bis
1233 794 1378 830 factum
1408 806 1493 831 esse
1522 792 1576 830 in-
1599 811 1688 846 1090

1428 857 1577 907 digne?

209 942 226 972 5
248 927 360 977 magi'
393 939 511 976 quarn
544 925 583 964 id
618 933 767 975 reputo,
804 932 884 962 tam
918 923 1038 973 magis
1077 937 1166 961 uror
1204 937 1305 973 quae
1344 924 1445 960 meu'
1484 922 1576 960 filiu'

1391 986 1572 1025 turbauit.

248 1057 413 1108 perditu’
444 1069 529 1094 sum
561 1063 678 1106 atque
709 1054 927 1093 eradicatus
956 1068 1055 1102 sum,
1087 1053 1270 1091 omnibus
1300 1052 1487 1103 exemplis
1516 1065 1576 1090 ex-

1413 1130 1572 1155 crumor.

247 1187 380 1226 omnia
401 1200 463 1225 me
485 1188 586 1224 mala
606 1192 891 1231 consectantur,
915 1183 1100 1222 omnibus
1120 1183 1244 1221 exitiis
1265 1182 1401 1221 interii.

248 1254 450 1302 Chrysalu'
498 1253 589 1289 med
635 1250 753 1289 hodie
801 1249 999 1297 laceranst,
1038 1249 1240 1297 Chrysalu'
1289 1262 1351 1285 me
1392 1247 1575 1286 miserum

1371 1312 1575 1362 spoliauit:

249 1383 280 1421 is
305 1396 368 1420 me
397 1383 523 1420 scelus
552 1395 647 1419 auro
675 1394 798 1430 usque
825 1379 995 1418 attondit
1019 1378 1121 1417 dolis
1148 1378 1274 1417 doctis
1301 1378 1505 1416 indoctum
1533 1384 1574 1415 ut
1599 1388 1685 1426 1095

1358 1443 1574 1482 lubitumst.

195 1527 234 1549 10
252 1513 306 1551 ita
331 1512 441 1550 miles
467 1519 657 1550 memorat
687 1510 930 1549 meretricem
955 1523 1039 1548 esse
1067 1523 1153 1548 eam
1178 1523 1296 1560 quam
1324 1509 1387 1548 ille
1417 1521 1577 1547 uxorem

1331 1588 1415 1613 esse
1434 1574 1577 1621 aiebat,

251 1643 463 1693 omniaque
488 1651 528 1681 ut
557 1642 731 1693 quidque
758 1649 889 1680 actum
919 1648 977 1679 est
1002 1640 1245 1688 memorauit,
1268 1654 1354 1679 eam
1377 1639 1450 1678 sibi
1470 1640 1576 1677 hune

405 1749 407 1751 .
1155 1719 1303 1744 annum
1324 1706 1573 1750 conductam,

250 1773 436 1812 relicuom
458 1773 497 1812 id
518 1772 600 1811 auri
621 1774 767 1810 factum
789 1772 897 1822 quod
918 1785 990 1822 ego
1008 1771 1042 1810 ei
1065 1771 1328 1810 stultissumus
1350 1772 1471 1808 homo
1491 1782 1576 1818 pro-

1358 1834 1575 1872 misissem:

252 1904 338 1951 hoc,
370 1904 446 1942 hoc
470 1910 528 1941 est
552 1903 661 1953 quod
681 1900 783 1955 (cor)
808 1902 1021 1953 per-acescit
1040 1916 1049 1949 3
1088 1903 1164 1940 hoc
1194 1909 1251 1939 est
1275 1902 1436 1939 demum
1466 1899 1575 1949 quod

1343 1965 1573 2017 perci-udor,

252 2049 313 2074 me
334 2036 410 2074 hoe
430 2035 566 2073 aetatis
587 2034 789 2081 ludificari,
813 2034 936 2072 immo
956 2035 1098 2084 edepol
1119 2033 1174 2071 sic
1194 2033 1309 2071 ludos
1330 2033 1475 2069 factum
1598 2044 1689 2070 1100

300 2141 381 2178 1087
406 2139 531 2178 ubique
547 2139 579 2169 Β
597 2140 666 2179 (zle.
687 2138 836 2178 ubiq'?):
863 2139 916 2168 ubi
937 2138 990 2168 ubi
1008 2137 1093 2175 Ital.,
1118 2137 1182 2167 Leo
1205 2136 1257 2166 cui
1280 2136 1417 2166 ffierunt
1439 2134 1580 2175 displicet

259 2193 338 2222 1091
364 2193 449 2222 quae
463 2183 674 2213 Camerarius
689 2194 695 2212 ι
719 2193 818 2221 quem
829 2181 897 2212 cod.
1031 2191 1112 2220 1092
1135 2185 1236 2219 atque
1253 2179 1430 2209 Hermann
1445 2189 1452 2208 :
1476 2183 1578 2217 atque

252 2227 386 2267 {etiam}
405 2226 472 2258 cod.
491 2227 548 2265 (iv.
567 2227 601 2265 3)
722 2225 854 2256 crucior
869 2224 943 2255 PCD
1108 2234 1189 2264 1097
1215 2227 1379 2253 memorat
1395 2233 1423 2253 e.
1443 2232 1468 2253 s.
1489 2222 1521 2252 in
1541 2222 1573 2252 h.

253 2269 391 2301 Mueller
408 2270 538 2310 (Rlzein.
554 2269 643 2300 Mus.
664 2279 715 2308 54,
729 2270 808 2308 384)
900 2267 1074 2309 mem9rf1t‚
1094 2268 1144 2299 tle.
1159 2266 1287 2305 -{(u)it‚
1308 2266 1363 2296 vix
1375 2265 1576 2296 Plautinum

256 2324 338 2353 1099
354 2324 420 2354 quo
436 2312 561 2343 Ritschl
649 2324 706 2343 cor
723 2312 800 2343 add.
818 2311 951 2352 Seyffert
1039 2311 1240 2351 peraccessit
1257 2309 1322 2340 cod.
