1814 2723
179 79 256 116 III.
278 79 323 115 iii
703 78 749 114 T.
784 77 964 116 MACCI
998 77 1201 114 PLAVTI

220 203 260 233 50
279 189 419 227 eadem
440 187 537 226 istac
558 200 676 238 opera
697 186 874 225 suauiust
894 186 1123 235 complexos
1142 184 1318 223 fabulari.
1628 186 1699 227 640

280 255 340 291 L1.
372 266 453 291 non
470 252 604 291 omnia
624 253 764 290 eadem
785 264 911 300 aeque
928 249 1124 296 omnibus,
1143 263 1218 296 ere,
1236 248 1373 288 suauia
1387 263 1472 288 esse
1488 248 1586 289 scito
1602 265 1610 288 :

278 318 393 357 uobis
414 326 471 357 est
492 331 613 356 suaue
633 316 859 354 amantibus
880 316 1107 364 complexos
1128 314 1305 362 fabulari,

278 399 351 435 ego
368 385 617 433 complexum
635 383 750 419 huius
767 381 821 419 nil
838 394 979 427 moror,
996 394 1129 418 meum
1143 388 1276 418 autem
1292 379 1356 417 hic
1371 386 1608 429 aspernatur.

278 449 444 500 proinde
464 448 564 486 istuc
585 446 704 484 facias
725 445 808 496 ipse
829 446 938 495 quod
959 444 1148 483 faciamus
1169 443 1284 482 nobis
1305 445 1460 482 suades.

220 525 257 558 55
279 517 383 553 ARG.
408 527 481 564 ego
497 526 602 559 uero,
621 519 658 550 et
675 511 837 561 quidem
854 511 996 559 edepol
1012 510 1163 548 lubens.
1216 508 1374 555 interea,
1393 508 1424 547 si
1444 508 1609 557 uidetur,
1631 513 1698 556 645

279 579 487 618 concedite
508 578 618 616 istuc.
679 578 750 614 LE.
783 575 851 613 uin
873 588 982 613 erum
1004 574 1169 613 deludi?
1226 575 1285 611 LI.
1316 573 1474 623 dignust
1495 588 1599 613 sane.

281 647 350 683 LE.
374 644 441 682 uin
459 642 599 681 faciam
620 648 663 680 ut
684 655 747 679 me
765 640 1013 678 Philaenium
1030 646 1236 689 praesente
1252 640 1329 676 hoc
1344 640 1614 688 amplexetur?

281 713 340 748 L1.
378 709 496 759 cupio
533 708 676 746 hercle.
755 707 826 744 LE.
863 718 1027 755 sequere
1069 705 1154 742 hac.
1232 705 1337 741 ARG.
1375 703 1519 753 ecquid
1556 711 1615 742 est

1182 768 1316 806 salutis
1333 770 1349 806 ?
1378 768 1459 806 sati'
1480 768 1611 807 locuti.

282 843 351 880 LE.
384 841 601 879 auscultate
622 845 741 888 atque
762 849 923 887 operam
945 836 1036 874 date
1057 841 1095 873 et
1115 847 1204 872 mea
1224 833 1330 872 dicta
1350 834 1547 872 deuorare.

220 914 261 943 60
281 906 450 956 primum
473 904 652 943 omnium
674 916 808 941 seruos
829 909 918 940 tuos
939 914 1012 939 nos
1033 913 1118 939 esse
1138 913 1220 937 non
1241 912 1429 948 negamus
1444 913 1455 946 3
1635 901 1704 944 650

283 973 352 1010 sed
374 971 444 1009 tibi
465 969 496 1008 si
517 969 654 1020 uiginti
677 967 806 1006 minae
827 965 977 1017 argenti
997 966 1253 1016 proferentur,

283 1050 363 1087 quo
379 1050 451 1075 nos
469 1034 631 1074 uocabis
648 1033 810 1072 nomine
823 1035 840 1070 ?
878 1034 984 1070 ARG.
1002 1030 1174 1069 libertos.
1216 1031 1287 1067 LE.
1310 1043 1392 1068 non
1408 1031 1618 1079 patronos?

283 1104 388 1140 ARG.
421 1100 462 1139 id
482 1099 624 1151 potius.
685 1100 755 1136 LE.
789 1096 928 1147 uiginti
949 1094 1079 1134 minae'
1101 1094 1165 1133 hic
1185 1094 1319 1132 insunt
1339 1093 1380 1132 in
1400 1093 1587 1140 crumina,

283 1169 353 1205 has
374 1180 457 1216 ego,
481 1165 512 1204 si
533 1164 604 1211 uis,
627 1163 699 1202 tibi
719 1163 836 1202 dabo.
897 1164 1002 1200 ARG.
1035 1159 1075 1199 di
1096 1167 1135 1198 te
1155 1158 1367 1198 seruassint
1386 1172 1551 1210 semper,

223 1237 262 1278 65
285 1240 416 1272 custos
437 1231 550 1278 erilis,
573 1231 686 1269 decu’
707 1228 826 1279 popli,
854 1229 1087 1266 thensaurus
1108 1225 1322 1276 copiarum,
1637 1224 1706 1269 655

286 1301 389 1337 salus
410 1297 570 1336 interior
586 1295 760 1346 corporis
780 1292 1004 1343 amorisque
1025 1291 1246 1342 imperator.

285 1364 349 1403 hic
363 1377 478 1414 pone,
502 1362 567 1400 hic
588 1361 703 1400 istam
724 1361 877 1399 colloca
897 1357 1117 1397 cruminam
1137 1356 1178 1394 in
1199 1357 1302 1394 collo
1322 1356 1450 1405 plane.

286 1431 357 1468 LE.
390 1430 483 1468 nolo
505 1441 577 1477 ego
598 1435 646 1473 te,
671 1426 739 1476 qui
759 1438 847 1463 erus
869 1423 931 1470 sis,
950 1423 1046 1461 mihi
1067 1435 1167 1461 onus
1188 1421 1288 1459 istuc
1309 1420 1509 1459 sustinere.

287 1496 392 1532 ARG.
425 1492 521 1543 quin
542 1499 584 1530 tu
604 1491 738 1529 labore
758 1489 900 1528 liberas
921 1495 959 1527 te
979 1495 1098 1537 atque
1118 1486 1233 1525 istam
1253 1485 1424 1536 imponis
1445 1484 1485 1523 in
1505 1486 1608 1538 me?

230 1574 269 1607 70
288 1561 359 1597 LE.
392 1571 465 1608 ego
485 1556 696 1606 baiiolabo,
713 1557 766 1601 tu,
785 1561 827 1592 ut
843 1555 958 1592 decet
974 1551 1194 1599 dominum,
1212 1558 1304 1589 ante
1325 1564 1388 1588 me
1407 1549 1463 1587 ito
1480 1548 1617 1587 inanis.
1640 1550 1711 1585 660

288 1627 393 1663 ARG.
426 1623 523 1674 quid
556 1623 693 1660 nunc?
750 1622 820 1659 LE.
853 1618 950 1669 quid
984 1611 1071 1657 est'?
1127 1619 1232 1655 ARG.
1265 1615 1361 1666 quin
1392 1614 1513 1654 tradis
1542 1616 1621 1652 huc

932 1682 1152 1722 cruminam
1173 1688 1391 1732 pressatum
1411 1680 1622 1718 umerum?

289 1758 359 1794 LE.
392 1756 506 1800 hanc,
516 1751 610 1803 quoi
624 1752 796 1791 daturu's
809 1751 922 1796 hanc,
939 1749 1032 1788 iube
1044 1755 1176 1799 petere
1191 1754 1311 1797 atque
1327 1759 1435 1785 orare
1451 1758 1619 1784 mecum.

290 1834 382 1859 nam
403 1820 503 1858 istuc
524 1816 699 1868 procliue
720 1823 778 1855 est
799 1829 879 1865 quo
899 1814 1012 1853 iubes
1033 1826 1097 1852 me
1116 1814 1233 1863 plane
1253 1812 1457 1850 collocare.

292 1888 366 1923 PH.
398 1886 460 1931 da,
483 1896 594 1921 meus
615 1883 774 1928 ocellus,
796 1894 886 1919 mea
905 1893 1002 1926 rosa,
1026 1878 1080 1917 mi
1100 1877 1242 1925 anime,
1264 1890 1353 1915 mea
1372 1877 1565 1926 uoluptas,

235 1963 272 1997 75
293 1949 482 1996 Leonida,
505 1955 710 1998 argentum
732 1945 840 1994 mihi,
862 1958 913 1983 ne
934 1958 1006 1982 nos
1027 1943 1188 1993 diiunge
1207 1941 1386 1980 amantis.
1641 1948 1709 1993 665

293 2017 362 2054 LE.
395 2014 459 2053 dic
480 2027 544 2052 me
564 2013 680 2063 igitur
700 2020 811 2050 tuom
831 2011 1113 2061 passerculum,
1133 2007 1329 2058 gallinam,
1352 2005 1606 2052 coturnicem,

336 2121 395 2158 641
422 2128 530 2157 aeque
545 2117 729 2158 Angelius:
763 2120 864 2154 atque
887 2113 953 2144 cod.
1084 2113 1148 2151 643
1172 2111 1223 2141 vel
1236 2114 1301 2149 ego
1319 2120 1345 2140 c.
1366 2108 1478 2139 huiius
1567 2108 1623 2139 hic

291 2161 453 2204 Pylades:
480 2162 562 2192 haec
580 2160 643 2191 cod.
765 2160 828 2197 644
854 2158 943 2188 istud
970 2155 1034 2187 cod.
1155 2156 1217 2193 647
1243 2159 1276 2184 te
1301 2152 1436 2182 Loman
1558 2153 1623 2191 654

292 2205 430 2248 (nunc)
457 2205 516 2235 tibi
538 2205 724 2240 Fleckeisen,
752 2213 835 2233 nam
862 2201 997 2232 iambus
1022 2199 1078 2230 tibi
1099 2201 1175 2228 ante
1198 2197 1349 2228 iambum
1375 2196 1461 2226 dabo
1487 2195 1626 2235 displicet

256 2243 264 2253 i
292 2251 357 2289 656
381 2249 522 2280 interior
544 2247 664 2278 Bothe:
691 2245 864 2278 interioris
882 2244 947 2275 cod.
1054 2241 1222 2282 corporis]
1241 2240 1388 2271 hominis
1404 2239 1436 2269 Β
1451 2240 1496 2278 (ν,
1515 2249 1549 2278 p.
1566 2239 1622 2272 81)

293 2295 355 2324 661
382 2302 535 2323 umerum
557 2291 710 2330 Bentley:
744 2300 836 2320 erum
853 2288 918 2319 cod.
986 2298 1008 2309 1
1109 2287 1173 2324 663
1197 2294 1264 2324 quo
1285 2283 1428 2323 Ussing:
1451 2283 1541 2322 quod
1558 2280 1622 2312 cod.

293 2338 357 2376 664
382 2346 476 2367 meus
492 2335 623 2366 animus
639 2333 776 2374 Pylades
875 2334 939 2371 665
963 2331 1111 2369 deiunge
1127 2328 1191 2360 cod.
1211 2329 1257 2370 (v.
1281 2338 1328 2367 12,
1350 2338 1381 2366 p.
1405 2327 1461 2368 74)
1560 2326 1627 2356 666

296 2391 349 2411 me
366 2381 468 2420 igltur
483 2379 586 2410 Bothe
600 2390 607 2409 :
630 2378 734 2417 igitur
749 2387 803 2408 me
818 2375 882 2406 cod.
