<?xml version="1.0" encoding="UTF-8"?>
<!DOCTYPE html PUBLIC "-//W3C//DTD XHTML 1.0 Transitional//EN"
    "http://www.w3.org/TR/xhtml1/DTD/xhtml1-transitional.dtd">
<html xmlns="http://www.w3.org/1999/xhtml" xml:lang="en" lang="en">
 <head>
  <title>
</title>
<meta http-equiv="Content-Type" content="text/html;charset=utf-8" />
  <meta name='ocr-system' content='tesseract 3.04.00' />
  <meta name='ocr-capabilities' content='ocr_page ocr_carea ocr_par ocr_line ocrx_word'/>
</head>
<body>
  <div class='ocr_page' id='page_1' title='image "./tmacciplauticomo01plauuoft_0013.png"; bbox 0 0 1742 2718; ppageno 0'>
   <div class='ocr_carea' id='block_1_1' title="bbox 680 166 1000 204">
    <p class='ocr_par' dir='ltr' id='par_1_1' title="bbox 680 166 1000 204">
     <span class='ocr_line' id='line_1_1' title="bbox 680 166 1000 204; baseline 0.003 -1"><span class='ocrx_word' id='word_1_1' title='bbox 680 166 1000 204; x_wconf 85' lang='lat' dir='ltr'><strong>PRAEFATIO</strong></span> 
     </span>
    </p>
   </div>
   <div class='ocr_carea' id='block_1_2' title="bbox 165 274 1503 585">
    <p class='ocr_par' dir='ltr' id='par_1_2' title="bbox 165 274 1503 585">
     <span class='ocr_line' id='line_1_2' title="bbox 175 274 1500 327; baseline -0.004 -11"><span class='ocrx_word' id='word_1_2' title='bbox 175 281 236 316; x_wconf 78' lang='lat' dir='ltr'>mc&#39;</span> <span class='ocrx_word' id='word_1_3' title='bbox 253 279 401 327; x_wconf 78' lang='lat' dir='ltr'>quidem</span> <span class='ocrx_word' id='word_1_4' title='bbox 429 286 467 315; x_wconf 91' lang='lat' dir='ltr'>et</span> <span class='ocrx_word' id='word_1_5' title='bbox 491 279 707 326; x_wconf 67' lang='lat' dir='ltr'>qum&#39;dem.</span> <span class='ocrx_word' id='word_1_6' title='bbox 768 277 937 313; x_wconf 83' lang='lat' dir='ltr'>Necnon</span> <span class='ocrx_word' id='word_1_7' title='bbox 959 288 1026 323; x_wconf 87' lang='lat' dir='ltr'>per</span> <span class='ocrx_word' id='word_1_8' title='bbox 1048 274 1272 311; x_wconf 83' lang='lat' dir='ltr'>huiusmodi</span> <span class='ocrx_word' id='word_1_9' title='bbox 1295 274 1500 323; x_wconf 84' lang='lat' dir='ltr'>scripturas</span> 
     </span>
     <span class='ocr_line' id='line_1_3' title="bbox 175 337 1500 391; baseline -0.005 -10"><span class='ocrx_word' id='word_1_10' title='bbox 175 352 342 381; x_wconf 89' lang='lat' dir='ltr'>metrum</span> <span class='ocrx_word' id='word_1_11' title='bbox 363 342 513 381; x_wconf 86' lang='lat' dir='ltr'>facilius</span> <span class='ocrx_word' id='word_1_12' title='bbox 533 341 694 391; x_wconf 86' lang='lat' dir='ltr'>cognitu</span> <span class='ocrx_word' id='word_1_13' title='bbox 715 340 895 378; x_wconf 88' lang='lat' dir='ltr'>reddidi:</span> <span class='ocrx_word' id='word_1_14' title='bbox 925 340 1003 376; x_wconf 82' lang='lat' dir='ltr'>eru’</span> <span class='ocrx_word' id='word_1_15' title='bbox 1022 344 1148 376; x_wconf 77' lang='lat' dir='ltr'>noster</span> <span class='ocrx_word' id='word_1_16' title='bbox 1163 337 1171 356; x_wconf 90' lang='lat'><strong>¹</strong></span> <span class='ocrx_word' id='word_1_17' title='bbox 1186 351 1256 387; x_wconf 93' lang='lat' dir='ltr'>pro</span> <span class='ocrx_word' id='word_1_18' title='bbox 1269 340 1355 375; x_wconf 54' lang='lat' dir='ltr'>erzls</span> <span class='ocrx_word' id='word_1_19' title='bbox 1370 344 1500 383; x_wconf 69' lang='lat' dir='ltr'>noster,</span> 
     </span>
     <span class='ocr_line' id='line_1_4' title="bbox 176 404 1501 457; baseline -0.005 -12"><span class='ocrx_word' id='word_1_20' title='bbox 176 410 249 446; x_wconf 80' lang='lat' dir='ltr'>tuo&#39;</span> <span class='ocrx_word' id='word_1_21' title='bbox 270 408 446 445; x_wconf 81' lang='lat' dir='ltr'>dominus</span> <span class='ocrx_word' id='word_1_22' title='bbox 467 420 537 457; x_wconf 92' lang='lat' dir='ltr'>pro</span> <span class='ocrx_word' id='word_1_23' title='bbox 563 408 646 444; x_wconf 71' lang='lat' dir='ltr'>tzcbs</span> <span class='ocrx_word' id='word_1_24' title='bbox 674 406 859 450; x_wconf 77' lang='lat' dir='ltr'>dominus,</span> <span class='ocrx_word' id='word_1_25' title='bbox 884 406 1001 453; x_wconf 77' lang='lat' dir='ltr'>nemp&#39;</span> <span class='ocrx_word' id='word_1_26' title='bbox 1023 412 1062 442; x_wconf 88' lang='lat' dir='ltr'>et</span> <span class='ocrx_word' id='word_1_27' title='bbox 1081 404 1188 453; x_wconf 77' lang='lat' dir='ltr'>perq&#39;</span> <span class='ocrx_word' id='word_1_28' title='bbox 1219 416 1288 452; x_wconf 90' lang='lat' dir='ltr'>pro</span> <span class='ocrx_word' id='word_1_29' title='bbox 1320 411 1446 453; x_wconf 71' lang='lat' dir='ltr'>nempe</span> <span class='ocrx_word' id='word_1_30' title='bbox 1467 413 1501 440; x_wconf 78' lang='lat' dir='ltr'>et</span> 
     </span>
     <span class='ocr_line' id='line_1_5' title="bbox 165 467 1503 522; baseline -0.004 -13"><span class='ocrx_word' id='word_1_31' title='bbox 165 479 309 522; x_wconf 76' lang='lat' dir='ltr'>perque</span> <span class='ocrx_word' id='word_1_32' title='bbox 323 470 634 520; x_wconf 88' lang='lat' dir='ltr'>monosyllabice</span> <span class='ocrx_word' id='word_1_33' title='bbox 650 469 910 520; x_wconf 82' lang='lat' dir='ltr'>pronuntiatis</span> <span class='ocrx_word' id='word_1_34' title='bbox 923 470 936 489; x_wconf 77' lang='lat'><strong>²</strong></span> <span class='ocrx_word' id='word_1_35' title='bbox 954 483 963 516; x_wconf 92' lang='lat'>;</span> <span class='ocrx_word' id='word_1_36' title='bbox 992 476 1030 506; x_wconf 91' lang='lat' dir='ltr'>et</span> <span class='ocrx_word' id='word_1_37' title='bbox 1046 467 1224 517; x_wconf 81' lang='lat' dir='ltr'>apicibus</span> <span class='ocrx_word' id='word_1_38' title='bbox 1237 480 1352 516; x_wconf 89' lang='lat' dir='ltr'>supra</span> <span class='ocrx_word' id='word_1_39' title='bbox 1368 467 1503 518; x_wconf 77' lang='lat' dir='ltr'>positis</span> 
     </span>
     <span class='ocr_line' id='line_1_6' title="bbox 176 531 1502 585; baseline -0.004 -11"><span class='ocrx_word' id='word_1_40' title='bbox 176 545 343 575; x_wconf 86' lang='lat' dir='ltr'>metrum</span> <span class='ocrx_word' id='word_1_41' title='bbox 375 535 545 574; x_wconf 91' lang='lat' dir='ltr'>indicavi</span> <span class='ocrx_word' id='word_1_42' title='bbox 579 534 734 585; x_wconf 86' lang='lat' dir='ltr'>quoties</span> <span class='ocrx_word' id='word_1_43' title='bbox 767 534 979 572; x_wconf 89' lang='lat' dir='ltr'>obscurum</span> <span class='ocrx_word' id='word_1_44' title='bbox 1013 540 1110 580; x_wconf 89' lang='lat' dir='ltr'>erat,</span> <span class='ocrx_word' id='word_1_45' title='bbox 1137 540 1180 570; x_wconf 86' lang='lat' dir='ltr'>ut</span> <span class='ocrx_word' id='word_1_46' title='bbox 1212 531 1251 570; x_wconf 89' lang='lat' dir='ltr'>in</span> <span class='ocrx_word' id='word_1_47' title='bbox 1282 533 1358 571; x_wconf 92' lang='lat' dir='ltr'>hoc</span> <span class='ocrx_word' id='word_1_48' title='bbox 1392 545 1502 570; x_wconf 84' lang='lat' dir='ltr'>versu</span> 
     </span>
    </p>
   </div>
   <div class='ocr_carea' id='block_1_3' title="bbox 175 601 1428 715">
    <p class='ocr_par' dir='ltr' id='par_1_3' title="bbox 175 601 1428 715">
     <span class='ocr_line' id='line_1_7' title="bbox 195 603 443 640; baseline 0.004 -1"><span class='ocrx_word' id='word_1_49' title='bbox 195 603 298 640; x_wconf 90' lang='lat' dir='ltr'>Rud.</span> <span class='ocrx_word' id='word_1_50' title='bbox 435 617 443 640; x_wconf 72' lang='grc' dir='ltr'>ι</span> 
     </span>
     <span class='ocr_line' id='line_1_8' title="bbox 175 601 1428 715; baseline -0.004 -11"><span class='ocrx_word' id='word_1_51' title='bbox 175 601 190 652; x_wconf 67' lang='lat'>&lt;</span> <span class='ocrx_word' id='word_1_52' title='bbox 255 602 510 715; x_wconf 50' lang='lat' dir='ltr'>Voliu5p9tiitem</span> <span class='ocrx_word' id='word_1_53' title='bbox 541 666 670 703; x_wconf 89' lang='lat' dir='ltr'>inesse</span> <span class='ocrx_word' id='word_1_54' title='bbox 700 670 860 702; x_wconf 85' lang='lat' dir='ltr'>tantam.</span> <span class='ocrx_word' id='word_1_55' title='bbox 921 664 978 701; x_wconf 84' lang='lat' dir='ltr'>Ut</span> <span class='ocrx_word' id='word_1_56' title='bbox 1007 663 1109 699; x_wconf 86' lang='lat' dir='ltr'>hanc</span> <span class='ocrx_word' id='word_1_57' title='bbox 1138 661 1233 699; x_wconf 84' lang='lat' dir='ltr'>traxi</span> <span class='ocrx_word' id='word_1_58' title='bbox 1264 662 1428 701; x_wconf 67' lang='lat' dir='ltr'>lubens!</span> 
     </span>
    </p>
   </div>
   <div class='ocr_carea' id='block_1_4' title="bbox 174 726 1507 1363">
    <p class='ocr_par' dir='ltr' id='par_1_4' title="bbox 174 726 1505 1044">
     <span class='ocr_line' id='line_1_9' title="bbox 176 726 1505 781; baseline -0.004 -12"><span class='ocrx_word' id='word_1_59' title='bbox 176 729 261 781; x_wconf 91' lang='lat' dir='ltr'>(ubi</span> <span class='ocrx_word' id='word_1_60' title='bbox 289 730 402 780; x_wconf 82' lang='lat' dir='ltr'>apice</span> <span class='ocrx_word' id='word_1_61' title='bbox 428 729 643 780; x_wconf 85' lang='lat' dir='ltr'>significavi</span> <span class='ocrx_word' id='word_1_62' title='bbox 670 742 826 767; x_wconf 88' lang='lat' dir='ltr'>versum</span> <span class='ocrx_word' id='word_1_63' title='bbox 856 728 907 766; x_wconf 86' lang='lat' dir='ltr'>ab</span> <span class='ocrx_word' id='word_1_64' title='bbox 933 735 1158 776; x_wconf 82' lang='lat' dir='ltr'>anapaesto,</span> <span class='ocrx_word' id='word_1_65' title='bbox 1182 740 1263 764; x_wconf 91' lang='lat' dir='ltr'>non</span> <span class='ocrx_word' id='word_1_66' title='bbox 1292 727 1343 765; x_wconf 84' lang='lat' dir='ltr'>ab</span> <span class='ocrx_word' id='word_1_67' title='bbox 1373 726 1505 764; x_wconf 84' lang='lat' dir='ltr'>iambo</span> 
     </span>
     <span class='ocr_line' id='line_1_10' title="bbox 174 792 1504 846; baseline -0.004 -12"><span class='ocrx_word' id='word_1_68' title='bbox 174 794 377 846; x_wconf 86' lang='lat' dir='ltr'><strong>incipere),</strong></span> <span class='ocrx_word' id='word_1_69' title='bbox 410 809 503 833; x_wconf 87' lang='lat' dir='ltr'>nam</span> <span class='ocrx_word' id='word_1_70' title='bbox 539 795 848 844; x_wconf 67' lang='lat' dir='ltr'>altera,syllaba</span> <span class='ocrx_word' id='word_1_71' title='bbox 886 792 1081 831; x_wconf 89' lang='lat' dir='ltr'>eiusmodi</span> <span class='ocrx_word' id='word_1_72' title='bbox 1119 792 1428 830; x_wconf 84' lang='lat' dir='ltr'>vocabulorum³</span> <span class='ocrx_word' id='word_1_73' title='bbox 1467 792 1504 830; x_wconf 90' lang='lat' dir='ltr'>in</span> 
     </span>
     <span class='ocr_line' id='line_1_11' title="bbox 175 856 1505 908; baseline -0.005 -8"><span class='ocrx_word' id='word_1_74' title='bbox 175 861 376 900; x_wconf 87' lang='lat' dir='ltr'>cotidiano</span> <span class='ocrx_word' id='word_1_75' title='bbox 409 856 590 900; x_wconf 89' lang='lat' dir='ltr'>sermone</span> <span class='ocrx_word' id='word_1_76' title='bbox 621 860 744 898; x_wconf 90' lang='lat' dir='ltr'>modo</span> <span class='ocrx_word' id='word_1_77' title='bbox 775 860 892 908; x_wconf 83' lang='lat' dir='ltr'>longa</span> <span class='ocrx_word' id='word_1_78' title='bbox 923 857 1185 907; x_wconf 57' lang='lat' dir='ltr'>(volziplalem)</span> <span class='ocrx_word' id='word_1_79' title='bbox 1220 858 1340 896; x_wconf 87' lang='lat' dir='ltr'>modo</span> <span class='ocrx_word' id='word_1_80' title='bbox 1379 857 1505 895; x_wconf 79' lang='lat' dir='ltr'>brevis</span> 
     </span>
     <span class='ocr_line' id='line_1_12' title="bbox 174 920 1505 977; baseline -0.004 -13"><span class='ocrx_word' id='word_1_81' title='bbox 174 925 439 977; x_wconf 59' lang='lat' dir='ltr'>(volffiptatem)</span> <span class='ocrx_word' id='word_1_82' title='bbox 459 925 584 964; x_wconf 86' lang='lat' dir='ltr'>audiri</span> <span class='ocrx_word' id='word_1_83' title='bbox 605 924 720 963; x_wconf 87' lang='lat' dir='ltr'>solita</span> <span class='ocrx_word' id='word_1_84' title='bbox 734 938 744 972; x_wconf 81' lang='lat'>3</span> <span class='ocrx_word' id='word_1_85' title='bbox 772 931 839 961; x_wconf 87' lang='lat' dir='ltr'>aut</span> <span class='ocrx_word' id='word_1_86' title='bbox 864 923 904 961; x_wconf 91' lang='lat' dir='ltr'>in</span> <span class='ocrx_word' id='word_1_87' title='bbox 930 935 1042 960; x_wconf 82' lang='lat' dir='ltr'>versu</span> <span class='ocrx_word' id='word_1_88' title='bbox 1070 920 1194 959; x_wconf 87' lang='lat' dir='ltr'>hianti</span> <span class='ocrx_word' id='word_1_89' title='bbox 1207 922 1229 967; x_wconf 76' lang='lat'>⁴,</span> <span class='ocrx_word' id='word_1_90' title='bbox 1254 929 1295 959; x_wconf 90' lang='lat' dir='ltr'>ut</span> <span class='ocrx_word' id='word_1_91' title='bbox 1317 922 1404 961; x_wconf 83' lang='lat' dir='ltr'>Cas.</span> <span class='ocrx_word' id='word_1_92' title='bbox 1433 935 1505 970; x_wconf 73' lang='lat'>724</span> 
     </span>
     <span class='ocr_line' id='line_1_13' title="bbox 175 991 551 1044; baseline 0 -14"><span class='ocrx_word' id='word_1_93' title='bbox 175 991 306 1044; x_wconf 82' lang='lat' dir='ltr'>(anap.</span> <span class='ocrx_word' id='word_1_94' title='bbox 330 991 525 1041; x_wconf 89' lang='lat' dir='ltr'>octonar.)</span> <span class='ocrx_word' id='word_1_95' title='bbox 543 1006 551 1030; x_wconf 78' lang='lat' dir='ltr'>z</span> 
     </span>
    </p>

    <p class='ocr_par' dir='ltr' id='par_1_5' title="bbox 231 1052 1506 1103">
     <span class='ocr_line' id='line_1_14' title="bbox 231 1052 1506 1103; baseline -0.003 -8"><span class='ocrx_word' id='word_1_96' title='bbox 231 1059 344 1095; x_wconf 89' lang='lat' dir='ltr'>Bone</span> <span class='ocrx_word' id='word_1_97' title='bbox 382 1055 451 1103; x_wconf 88' lang='lat' dir='ltr'>uir,</span> <span class='ocrx_word' id='word_1_98' title='bbox 493 1057 611 1094; x_wconf 88' lang='lat' dir='ltr'>salue.</span> <span class='ocrx_word' id='word_1_99' title='bbox 677 1055 829 1092; x_wconf 80' lang='lat' dir='ltr'>Fateor.</span> <span class='ocrx_word' id='word_1_100' title='bbox 901 1052 1009 1101; x_wconf 88' lang='lat' dir='ltr'>Quid</span> <span class='ocrx_word' id='word_1_101' title='bbox 1050 1053 1121 1090; x_wconf 61' lang='lat' dir='ltr'>fit?</span> <span class='ocrx_word' id='word_1_102' title='bbox 1174 1053 1236 1089; x_wconf 91' lang='lat' dir='ltr'>Tu</span> <span class='ocrx_word' id='word_1_103' title='bbox 1275 1053 1392 1100; x_wconf 68' lang='lat' dir='ltr'>amas,</span> <span class='ocrx_word' id='word_1_104' title='bbox 1435 1066 1506 1102; x_wconf 86' lang='lat' dir='ltr'>ego</span> 
     </span>
    </p>

    <p class='ocr_par' dir='ltr' id='par_1_6' title="bbox 338 1119 685 1160">
     <span class='ocr_line' id='line_1_15' title="bbox 338 1119 685 1160; baseline -0.006 0"><span class='ocrx_word' id='word_1_105' title='bbox 338 1121 488 1160; x_wconf 74' lang='lat' dir='ltr'>essurio</span> <span class='ocrx_word' id='word_1_106' title='bbox 517 1128 555 1159; x_wconf 94' lang='lat' dir='ltr'>et</span> <span class='ocrx_word' id='word_1_107' title='bbox 585 1119 685 1158; x_wconf 87' lang='lat' dir='ltr'>sitio.</span> 
     </span>
    </p>

    <p class='ocr_par' dir='ltr' id='par_1_7' title="bbox 177 1181 1507 1363">
     <span class='ocr_line' id='line_1_16' title="bbox 232 1181 1507 1232; baseline -0.004 -7"><span class='ocrx_word' id='word_1_108' title='bbox 232 1186 309 1225; x_wconf 90' lang='lat' dir='ltr'>His</span> <span class='ocrx_word' id='word_1_109' title='bbox 348 1185 532 1225; x_wconf 88' lang='lat' dir='ltr'>subsidiis</span> <span class='ocrx_word' id='word_1_110' title='bbox 571 1186 622 1224; x_wconf 84' lang='lat' dir='ltr'>ad</span> <span class='ocrx_word' id='word_1_111' title='bbox 657 1191 826 1222; x_wconf 91' lang='lat' dir='ltr'>metrum</span> <span class='ocrx_word' id='word_1_112' title='bbox 860 1181 1171 1232; x_wconf 84' lang='lat' dir='ltr'>intellegendum</span> <span class='ocrx_word' id='word_1_113' title='bbox 1204 1181 1361 1221; x_wconf 89' lang='lat' dir='ltr'>adiutus</span> <span class='ocrx_word' id='word_1_114' title='bbox 1396 1183 1507 1221; x_wconf 84' lang='lat' dir='ltr'>facile</span> 
     </span>
     <span class='ocr_line' id='line_1_17' title="bbox 177 1246 1504 1302; baseline -0.004 -12"><span class='ocrx_word' id='word_1_115' title='bbox 177 1251 345 1302; x_wconf 89' lang='lat' dir='ltr'>patieris,</span> <span class='ocrx_word' id='word_1_116' title='bbox 368 1253 490 1290; x_wconf 90' lang='lat' dir='ltr'>lector</span> <span class='ocrx_word' id='word_1_117' title='bbox 510 1251 714 1295; x_wconf 87' lang='lat' dir='ltr'>benevole,</span> <span class='ocrx_word' id='word_1_118' title='bbox 733 1261 797 1287; x_wconf 91' lang='lat' dir='ltr'>me</span> <span class='ocrx_word' id='word_1_119' title='bbox 816 1247 857 1286; x_wconf 90' lang='lat' dir='ltr'>in</span> <span class='ocrx_word' id='word_1_120' title='bbox 878 1249 952 1285; x_wconf 90' lang='lat' dir='ltr'>hac</span> <span class='ocrx_word' id='word_1_121' title='bbox 972 1246 1146 1285; x_wconf 80' lang='lat' dir='ltr'>editione</span> <span class='ocrx_word' id='word_1_122' title='bbox 1166 1247 1371 1286; x_wconf 87' lang='lat' dir='ltr'>metricum</span> <span class='ocrx_word' id='word_1_123' title='bbox 1389 1262 1504 1297; x_wconf 85' lang='lat' dir='ltr'>quem</span> 
     </span>
     <span class='ocr_line' id='line_1_18' title="bbox 177 1311 1506 1363; baseline -0.004 -7"><span class='ocrx_word' id='word_1_124' title='bbox 177 1325 321 1356; x_wconf 85' lang='lat' dir='ltr'>vocant</span> <span class='ocrx_word' id='word_1_125' title='bbox 341 1316 464 1356; x_wconf 88' lang='lat' dir='ltr'>ictum</span> <span class='ocrx_word' id='word_1_126' title='bbox 484 1329 566 1354; x_wconf 92' lang='lat' dir='ltr'>non</span> <span class='ocrx_word' id='word_1_127' title='bbox 587 1313 778 1353; x_wconf 91' lang='lat' dir='ltr'>continuo</span> <span class='ocrx_word' id='word_1_128' title='bbox 799 1314 957 1363; x_wconf 85' lang='lat' dir='ltr'>apicum</span> <span class='ocrx_word' id='word_1_129' title='bbox 986 1325 1058 1350; x_wconf 89' lang='lat' dir='ltr'>usu</span> <span class='ocrx_word' id='word_1_130' title='bbox 1084 1311 1326 1351; x_wconf 80' lang='lat' dir='ltr'>indicavisse.</span> <span class='ocrx_word' id='word_1_131' title='bbox 1387 1314 1506 1352; x_wconf 88' lang='lat' dir='ltr'>Nolui</span> 
     </span>
    </p>
   </div>
   <div class='ocr_carea' id='block_1_5' title="bbox 177 1448 1510 2479">
    <p class='ocr_par' dir='ltr' id='par_1_8' title="bbox 220 1448 1509 1490">
     <span class='ocr_line' id='line_1_19' title="bbox 220 1448 1509 1490; baseline -0.005 -7"><span class='ocrx_word' id='word_1_132' title='bbox 220 1452 231 1472; x_wconf 85' lang='lat'>¹</span> <span class='ocrx_word' id='word_1_133' title='bbox 256 1452 477 1483; x_wconf 89' lang='lat' dir='ltr'>Commodius</span> <span class='ocrx_word' id='word_1_134' title='bbox 498 1451 579 1482; x_wconf 88' lang='lat' dir='ltr'>illud</span> <span class='ocrx_word' id='word_1_135' title='bbox 602 1451 739 1490; x_wconf 90' lang='lat' dir='ltr'>quidem</span> <span class='ocrx_word' id='word_1_136' title='bbox 765 1449 934 1480; x_wconf 89' lang='lat' dir='ltr'>interdum</span> <span class='ocrx_word' id='word_1_137' title='bbox 958 1458 1057 1487; x_wconf 88' lang='lat' dir='ltr'>quarn</span> <span class='ocrx_word' id='word_1_138' title='bbox 1075 1448 1198 1478; x_wconf 85' lang='lat' dir='ltr'>verius.</span> <span class='ocrx_word' id='word_1_139' title='bbox 1252 1448 1338 1478; x_wconf 90' lang='lat' dir='ltr'>Nam</span> <span class='ocrx_word' id='word_1_140' title='bbox 1357 1448 1390 1478; x_wconf 88' lang='lat' dir='ltr'>in</span> <span class='ocrx_word' id='word_1_141' title='bbox 1408 1457 1509 1478; x_wconf 90' lang='lat' dir='ltr'>versu</span> 
     </span>
    </p>

    <p class='ocr_par' dir='ltr' id='par_1_9' title="bbox 177 1503 1213 1594">
     <span class='ocr_line' id='line_1_20' title="bbox 177 1503 490 1544; baseline 0 -10"><span class='ocrx_word' id='word_1_142' title='bbox 177 1504 235 1534; x_wconf 83' lang='lat' dir='ltr'>tali</span> <span class='ocrx_word' id='word_1_143' title='bbox 255 1504 367 1544; x_wconf 78' lang='lat' dir='ltr'>(Capt.</span> <span class='ocrx_word' id='word_1_144' title='bbox 390 1503 463 1543; x_wconf 84' lang='lat'><strong>163)</strong></span> <span class='ocrx_word' id='word_1_145' title='bbox 483 1514 490 1534; x_wconf 90' lang='lat'><strong>:</strong></span> 
     </span>
     <span class='ocr_line' id='line_1_21' title="bbox 476 1551 1213 1594; baseline -0.005 -9"><span class='ocrx_word' id='word_1_146' title='bbox 476 1557 561 1594; x_wconf 72' lang='lat' dir='ltr'>opus</span> <span class='ocrx_word' id='word_1_147' title='bbox 579 1553 795 1592; x_wconf 78' lang='lat' dir='ltr'>Turdetanis,</span> <span class='ocrx_word' id='word_1_148' title='bbox 816 1555 916 1591; x_wconf 74' lang='lat' dir='ltr'>opsist</span> <span class='ocrx_word' id='word_1_149' title='bbox 936 1551 1213 1582; x_wconf 82' lang='lat' dir='ltr'>Ficedulensibus</span> 
     </span>
    </p>

    <p class='ocr_par' dir='ltr' id='par_1_10' title="bbox 177 1603 1510 1697">
     <span class='ocr_line' id='line_1_22' title="bbox 177 1603 1510 1646; baseline -0.003 -8"><span class='ocrx_word' id='word_1_150' title='bbox 177 1607 253 1646; x_wconf 90' lang='lat' dir='ltr'>quis</span> <span class='ocrx_word' id='word_1_151' title='bbox 269 1608 437 1638; x_wconf 89' lang='lat' dir='ltr'>affirmare</span> <span class='ocrx_word' id='word_1_152' title='bbox 447 1607 583 1637; x_wconf 83' lang='lat' dir='ltr'>audebit</span> <span class='ocrx_word' id='word_1_153' title='bbox 597 1606 720 1645; x_wconf 90' lang='lat' dir='ltr'>prioris</span> <span class='ocrx_word' id='word_1_154' title='bbox 732 1610 766 1636; x_wconf 86' lang='lat' dir='ltr'>et</span> <span class='ocrx_word' id='word_1_155' title='bbox 783 1603 984 1644; x_wconf 87' lang='lat' dir='ltr'>posterioris</span> <span class='ocrx_word' id='word_1_156' title='bbox 997 1603 1155 1643; x_wconf 87' lang='lat' dir='ltr'>disyllabi</span> <span class='ocrx_word' id='word_1_157' title='bbox 1172 1603 1362 1642; x_wconf 79' lang='lat' dir='ltr'>prosodiam</span> <span class='ocrx_word' id='word_1_158' title='bbox 1376 1604 1510 1634; x_wconf 81' lang='lat' dir='ltr'>diversa</span> 
     </span>
     <span class='ocr_line' id='line_1_23' title="bbox 178 1656 1380 1697; baseline -0.002 -7"><span class='ocrx_word' id='word_1_159' title='bbox 178 1659 310 1690; x_wconf 87' lang='lat' dir='ltr'>ratione</span> <span class='ocrx_word' id='word_1_160' title='bbox 327 1660 504 1690; x_wconf 66' lang='lat' dir='ltr'>extitisse?</span> <span class='ocrx_word' id='word_1_161' title='bbox 551 1659 636 1697; x_wconf 83' lang='lat' dir='ltr'>Quis</span> <span class='ocrx_word' id='word_1_162' title='bbox 652 1668 789 1689; x_wconf 87' lang='lat' dir='ltr'>versum</span> <span class='ocrx_word' id='word_1_163' title='bbox 807 1657 904 1697; x_wconf 89' lang='lat' dir='ltr'>Capt.</span> <span class='ocrx_word' id='word_1_164' title='bbox 922 1657 986 1686; x_wconf 84' lang='lat'>826</span> <span class='ocrx_word' id='word_1_165' title='bbox 1002 1666 1021 1686; x_wconf 91' lang='lat' dir='ltr'>a</span> <span class='ocrx_word' id='word_1_166' title='bbox 1038 1656 1190 1694; x_wconf 85' lang='lat' dir='ltr'>spondeo</span> <span class='ocrx_word' id='word_1_167' title='bbox 1206 1656 1380 1695; x_wconf 67' lang='lat' dir='ltr'>incipere?</span> 
     </span>
    </p>

    <p class='ocr_par' dir='ltr' id='par_1_11' title="bbox 178 1708 1509 1855">
     <span class='ocr_line' id='line_1_24' title="bbox 222 1708 1509 1748; baseline -0.002 -7"><span class='ocrx_word' id='word_1_168' title='bbox 222 1711 234 1731; x_wconf 85' lang='lat'><strong>²</strong></span> <span class='ocrx_word' id='word_1_169' title='bbox 259 1711 401 1742; x_wconf 88' lang='lat' dir='ltr'>Servavi</span> <span class='ocrx_word' id='word_1_170' title='bbox 425 1716 541 1741; x_wconf 89' lang='lat' dir='ltr'>tamen</span> <span class='ocrx_word' id='word_1_171' title='bbox 563 1711 721 1741; x_wconf 86' lang='lat' dir='ltr'>usitatam</span> <span class='ocrx_word' id='word_1_172' title='bbox 744 1710 945 1748; x_wconf 82' lang='lat' dir='ltr'>scripturam</span> <span class='ocrx_word' id='word_1_173' title='bbox 967 1709 998 1738; x_wconf 89' lang='lat' dir='ltr'>in</span> <span class='ocrx_word' id='word_1_174' title='bbox 1020 1708 1124 1738; x_wconf 79' lang='lat' dir='ltr'>audin</span> <span class='ocrx_word' id='word_1_175' title='bbox 1151 1718 1213 1747; x_wconf 83' lang='lat' dir='ltr'>pro</span> <span class='ocrx_word' id='word_1_176' title='bbox 1229 1708 1367 1739; x_wconf 74' lang='lat' dir='ltr'>audisne</span> <span class='ocrx_word' id='word_1_177' title='bbox 1383 1713 1415 1738; x_wconf 84' lang='lat' dir='ltr'>et</span> <span class='ocrx_word' id='word_1_178' title='bbox 1432 1713 1509 1739; x_wconf 86' lang='lat' dir='ltr'>ante</span> 
     </span>
     <span class='ocr_line' id='line_1_25' title="bbox 178 1759 1509 1802; baseline -0.003 -9"><span class='ocrx_word' id='word_1_179' title='bbox 178 1767 423 1794; x_wconf 86' lang='lat' dir='ltr'>consonantem</span> <span class='ocrx_word' id='word_1_180' title='bbox 447 1774 486 1793; x_wconf 81' lang='lat' dir='ltr'>ac</span> <span class='ocrx_word' id='word_1_181' title='bbox 506 1771 567 1802; x_wconf 89' lang='lat' dir='ltr'>pro</span> <span class='ocrx_word' id='word_1_182' title='bbox 580 1765 685 1802; x_wconf 78' lang='lat' dir='ltr'>atque,</span> <span class='ocrx_word' id='word_1_183' title='bbox 705 1773 760 1793; x_wconf 80' lang='lat' dir='ltr'>nec</span> <span class='ocrx_word' id='word_1_184' title='bbox 783 1771 844 1801; x_wconf 89' lang='lat' dir='ltr'>pro</span> <span class='ocrx_word' id='word_1_185' title='bbox 870 1771 976 1800; x_wconf 73' lang='lat' dir='ltr'>neque,</span> <span class='ocrx_word' id='word_1_186' title='bbox 993 1759 1166 1791; x_wconf 89' lang='lat' dir='ltr'>similibus.</span> <span class='ocrx_word' id='word_1_187' title='bbox 1216 1760 1363 1790; x_wconf 81' lang='lat' dir='ltr'>Verbum</span> <span class='ocrx_word' id='word_1_188' title='bbox 1388 1760 1509 1800; x_wconf 86' lang='lat' dir='ltr'>scripsi</span> 
     </span>
     <span class='ocr_line' id='line_1_26' title="bbox 178 1813 800 1855; baseline -0.003 -10"><span class='ocrx_word' id='word_1_189' title='bbox 178 1815 223 1845; x_wconf 76' lang='grc' dir='ltr'>ιη’</span> <span class='ocrx_word' id='word_1_190' title='bbox 239 1815 316 1855; x_wconf 89' lang='lat' dir='ltr'>(pro</span> <span class='ocrx_word' id='word_1_191' title='bbox 332 1815 426 1854; x_wconf 81' lang='lat' dir='ltr'>isne),</span> <span class='ocrx_word' id='word_1_192' title='bbox 446 1813 736 1854; x_wconf 84' lang='lat' dir='ltr'>praepositionem</span> <span class='ocrx_word' id='word_1_193' title='bbox 753 1824 800 1844; x_wconf 86' lang='lat' dir='ltr'>m.</span> 
     </span>
    </p>

    <p class='ocr_par' dir='ltr' id='par_1_12' title="bbox 179 1862 1510 2376">
     <span class='ocr_line' id='line_1_27' title="bbox 223 1862 1509 1905; baseline -0.005 -7"><span class='ocrx_word' id='word_1_194' title='bbox 223 1866 236 1885; x_wconf 77' lang='lat'>³</span> <span class='ocrx_word' id='word_1_195' title='bbox 260 1866 298 1898; x_wconf 89' lang='lat' dir='ltr'>Si</span> <span class='ocrx_word' id='word_1_196' title='bbox 314 1871 426 1898; x_wconf 84' lang='lat' dir='ltr'>tamen</span> <span class='ocrx_word' id='word_1_197' title='bbox 443 1866 496 1897; x_wconf 91' lang='lat' dir='ltr'>vel</span> <span class='ocrx_word' id='word_1_198' title='bbox 513 1876 683 1905; x_wconf 85' lang='lat' dir='ltr'>nunquam</span> <span class='ocrx_word' id='word_1_199' title='bbox 697 1865 749 1895; x_wconf 85' lang='lat' dir='ltr'>vel</span> <span class='ocrx_word' id='word_1_200' title='bbox 772 1875 846 1895; x_wconf 88' lang='lat' dir='ltr'>raro</span> <span class='ocrx_word' id='word_1_201' title='bbox 859 1863 1038 1894; x_wconf 84' lang='lat' dir='ltr'>diversitas</span> <span class='ocrx_word' id='word_1_202' title='bbox 1057 1863 1343 1903; x_wconf 86' lang='lat' dir='ltr'>pronuntiationis</span> <span class='ocrx_word' id='word_1_203' title='bbox 1355 1862 1509 1893; x_wconf 86' lang='lat' dir='ltr'>audieba—</span> 
     </span>
     <span class='ocr_line' id='line_1_28' title="bbox 179 1915 1509 1958; baseline -0.004 -10"><span class='ocrx_word' id='word_1_204' title='bbox 179 1922 244 1958; x_wconf 87' lang='lat' dir='ltr'>tur,</span> <span class='ocrx_word' id='word_1_205' title='bbox 264 1928 332 1950; x_wconf 93' lang='lat' dir='ltr'>non</span> <span class='ocrx_word' id='word_1_206' title='bbox 357 1924 429 1949; x_wconf 89' lang='lat' dir='ltr'>erat</span> <span class='ocrx_word' id='word_1_207' title='bbox 454 1928 514 1948; x_wconf 90' lang='lat' dir='ltr'>cur</span> <span class='ocrx_word' id='word_1_208' title='bbox 537 1919 651 1958; x_wconf 84' lang='lat' dir='ltr'>apices</span> <span class='ocrx_word' id='word_1_209' title='bbox 675 1917 883 1955; x_wconf 83' lang='lat' dir='ltr'>adhiberem,</span> <span class='ocrx_word' id='word_1_210' title='bbox 913 1921 950 1946; x_wconf 92' lang='lat' dir='ltr'>ut</span> <span class='ocrx_word' id='word_1_211' title='bbox 974 1916 1008 1945; x_wconf 92' lang='lat' dir='ltr'>in</span> <span class='ocrx_word' id='word_1_212' title='bbox 1034 1916 1104 1946; x_wconf 88' lang='lat' dir='ltr'>his:</span> <span class='ocrx_word' id='word_1_213' title='bbox 1137 1915 1290 1954; x_wconf 64' lang='lat' dir='ltr'>voluptas</span> <span class='ocrx_word' id='word_1_214' title='bbox 1313 1925 1395 1952; x_wconf 74' lang='lat' dir='ltr'>mea,</span> <span class='ocrx_word' id='word_1_215' title='bbox 1421 1918 1509 1945; x_wconf 66' lang='lat' dir='ltr'>enfm</span> 
     </span>
     <span class='ocr_line' id='line_1_29' title="bbox 182 1966 1508 2010; baseline -0.002 -10"><span class='ocrx_word' id='word_1_216' title='bbox 182 1970 296 2010; x_wconf 82' lang='lat' dir='ltr'>(vero),</span> <span class='ocrx_word' id='word_1_217' title='bbox 321 1973 410 2000; x_wconf 64' lang='lat' dir='ltr'>satin</span> <span class='ocrx_word' id='word_1_218' title='bbox 437 1971 568 2009; x_wconf 66' lang='lat' dir='ltr'>(tutus),</span> <span class='ocrx_word' id='word_1_219' title='bbox 594 1969 668 2000; x_wconf 60' lang='lat' dir='ltr'>volo*</span> <span class='ocrx_word' id='word_1_220' title='bbox 691 1969 776 2008; x_wconf 76' lang='lat' dir='ltr'>scire,</span> <span class='ocrx_word' id='word_1_221' title='bbox 801 1967 896 2008; x_wconf 63' lang='lat' dir='ltr'>apscd</span> <span class='ocrx_word' id='word_1_222' title='bbox 917 1967 1122 2008; x_wconf 75' lang='lat' dir='ltr'>(templum,</span> <span class='ocrx_word' id='word_1_223' title='bbox 1150 1966 1325 2007; x_wconf 63' lang='lat' dir='ltr'>Philippus</span> <span class='ocrx_word' id='word_1_224' title='bbox 1350 1967 1508 2005; x_wconf 50' lang='lat' dir='ltr'>(aureus).</span> 
     </span>
     <span class='ocr_line' id='line_1_30' title="bbox 179 2018 1509 2060; baseline -0.004 -8"><span class='ocrx_word' id='word_1_225' title='bbox 179 2021 471 2060; x_wconf 79' lang='lat' dir='ltr'>Quemadmodum</span> <span class='ocrx_word' id='word_1_226' title='bbox 504 2022 592 2052; x_wconf 91' lang='lat' dir='ltr'>enim</span> <span class='ocrx_word' id='word_1_227' title='bbox 633 2021 666 2051; x_wconf 89' lang='lat' dir='ltr'>in</span> <span class='ocrx_word' id='word_1_228' title='bbox 705 2020 867 2050; x_wconf 86' lang='lat' dir='ltr'>Martialis</span> <span class='ocrx_word' id='word_1_229' title='bbox 900 2018 1107 2058; x_wconf 88' lang='lat' dir='ltr'>temporibus</span> <span class='ocrx_word' id='word_1_230' title='bbox 1141 2018 1343 2058; x_wconf 79' lang='lat' dir='ltr'>smaragdus</span> <span class='ocrx_word' id='word_1_231' title='bbox 1374 2019 1509 2048; x_wconf 87' lang='lat' dir='ltr'>brevem</span> 
     </span>
     <span class='ocr_line' id='line_1_31' title="bbox 179 2069 1510 2113; baseline -0.004 -9"><span class='ocrx_word' id='word_1_232' title='bbox 179 2073 318 2104; x_wconf 82' lang='lat' dir='ltr'>alteram</span> <span class='ocrx_word' id='word_1_233' title='bbox 334 2073 498 2113; x_wconf 89' lang='lat' dir='ltr'>syllabam</span> <span class='ocrx_word' id='word_1_234' title='bbox 516 2073 549 2103; x_wconf 88' lang='lat' dir='ltr'>in</span> <span class='ocrx_word' id='word_1_235' title='bbox 567 2073 740 2104; x_wconf 87' lang='lat' dir='ltr'>cotidiano</span> <span class='ocrx_word' id='word_1_236' title='bbox 759 2082 918 2103; x_wconf 84' lang='lat' dir='ltr'>sermone</span> <span class='ocrx_word' id='word_1_237' title='bbox 938 2070 1094 2109; x_wconf 85' lang='lat' dir='ltr'>habebat,</span> <span class='ocrx_word' id='word_1_238' title='bbox 1118 2070 1165 2100; x_wconf 90' lang='lat' dir='ltr'>sic</span> <span class='ocrx_word' id='word_1_239' title='bbox 1190 2070 1222 2099; x_wconf 92' lang='lat' dir='ltr'>in</span> <span class='ocrx_word' id='word_1_240' title='bbox 1249 2069 1403 2100; x_wconf 89' lang='lat' dir='ltr'>Plautino</span> <span class='ocrx_word' id='word_1_241' title='bbox 1426 2078 1510 2099; x_wconf 87' lang='lat' dir='ltr'>aevo</span> 
     </span>
     <span class='ocr_line' id='line_1_32' title="bbox 179 2121 1508 2166; baseline -0.005 -11"><span class='ocrx_word' id='word_1_242' title='bbox 179 2124 366 2166; x_wconf 69' lang='lat' dir='ltr'>Philippus,</span> <span class='ocrx_word' id='word_1_243' title='bbox 400 2136 486 2165; x_wconf 90' lang='lat' dir='ltr'>quae</span> <span class='ocrx_word' id='word_1_244' title='bbox 518 2125 681 2156; x_wconf 87' lang='lat' dir='ltr'>breviatio</span> <span class='ocrx_word' id='word_1_245' title='bbox 712 2125 788 2155; x_wconf 87' lang='lat' dir='ltr'>sine</span> <span class='ocrx_word' id='word_1_246' title='bbox 816 2124 918 2154; x_wconf 91' lang='lat' dir='ltr'>dubio</span> <span class='ocrx_word' id='word_1_247' title='bbox 949 2134 992 2153; x_wconf 87' lang='lat' dir='ltr'>ex</span> <span class='ocrx_word' id='word_1_248' title='bbox 1027 2123 1155 2162; x_wconf 90' lang='lat' dir='ltr'>primae</span> <span class='ocrx_word' id='word_1_249' title='bbox 1191 2121 1340 2160; x_wconf 86' lang='lat' dir='ltr'>syllabae</span> <span class='ocrx_word' id='word_1_250' title='bbox 1371 2125 1508 2151; x_wconf 87' lang='lat' dir='ltr'>accentu</span> 
     </span>
     <span class='ocr_line' id='line_1_33' title="bbox 182 2172 1509 2219; baseline -0.005 -11"><span class='ocrx_word' id='word_1_251' title='bbox 182 2178 386 2219; x_wconf 72' lang='grc' dir='ltr'>(σμάραγδος,</span> <span class='ocrx_word' id='word_1_252' title='bbox 412 2179 577 2219; x_wconf 84' lang='grc' dir='ltr'>Φίλιππος)</span> <span class='ocrx_word' id='word_1_253' title='bbox 607 2185 681 2210; x_wconf 85' lang='lat' dir='ltr'>orta</span> <span class='ocrx_word' id='word_1_254' title='bbox 713 2185 774 2210; x_wconf 88' lang='lat' dir='ltr'>est.</span> <span class='ocrx_word' id='word_1_255' title='bbox 823 2178 908 2209; x_wconf 89' lang='lat' dir='ltr'>Illud</span> <span class='ocrx_word' id='word_1_256' title='bbox 940 2178 1043 2208; x_wconf 87' lang='lat' dir='ltr'>etiam</span> <span class='ocrx_word' id='word_1_257' title='bbox 1078 2175 1282 2206; x_wconf 89' lang='lat' dir='ltr'>monendum</span> <span class='ocrx_word' id='word_1_258' title='bbox 1315 2183 1380 2209; x_wconf 91' lang='lat' dir='ltr'>me,</span> <span class='ocrx_word' id='word_1_259' title='bbox 1404 2172 1509 2202; x_wconf 89' lang='lat' dir='ltr'>sicubi</span> 
     </span>
     <span class='ocr_line' id='line_1_34' title="bbox 180 2227 1509 2271; baseline -0.006 -9"><span class='ocrx_word' id='word_1_260' title='bbox 180 2231 346 2263; x_wconf 86' lang='lat' dir='ltr'>dubitatio</span> <span class='ocrx_word' id='word_1_261' title='bbox 371 2233 482 2264; x_wconf 84' lang='lat' dir='ltr'>extitit</span> <span class='ocrx_word' id='word_1_262' title='bbox 508 2238 565 2264; x_wconf 88' lang='lat' dir='ltr'>aut</span> <span class='ocrx_word' id='word_1_263' title='bbox 593 2237 709 2263; x_wconf 86' lang='lat' dir='ltr'>extare</span> <span class='ocrx_word' id='word_1_264' title='bbox 735 2242 836 2271; x_wconf 90' lang='lat' dir='ltr'>posse</span> <span class='ocrx_word' id='word_1_265' title='bbox 859 2231 944 2269; x_wconf 88' lang='lat' dir='ltr'>visa,</span> <span class='ocrx_word' id='word_1_266' title='bbox 972 2230 1171 2268; x_wconf 89' lang='lat' dir='ltr'>plerumque</span> <span class='ocrx_word' id='word_1_267' title='bbox 1198 2227 1316 2266; x_wconf 89' lang='lat' dir='ltr'>apices</span> <span class='ocrx_word' id='word_1_268' title='bbox 1339 2233 1509 2263; x_wconf 85' lang='lat' dir='ltr'>apponere</span> 
     </span>
     <span class='ocr_line' id='line_1_35' title="bbox 181 2275 1509 2324; baseline -0.009 -9"><span class='ocrx_word' id='word_1_269' title='bbox 181 2284 345 2323; x_wconf 87' lang='lat' dir='ltr'>noluisse,</span> <span class='ocrx_word' id='word_1_270' title='bbox 361 2296 392 2317; x_wconf 92' lang='lat' dir='ltr'>v.</span> <span class='ocrx_word' id='word_1_271' title='bbox 401 2296 431 2324; x_wconf 88' lang='lat' dir='ltr'>g.</span> <span class='ocrx_word' id='word_1_272' title='bbox 450 2286 483 2315; x_wconf 93' lang='lat' dir='ltr'>in</span> <span class='ocrx_word' id='word_1_273' title='bbox 501 2285 624 2324; x_wconf 86' lang='lat' dir='ltr'>Amph.</span> <span class='ocrx_word' id='word_1_274' title='bbox 643 2294 718 2323; x_wconf 66' lang='lat' dir='ltr'>949y</span> <span class='ocrx_word' id='word_1_275' title='bbox 735 2284 792 2322; x_wconf 86' lang='lat' dir='ltr'>qui</span> <span class='ocrx_word' id='word_1_276' title='bbox 817 2283 953 2323; x_wconf 89' lang='lat' dir='ltr'>quidem</span> <span class='ocrx_word' id='word_1_277' title='bbox 979 2291 1094 2312; x_wconf 86' lang='lat' dir='ltr'>versus</span> <span class='ocrx_word' id='word_1_278' title='bbox 1113 2291 1166 2311; x_wconf 90' lang='lat' dir='ltr'>me</span> <span class='ocrx_word' id='word_1_279' title='bbox 1186 2279 1297 2310; x_wconf 90' lang='lat' dir='ltr'>iudice</span> <span class='ocrx_word' id='word_1_280' title='bbox 1323 2279 1370 2308; x_wconf 90' lang='lat' dir='ltr'>sic</span> <span class='ocrx_word' id='word_1_281' title='bbox 1393 2275 1509 2306; x_wconf 87' lang='lat' dir='ltr'>scandi</span> 
     </span>
     <span class='ocr_line' id='line_1_36' title="bbox 181 2329 1486 2376; baseline -0.008 -9"><span class='ocrx_word' id='word_1_282' title='bbox 181 2336 304 2368; x_wconf 89' lang='lat' dir='ltr'>debet:</span> <span class='ocrx_word' id='word_1_283' title='bbox 330 2347 393 2376; x_wconf 89' lang='lat' dir='ltr'>ego</span> <span class='ocrx_word' id='word_1_284' title='bbox 408 2339 493 2368; x_wconf 75' lang='lat' dir='ltr'>istuc</span> <span class='ocrx_word' id='word_1_285' title='bbox 512 2337 648 2368; x_wconf 88' lang='lat' dir='ltr'>curabo.</span> <span class='ocrx_word' id='word_1_286' title='bbox 671 2335 676 2376; x_wconf 74' lang='lat' dir='ltr'>l</span> <span class='ocrx_word' id='word_1_287' title='bbox 698 2339 838 2366; x_wconf 83' lang='lat' dir='ltr'>euocate</span> <span class='ocrx_word' id='word_1_288' title='bbox 854 2335 918 2364; x_wconf 90' lang='lat' dir='ltr'>huc</span> <span class='ocrx_word' id='word_1_289' title='bbox 940 2334 1072 2364; x_wconf 83' lang='lat' dir='ltr'>Sosiam</span> <span class='ocrx_word' id='word_1_290' title='bbox 1092 2332 1150 2370; x_wconf 81' lang='lat' dir='ltr'>(cf.</span> <span class='ocrx_word' id='word_1_291' title='bbox 1171 2332 1245 2362; x_wconf 89' lang='lat' dir='ltr'>Cas.</span> <span class='ocrx_word' id='word_1_292' title='bbox 1269 2332 1327 2370; x_wconf 86' lang='lat'>781</span> <span class='ocrx_word' id='word_1_293' title='bbox 1349 2336 1381 2360; x_wconf 88' lang='lat' dir='ltr'>et</span> <span class='ocrx_word' id='word_1_294' title='bbox 1400 2329 1486 2366; x_wconf 50' lang='lat'>786&amp;</span> 
     </span>
    </p>

    <p class='ocr_par' dir='ltr' id='par_1_13' title="bbox 181 2379 1508 2479">
     <span class='ocr_line' id='line_1_37' title="bbox 224 2379 1507 2419; baseline -0.009 1"><span class='ocrx_word' id='word_1_295' title='bbox 224 2388 237 2408; x_wconf 74' lang='lat'><strong>⁴</strong></span> <span class='ocrx_word' id='word_1_296' title='bbox 261 2388 314 2419; x_wconf 90' lang='lat' dir='ltr'>De</span> <span class='ocrx_word' id='word_1_297' title='bbox 330 2388 423 2419; x_wconf 89' lang='lat' dir='ltr'>hiatu</span> <span class='ocrx_word' id='word_1_298' title='bbox 443 2388 598 2419; x_wconf 88' lang='lat' dir='ltr'>Plautino</span> <span class='ocrx_word' id='word_1_299' title='bbox 609 2392 646 2418; x_wconf 87' lang='lat' dir='ltr'>ut</span> <span class='ocrx_word' id='word_1_300' title='bbox 662 2387 752 2417; x_wconf 89' lang='lat' dir='ltr'>nulla</span> <span class='ocrx_word' id='word_1_301' title='bbox 767 2386 833 2417; x_wconf 91' lang='lat' dir='ltr'>alia</span> <span class='ocrx_word' id='word_1_302' title='bbox 846 2386 888 2416; x_wconf 88' lang='lat' dir='ltr'>de</span> <span class='ocrx_word' id='word_1_303' title='bbox 904 2396 940 2416; x_wconf 86' lang='lat' dir='ltr'>re</span> <span class='ocrx_word' id='word_1_304' title='bbox 951 2383 1050 2414; x_wconf 88' lang='lat' dir='ltr'>valde</span> <span class='ocrx_word' id='word_1_305' title='bbox 1065 2383 1270 2414; x_wconf 84' lang='lat' dir='ltr'>dissentiunt</span> <span class='ocrx_word' id='word_1_306' title='bbox 1283 2383 1381 2414; x_wconf 87' lang='lat' dir='ltr'>docti.</span> <span class='ocrx_word' id='word_1_307' title='bbox 1426 2379 1507 2409; x_wconf 87' lang='lat' dir='ltr'>Nam</span> 
     </span>
     <span class='ocr_line' id='line_1_38' title="bbox 181 2435 1508 2479; baseline -0.006 -10"><span class='ocrx_word' id='word_1_308' title='bbox 181 2439 214 2470; x_wconf 90' lang='lat' dir='ltr'>in</span> <span class='ocrx_word' id='word_1_309' title='bbox 230 2450 332 2471; x_wconf 89' lang='lat' dir='ltr'>versu</span> <span class='ocrx_word' id='word_1_310' title='bbox 356 2449 460 2479; x_wconf 88' lang='lat' dir='ltr'>supra</span> <span class='ocrx_word' id='word_1_311' title='bbox 483 2439 571 2470; x_wconf 85' lang='lat' dir='ltr'>dicto</span> <span class='ocrx_word' id='word_1_312' title='bbox 594 2439 749 2478; x_wconf 82' lang='lat' dir='ltr'>quamvis</span> <span class='ocrx_word' id='word_1_313' title='bbox 768 2447 885 2468; x_wconf 91' lang='lat' dir='ltr'>omnes</span> <span class='ocrx_word' id='word_1_314' title='bbox 909 2436 1056 2475; x_wconf 87' lang='lat' dir='ltr'>priorem</span> <span class='ocrx_word' id='word_1_315' title='bbox 1082 2435 1210 2465; x_wconf 85' lang='lat' dir='ltr'>hiatum</span> <span class='ocrx_word' id='word_1_316' title='bbox 1228 2439 1421 2472; x_wconf 65' lang='lat' dir='ltr'>agnoscant,</span> <span class='ocrx_word' id='word_1_317' title='bbox 1442 2441 1508 2462; x_wconf 89' lang='lat' dir='ltr'>non</span> 
     </span>
    </p>
   </div>
   <div class='ocr_carea' id='block_1_6' title="bbox 822 2492 870 2529">
    <p class='ocr_par' dir='ltr' id='par_1_14' title="bbox 822 2492 870 2529">
     <span class='ocr_line' id='line_1_39' title="bbox 822 2492 870 2529; baseline 0 0"><span class='ocrx_word' id='word_1_318' title='bbox 822 2492 870 2529; x_wconf 90' lang='lat' dir='ltr'>vii</span> 
     </span>
    </p>
   </div>
  </div>
 </body>
</html>
