1814 2723
182 56 258 92 ΙΙΙ.

220 373 259 403 30

223 698 260 731 35

221 1030 264 1061 40

225 1350 264 1384 45

226 1680 267 1712 50

227 2001 267 2034 55

283 56 297 92 i
692 51 737 88 T.
774 50 954 88 MACCI
986 49 1191 87 PLAVTI

280 165 352 203 CV.
385 160 674 213 superstitiosus
695 158 924 208 hicquidem
946 166 1014 206 est,
1037 172 1130 197 uera
1149 156 1348 208 praedicat
1360 169 1373 204 3

278 242 369 266 nam
397 226 400 279 Ι
427 227 538 265 illaec
559 226 778 274 catapultae
799 225 850 262 ad
872 237 935 261 me
955 224 1092 262 crebro
1112 228 1349 261 commeant.

278 294 523 338 adulescens,
544 290 596 328 ob
617 302 699 327 rem
720 287 921 338 publicam
941 289 1018 326 hoc
1038 287 1142 325 intus
1163 285 1259 324 mihi

279 359 387 408 quod
407 356 558 406 insigne
579 355 722 401 habeo,
744 366 892 402 quaeso
911 367 961 391 ne
983 366 1046 390 me
1065 350 1297 390 incomities.
1629 362 1700 395 400

281 425 349 460 Lv.
382 422 524 460 licetne
546 421 722 464 inforare,
747 417 778 456 si
800 417 1046 456 incomitiare
1065 431 1147 455 non
1168 416 1287 454 licet?

280 489 351 527 Cv.
384 501 465 525 non
485 484 672 524 inforabis
694 497 757 521 me
779 483 952 533 quidem,
976 496 1049 521 nec
1070 481 1166 520 mihi
1186 483 1314 530 placet

280 561 389 590 tuom
410 553 586 602 profecto
607 562 680 587 nec
701 550 829 586 forum
851 561 925 586 nec
945 547 1161 586 comitium.

280 619 350 656 sed
374 618 480 655 hunc
501 629 619 666 quern
641 627 788 664 quaero
810 620 1091 651 commostrare
1113 612 1143 650 si
1164 619 1287 662 poteS,

280 684 397 723 inibis
417 697 439 721 a
460 696 523 721 me
544 681 711 720 solidam
734 688 771 718 et
793 681 982 729 grandem
1003 679 1176 729 gratiam.
1633 690 1700 727 405

283 751 483 799 Lyconem
505 760 651 797 quaero
672 745 910 795 tarpezitam.
971 746 1039 781 Lv.
1072 744 1137 782 dic
1158 743 1265 790 mihi,

282 814 378 865 quid
399 827 489 852 eum
511 826 615 850 nunc
637 810 821 860 quaeris?
850 818 917 847 aut
938 809 1147 859 quoiati's?
1205 809 1278 847 Cv.
1309 809 1481 857 eloquar.

281 880 332 918 ab
352 877 702 928 Therapontigono
725 875 975 925 Platagidoro
995 874 1127 911 milite.

284 947 353 983 LY.
386 943 479 982 noui
500 943 642 992 edepol
664 954 822 987 nomen,
845 953 937 978 nam
958 939 1055 977 mihi
1070 939 1169 977 istoc
1189 937 1361 983 nomine,

283 1012 379 1048 dum
401 1009 539 1055 scribo,
563 1006 716 1057 expleui
737 1015 839 1045 totas
860 1019 968 1044 ceras
988 1012 1183 1055 quattuor.
1633 1016 1705 1051 410

284 1076 353 1114 sed
375 1074 470 1124 quid
492 1075 693 1123 Lyconem
716 1071 900 1122 quaeris?
957 1071 1029 1110 CV.
1062 1070 1330 1108 mandatumst
1350 1066 1447 1105 mihi

284 1147 327 1178 ut
347 1141 417 1177 has
438 1139 600 1176 tabellas
621 1138 671 1175 ad
694 1150 784 1175 eum
806 1137 957 1174 ferrern.
1017 1137 1089 1173 Lv.
1121 1133 1208 1184 quis
1228 1141 1271 1171 tu
1292 1132 1474 1171 h0m0⁷s?

285 1206 356 1244 Cv.
388 1204 549 1242 libertus
570 1202 685 1249 illius,
706 1215 825 1252 quem
845 1214 985 1240 omnes
1006 1202 1267 1239 Summanum
1287 1204 1444 1236 uocant.

286 1272 355 1308 Lv.
388 1271 613 1315 Summane,
637 1269 755 1306 salue.
815 1267 883 1317 qui
904 1266 1183 1305 Summanu's?
1211 1265 1272 1302 fac
1292 1262 1425 1301 sciam.

287 1336 358 1374 CV.
391 1334 482 1385 quia
502 1334 747 1380 uestimenta,
771 1332 839 1370 ubi
860 1331 1085 1370 obdormiui
1106 1330 1248 1377 ebrius,
1634 1338 1702 1376 415

286 1413 504 1446 summano,
529 1399 582 1437 ob
602 1412 689 1437 eam
710 1411 791 1436 rem
814 1411 877 1435 me
898 1410 1037 1435 omnes
1059 1398 1320 1434 Summanum
1340 1400 1498 1432 uocant.

287 1468 356 1504 Lv.
388 1464 481 1503 alibi
502 1472 540 1503 te
561 1464 718 1502 meliust
739 1476 925 1513 quaerere
946 1461 1160 1512 hospitium
1182 1460 1252 1498 tibi
1269 1476 1276 1498 :

285 1533 392 1581 apud
413 1530 476 1568 me'
496 1531 673 1581 profecto
694 1528 791 1566 nihil
812 1536 870 1566 est
892 1529 1110 1566 Summano
1130 1526 1216 1564 loci.

286 1598 356 1635 sed
376 1596 493 1634 istum
514 1604 633 1645 quem
655 1593 809 1644 quaeris
830 1606 903 1642 ego
924 1606 1021 1630 sum.
1064 1592 1152 1630 ‘Cv.
1185 1603 1343 1640 quaeso,
1366 1596 1461 1627 tune
1481 1587 1512 1626 is
1533 1601 1584 1634 es,

287 1664 395 1711 Lyco
416 1660 628 1711 tarpezita?
686 1661 755 1696 Lv.
788 1671 861 1708 ego
882 1671 981 1695 sum.
1041 1658 1112 1696 Cv.
1146 1657 1310 1694 multam
1331 1668 1394 1692 rne
1415 1653 1485 1692 tibi
1636 1665 1706 1698 420

287 1729 451 1765 salutern
472 1725 582 1763 iussit
603 1723 975 1774 Therapontigonus
996 1722 1138 1769 dicere,

287 1799 325 1830 et
345 1793 414 1829 has
436 1792 598 1829 tabellas
619 1791 712 1828 dare
734 1802 797 1827 me
819 1787 940 1826 iussit.
1002 1789 1070 1825 Lv.
1104 1786 1258 1824 mihin?
1315 1785 1386 1823 CV.
1418 1783 1481 1821 ita.

287 1871 395 1907 cape,
418 1856 572 1906 signum
593 1868 724 1894 nosce.
784 1853 946 1892 nostin?
1003 1854 1073 1890 Lv.
1105 1850 1245 1901 quidni
1264 1849 1473 1888 nouerim?

289 1924 490 1972 clupeatus
511 1922 765 1971 elephantum
788 1918 857 1957 ubi
879 1919 1085 1956 machaera
1105 1915 1240 1966 diligit.

289 1989 360 2027 CV.
393 1988 502 2037 quod
522 1985 585 2024 isti
606 1985 794 2035 scriptum
816 1991 885 2031 est,
908 1983 949 2021 id
969 1990 1007 2021 te
1028 1995 1137 2021 orare
1156 1981 1319 2019 iusserat
1638 1989 1704 2026 425

288 2053 465 2103 profecto
485 2059 527 2089 ut
548 2052 704 2098 faceres,
729 2063 839 2087 suam
862 2048 891 2087 si
913 2049 1034 2087 uelles
1055 2046 1227 2097 gratiam.

335 2158 398 2196 398
415 2156 496 2196 fort.
522 2156 565 2186 ad
594 2159 647 2185 me
672 2160 735 2186 cat.
895 2163 957 2191 401
992 2151 1078 2192 non]
1107 2151 1196 2182 haud
1219 2148 1330 2188 Bothe,
1357 2147 1502 2188 rhythmi
1522 2156 1620 2177 causa

293 2212 356 2242 402
380 2201 492 2241 placet
513 2199 742 2230 Hermolaus:
777 2197 913 2237 placens
937 2196 1002 2227 cod.
1023 2196 1096 2236 (vix
1113 2199 1175 2235 pro
1198 2192 1369 2233 placenst)
1396 2190 1468 2231 <sed
1488 2191 1523 2230 cf.
1544 2189 1621 2221 Cist.

275 2245 375 2285 χ642)
529 2253 591 2282 407
623 2243 672 2273 vel
694 2240 860 2281 quoiate’s
1005 2250 1068 2278 412
1100 2239 1204 2269 ferret
1229 2235 1293 2267 cod.
1322 2238 1360 2265 ut
1382 2233 1444 2265 vid.
1474 2234 1558 2273 (-em
1579 2232 1620 2273 J)

296 2300 359 2328 414
383 2296 578 2319 summaries
588 2297 634 2317 sa.
648 2285 712 2316 cod.
803 2293 866 2322 415
880 2284 961 2323 sort.
974 2281 1075 2324 (ubi)
1091 2281 1161 2313 ubi:
1177 2278 1297 2322 (mea)
1307 2279 1361 2308 ubi
1374 2277 1558 2316 Fleckeisen,
1575 2276 1627 2306 cui

295 2334 408 2364 hiatus
422 2332 456 2362 in
468 2337 579 2372 pausa
596 2329 738 2370 displicet
871 2337 934 2365 424
960 2326 1018 2357 tibi
1038 2325 1088 2355 PE
1222 2323 1328 2361 diligit
1345 2325 1481 2352 testatur
1496 2319 1626 2350 Nonius

299 2388 362 2418 290
377 2388 383 2406 :
409 2374 547 2406 dessicit
561 2373 627 2404 cod.
641 2373 676 2414 (i.
691 2383 713 2403 e.
730 2371 872 2411 dissicit)
