1742 2718
674 99 1021 137 AMPHITRVO
1457 97 1508 133 ΙΙ.
1529 95 1556 132 ii

91 216 156 260 635
179 212 231 250 ita
262 211 322 251 dis
353 219 412 250 est
445 211 645 262 placitum,
679 212 923 261 uoluptatem
956 217 998 247 ut
1030 222 1181 247 maeror
1210 222 1343 247 comes
1375 221 1508 245 eonse-

1345 281 1508 323 quatur:

176 340 272 391 quin
293 340 538 381 incommodi
554 342 641 392 plus
658 341 830 392 malique
845 339 936 378 ilico
951 338 1066 387 adsit,
1081 338 1175 378 boni
1191 338 1222 377 si
1244 338 1381 389 optigit
1398 338 1503 388 quid.

177 420 268 445 nam
289 420 362 457 ego
383 406 423 446 id
444 420 550 445 nunc
571 406 748 457 experior
769 407 891 445 domo
907 413 1025 455 atque
1047 404 1131 455 ipsa
1151 405 1201 443 de
1223 417 1285 442 me
1303 403 1396 450 scio,
1416 403 1508 453 quoi
1530 417 1546 447 5

1326 470 1508 517 uoluptas

177 550 385 589 parumper
405 538 544 583 datast,
567 537 663 575 dum
684 535 756 574 uiri
778 534 890 589 [mei]
912 535 965 574 mi
986 542 1160 586 potestas
1181 533 1344 573 uidendi
1366 533 1437 571 fuit

178 611 335 643 noctem
357 617 476 642 unam
502 603 625 642 modo
640 617 650 650 3
678 609 796 652 atque
817 601 848 640 is
875 608 1036 652 repente
1055 600 1152 639 abiit
1172 614 1195 639 a
1214 599 1277 638 me
1305 599 1396 638 hinc
1417 606 1508 637 ante

1366 666 1504 703 lucem.

89 741 159 783 640
178 735 262 774 sola
281 733 345 773 hic
366 733 418 772 mi
440 747 545 772 nunc
566 733 714 780 uideor,
737 732 830 783 quia
849 732 913 771 ille
933 732 1026 771 hinc
1045 732 1158 770 abest
1178 729 1296 781 quem
1325 743 1397 780 ego
1417 743 1508 767 amo

1194 803 1345 847 praeter
1366 794 1505 833 omnis.

179 866 266 915 plus
286 863 389 915 aegri
410 879 457 903 ex
476 864 586 904 abitu
607 863 689 911 uiri,
713 877 833 915 quam
853 877 900 902 ex
920 864 1095 902 aduentu
1117 860 1321 911 uoluptati'
1342 859 1439 910 cepi.

69 927 156 970 641a
690 931 759 968 sed
779 930 857 967 hoc
878 942 941 967 me
962 928 1053 967 beat
1531 935 1568 956 10

177 996 331 1044 saltem,
367 1009 490 1046 quom
529 994 741 1046 perduellis
775 993 870 1033 uicit
901 1000 939 1032 et
978 994 1143 1032 domum
1177 990 1305 1030 laudis
1344 1003 1508 1040 compos

1334 1054 1508 1094 reuenit:

692 1125 734 1165 id
755 1124 903 1164 solacio
923 1132 992 1163 est.

500 1191 613 1243 apsit‚
636 1193 732 1231 dum
753 1192 875 1230 modo
895 1191 1013 1229 laude
1033 1196 1142 1240 parta

90 1262 157 1307 645
178 1259 344 1297 domurn
366 1256 527 1308 recipiat
548 1271 589 1295 se
606 1271 614 1305 ;
644 1258 765 1295 feram
786 1263 825 1295 et
843 1257 1034 1306 perferam
1056 1267 1182 1304 usque

177 1322 328 1362 abitum
349 1322 447 1361 eiius
463 1321 597 1360 animo
612 1320 701 1360 forti
716 1328 835 1371 atque
851 1321 1055 1367 offirmato,
1071 1318 1112 1357 id
1129 1318 1251 1357 modo
1267 1315 1299 1356 si
1315 1314 1507 1356 mercedis
1530 1330 1565 1362 15

287 1389 402 1427 datur
422 1386 487 1434 mi,
511 1394 554 1425 ut
574 1400 685 1425 meus
705 1385 831 1424 uictor
850 1384 910 1423 uir
929 1383 1022 1423 belli
1042 1385 1181 1422 clueat.

639 1450 732 1489 satis
753 1450 806 1488 mi
826 1463 912 1488 esse
932 1450 1087 1488 ducam.

449 1516 573 1556 uirtus
593 1515 810 1567 praemium
832 1523 891 1553 est
911 1522 1120 1565 optumum
1134 1527 1146 1561 3

285 1582 408 1622 uirtus
429 1583 616 1622 omnibus
636 1583 753 1621 rebus
772 1580 895 1619 anteit
915 1581 1092 1630 profecto
1109 1594 1116 1616 :

91 1654 160 1698 650
177 1649 346 1696 libertas,
369 1650 484 1696 salus,
507 1648 600 1695 uita,
622 1661 681 1686 res
702 1654 741 1685 et
760 1652 952 1697 parentes,
974 1643 1099 1694 patria
1118 1650 1157 1682 et
1176 1639 1356 1694 prognati
1530 1655 1570 1678 20

695 1718 881 1757 tutantur,
904 1716 1131 1748 seruantur:

284 1777 408 1819 uirtus
429 1778 563 1818 omnia
581 1778 622 1817 in
643 1791 728 1817 sese
749 1776 879 1823 habet,
903 1773 1037 1813 omnia
1056 1774 1202 1812 adsunt

500 1844 606 1883 bona
625 1855 744 1893 quem
764 1847 903 1892 penest
923 1839 1057 1878 uirtus.

231 1912 314 1949 AM.
363 1910 506 1960 edepol
545 1922 608 1947 me
655 1907 765 1947 uxori
813 1912 1042 1956 exoptatum
1081 1905 1200 1943 credo
1242 1903 1507 1942 aduenturum

1327 1969 1505 2013 domum,

89 2049 155 2094 655
231 2054 333 2092 quae
347 2055 410 2080 me
424 2048 541 2088 amat,
560 2054 680 2091 quarn
696 2046 833 2078 eontra
847 2052 952 2086 amo,
968 2035 1196 2089 praesertim
1212 2048 1253 2072 re
1268 2039 1377 2084 gesta
1390 2032 1503 2078 bene,
1527 2047 1542 2068 2
1548 2046 1565 2079 5

230 2105 344 2145 uictis
365 2105 545 2145 hostibus
563 2121 569 2144 :
600 2118 699 2156 quos
720 2117 839 2143 nemo
860 2116 976 2154 posse
997 2101 1169 2153 superari
1190 2106 1324 2146 ratust,

231 2185 299 2210 eos
319 2171 496 2222 auspicio
516 2184 606 2210 meo
626 2177 745 2220 atque
769 2166 970 2221 [in]ductu
991 2167 1118 2218 primo
1139 2173 1255 2205 coetu
1276 2163 1455 2203 uicimus.

218 2275 282 2313 635
306 2273 394 2305 diuis
410 2272 477 2304 Leo
492 2284 499 2304 ε
523 2273 579 2304 vix
593 2272 666 2303 deis
684 2271 778 2313 (diis)
899 2272 965 2309 638
988 2270 1054 2300 mei
1071 2269 1169 2300 delevi
1278 2269 1344 2307 639
1368 2267 1418 2299 vel
1431 2266 1507 2297 med

175 2318 239 2356 642
262 2327 364 2357 quom
388 2316 537 2348 Pareus:
561 2326 662 2356 quam
686 2314 753 2346 cod.
860 2314 910 2345 vel
926 2314 994 2345 Sed
1018 2314 1080 2343 hoc
1102 2324 1155 2343 me
1177 2313 1254 2343 beat
1271 2312 1389 2342 saltem
1405 2320 1505 2349 quom

175 2361 360 2400 perduellis
380 2359 385 2403 Ι
404 2360 495 2391 Vicit
512 2364 547 2391 et
564 2364 627 2391 ete.
697 2359 763 2397 646
786 2358 963 2388 mercedes
981 2358 1014 2396 (i.
1027 2367 1049 2388 e.
1071 2356 1128 2396 -is)
1148 2355 1213 2387 cod.
1289 2357 1352 2394 647
1370 2355 1419 2385 vel
1433 2351 1504 2384 sati'

176 2404 258 2435 mihi
275 2403 350 2446 (mi)
409 2406 470 2444 657
489 2404 539 2434 vel
552 2414 591 2434 ac
647 2403 749 2434 ductu
766 2401 842 2433 Ital.
858 2412 865 2432 ε
890 2401 1029 2432 inductu
1047 2399 1146 2442 (2pro
1162 2399 1263 2439 id-3i.
1277 2398 1313 2439 3)
1360 2396 1506 2428 velcoitu
