1742 2718
617 510 1050 563 PRAEFATIO

224 651 365 688 IVSSVS
385 661 408 686 a
430 648 630 698 Delegatis
653 647 752 685 Preli
775 645 1082 686 Clarendoniani
1110 654 1258 684 textum
1280 646 1498 683 fabularum

168 714 438 752 Plautinarum
456 714 657 752 edendum
675 725 808 750 curare
825 712 876 750 ab
897 713 1048 761 optimo
1069 711 1252 750 codicum
1274 711 1499 749 testimonio

169 793 288 830 quam
309 778 486 830 proxime
506 785 714 825 remotum,
738 776 1017 827 orthographia
1041 784 1233 826 quantum
1260 776 1341 814 fieri
1366 783 1499 826 posset

169 847 308 884 eadem
341 852 378 883 et
412 843 670 882 adnotatione
704 856 824 893 quam
861 841 1089 880 brevissima
1118 843 1362 887 instructum,
1398 842 1499 878 hanc

170 909 265 948 mihi
289 911 416 959 legem
442 908 559 946 statui
583 916 626 946 ut
653 907 695 946 in
719 920 917 946 consensu
938 906 1052 958 (ΑΡ)
1074 905 1327 945 Ambrosiani
1352 905 1499 943 codicis

170 976 242 1025 (A)
257 987 348 1012 cum
363 973 541 1012 Palatina
562 986 681 1023 quarn
698 980 841 1011 vocant
857 971 1086 1010 recensione
1101 971 1175 1022 (P)
1192 970 1386 1021 optimum
1404 969 1500 1007 illud

169 1038 441 1079 testimonium
468 1052 710 1089 quaererem,
742 1051 766 1075 a
792 1051 872 1087 quo
904 1050 1108 1085 nunquam
1138 1037 1217 1074 fere
1242 1035 1497 1079 discederem,

169 1105 243 1143 nisi
264 1103 359 1142 mihi
381 1103 661 1154 persuasissem
684 1103 723 1141 in
745 1104 917 1141 eundem
940 1115 1108 1140 errorem
1137 1109 1174 1139 et
1196 1102 1301 1138 hunc
1329 1106 1366 1138 et
1391 1099 1499 1136 illum

170 1170 337 1209 scribam
378 1169 576 1208 incidisse.
654 1170 702 1207 In
740 1166 1000 1206 adnotatione
1042 1174 1174 1204 autern
1214 1164 1500 1204 conscribenda

170 1237 267 1274 illud
296 1234 394 1272 mihi
433 1233 620 1285 proposui
656 1242 709 1281 ut,
741 1234 895 1283 siquam
924 1231 1145 1270 alterutrius
1184 1229 1422 1269 recensionis
1451 1230 1501 1267 le-

170 1303 343 1340 ctionem
372 1308 440 1339 aut
468 1299 621 1350 siquam
653 1301 715 1337 vel
749 1298 965 1337 scribarum
996 1299 1055 1336 vel
1091 1298 1299 1336 doctorum
1329 1295 1497 1333 virorum

170 1366 437 1405 coniecturam
466 1366 546 1403 veri
575 1363 743 1402 similem
782 1363 1015 1409 reiecissem‚
1058 1376 1103 1401 ea
1141 1362 1181 1400 in
1221 1361 1299 1399 ima
1335 1361 1500 1411 paginae

171 1430 345 1481 margine
375 1431 508 1468 locum
538 1429 711 1468 haberet.
773 1431 859 1467 Nec
879 1442 973 1467 vero
994 1440 1156 1466 necesse
1180 1425 1300 1464 habui
1322 1424 1498 1463 omnium

172 1496 368 1544 codicum,
390 1508 442 1534 ne
463 1493 764 1545 praecipuorum
786 1494 959 1544 quidem,
984 1492 1051 1543 qui
1078 1493 1209 1530 adhuc
1230 1490 1499 1529 recensionem

172 1561 390 1600 Palatinam
414 1560 602 1599 exhibent
631 1559 802 1609 singulas
832 1571 1061 1597 enumerare
1085 1555 1298 1603 lectiones‘3
1327 1568 1374 1594 eo
1395 1554 1500 1593 enim

172 1635 358 1679 provecta
383 1634 441 1666 est
470 1640 607 1666 eorum
635 1625 819 1664 codicum
841 1623 1088 1674 investigatio
1108 1630 1150 1660 ut
1171 1635 1261 1660 curn
1282 1619 1500 1669 archetypis

172 1693 280 1731 libris
311 1692 441 1743 potius
471 1692 538 1743 qui
568 1691 767 1742 perierunt
796 1703 916 1740 quam
951 1701 1042 1726 cum
1072 1686 1165 1736 ipsis
1195 1687 1261 1735 qui
1291 1692 1423 1723 extant
1452 1683 1500 1721 sit

172 1758 382 1810 agendum.
441 1760 553 1807 Quos
571 1756 731 1807 quidem
753 1756 987 1804 archetypos
1008 1752 1128 1791 libros
1149 1764 1218 1801 per
1238 1756 1329 1787 octo
1350 1749 1499 1786 fabulas

173 1823 321 1875 priores
342 1823 505 1874 (Amph.
528 1821 639 1861 Asin.
666 1822 756 1859 Aul.
778 1820 892 1870 Capt.
915 1818 1030 1858 Cure.
1055 1817 1143 1856 Cas.
1165 1814 1262 1854 Cist.
1286 1812 1420 1863 Epid.)
1441 1811 1501 1850 his

149 1887 151 1889 ’
173 1889 277 1940 siglis
298 1887 506 1928 denotavi:

226 1953 297 2002 PE,
333 1954 478 1992 librum
506 1954 614 1992 unde
643 1950 805 1991 derivati
839 1957 930 1989 sunt
956 1950 999 1987 E
1026 1947 1131 1998 (cod.
1165 1943 1449 1984 Ambrosianus
1481 1944 1499 1980 I

177 2032 248 2071 257
271 2019 352 2068 inf.‚
371 2032 471 2058 saec.
490 2019 540 2056 xii
557 2017 747 2063 exeuntis,
765 2015 833 2066 qui
849 2013 1026 2053 continet
1040 2025 1180 2051 omnes
1196 2009 1318 2060 octo),
1345 2010 1381 2046 V
1394 2006 1499 2057 (cod.

174 2084 379 2124 Leidensis
408 2083 628 2122 Vossianus
658 2083 698 2131 Q
728 2095 788 2130 30,
816 2092 916 2118 saec.
947 2078 997 2116 xii
1023 2075 1205 2122 ineuntis,
1231 2073 1297 2124 qui
1326 2071 1501 2111 continet

173 2151 346 2197 easdem,
369 2147 524 2188 omissis
545 2148 703 2197 Amph„
728 2146 851 2191 Asin„
875 2144 963 2182 Aul.
993 2143 1128 2190 1-189‚
1153 2139 1269 2190 Epid.
1296 2137 1500 2188 245—fin.)‚

174 2228 330 2254 necnon
351 2215 433 2253 duo
453 2226 475 2252 e
495 2214 709 2263 depravato
730 2208 940 2259 exemplari
958 2205 1044 2259 (PJ)
1060 2204 1243 2255 descripti
1263 2204 1420 2242 codices
1434 2201 1457 2249 ¹,
1463 2202 1502 2251 J

175 2279 280 2330 (cod.
304 2277 570 2318 Londinensis
591 2275 716 2315 musei
740 2272 954 2313 Britannici
980 2274 1076 2321 Reg.
1109 2282 1152 2320 15
1177 2269 1211 2310 C
1232 2271 1304 2315 XI,
1328 2280 1427 2306 saec.
1451 2265 1500 2303 xii

174 2343 356 2392 ineuntis,
387 2342 456 2393 qui
485 2341 662 2381 continet
691 2351 830 2379 omnes
859 2337 980 2387 octo),
1016 2336 1052 2375 Ο
1080 2334 1358 2385 <fragmentum
1389 2332 1501 2371 Otto-

217 2440 229 2460 ¹
255 2440 364 2471 Etiam
383 2437 615 2470 correctiones
633 2434 716 2477 (V2)
734 2434 768 2465 in
786 2433 900 2483 codice
923 2431 954 2462 V
968 2441 1010 2462 ex
1028 2430 1092 2461 hoc
1110 2429 1203 2460 {onte
1221 2429 1463 2468 provenerunt.

818 2491 858 2515 111
1315 2483 1338 2507 a
1361 2483 1378 2507 2
