1814 2723
185 53 262 92 III.
289 65 319 90 v
704 51 750 89 T.
784 49 964 89 MACCI
997 49 1201 87 PLAVTI

292 163 362 201 LY.
394 168 432 201 et
452 169 494 200 tu
521 168 641 200 orato,
702 162 770 197 PA.
803 166 841 197 et
868 172 940 209 ego
965 158 1097 196 orabo.
1156 159 1228 195 Lv.
1257 163 1297 194 at
1323 156 1469 194 blande
1495 162 1615 203 orato,

1143 229 1186 260 ut
1206 223 1318 260 soles.
1378 222 1447 259 sed
1466 220 1617 259 audin?

229 303 272 334 80
452 292 484 330 si
510 290 652 331 ecfexis
680 292 769 339 hoc,
790 291 916 329 soleas
943 288 1015 328 tibi
1042 288 1147 327 dabo
1168 295 1206 326 et
1233 288 1394 325 anulum
1424 286 1464 323 in
1494 285 1616 335 digito
1635 288 1766 330 708-12

1057 366 1219 392 aureum
1240 359 1278 391 et
1298 352 1404 390 bona
1423 352 1613 401 pluruma.

561 423 629 459 PA.
662 433 820 470 operam
841 420 957 458 dabo.

562 488 631 523 Lv.
663 487 747 523 face
768 492 809 523 ut
831 484 1024 534 impetres,

562 553 629 588 ΡΑ.
662 564 709 588 eo
730 549 927 594 nunciam,
1640 550 1704 587 715

559 616 633 653 nisi
654 615 856 665 quippiam

230 696 269 737 35
560 694 753 719 remorare
774 694 846 718 me.

615 747 686 783 LY.
718 744 782 783 abi
803 752 841 782 et
862 745 964 782 cura.

291 810 390 851 redit
410 824 549 850 eccum
570 811 732 849 tandem
753 815 948 859 opsonatu
969 821 1080 846 meus
1101 807 1266 855 adiutor,
1289 819 1477 857 pompam
1498 804 1618 845 ducit.

227 922 274 959 vi
429 922 689 960 OLYMPIO
801 920 1062 958 CHYTRIO
1173 918 1500 954 LYs1DAMvs

293 1005 366 1043 OL.
399 1003 512 1049 Vide,
542 1004 615 1051 fur,
639 1009 681 1040 ut
703 1001 822 1040 sentis
843 1001 917 1039 sub
945 999 1064 1050 signis
1091 1000 1237 1038 ducas!
1297 999 1401 1038 Cnv.
1433 997 1500 1047 qui
1527 1010 1621 1035 uero
1641 1007 1709 1043 720

1291 1063 1331 1100 hi
1352 1070 1442 1101 sunt
1462 1063 1622 1100 sentes?

292 1135 365 1173 OL.
398 1134 489 1184 quia
516 1134 624 1183 quod
651 1132 821 1183 tetigere,
852 1130 941 1169 ilico
968 1129 1134 1180 rapiunt,
1163 1128 1194 1167 si
1222 1129 1287 1167 eas
1313 1135 1503 1178 ereptum,
1531 1127 1622 1165 ilico

1413 1192 1621 1231 scindunt:

292 1264 345 1302 ita
365 1277 527 1314 quoquo
547 1262 776 1309 adueniunt,
796 1261 864 1300 ubi
886 1260 953 1299 ubi
975 1267 1079 1308 sunt,
1100 1258 1249 1310 duplici
1269 1259 1417 1297 damno
1438 1257 1622 1296 dominos

1442 1325 1620 1361 multant.

294 1396 400 1434 CHY.
427 1395 532 1433 heia!
583 1394 656 1433 OL.
679 1396 791 1431 attat!
815 1405 927 1431 cesso
948 1392 1170 1441 magnufice
1190 1390 1417 1440 patriceque
1432 1388 1624 1428 amicirier

914 1464 1033 1506 atque
1052 1455 1106 1494 ita
1125 1469 1192 1494 ero
1213 1469 1303 1494 meo
1323 1455 1377 1493 ire
1397 1456 1622 1493 aduorsum.

256 1540 274 1571 5
295 1527 365 1564 LY.
399 1526 503 1564 bone
534 1525 602 1571 uir,
640 1525 756 1562 salue.
817 1523 890 1561 OL.
922 1523 1055 1559 fateor.
1116 1524 1185 1560 Lv.
1219 1521 1315 1572 quid
1349 1522 1421 1559 fit?
1477 1521 1550 1559 OL.
1583 1526 1625 1557 tu
1646 1526 1757 1563 724-5

603 1603 610 1608 ·
830 1634 838 1643 Ι
1039 1588 1147 1625 amas
1165 1603 1171 1625 :
1202 1601 1275 1638 ego
1295 1586 1444 1625 essurio
1465 1593 1502 1624 et
1523 1584 1623 1623 sitio.

295 1658 364 1695 Lv.
397 1656 526 1706 lepide
547 1662 751 1694 excuratus
772 1653 975 1692 incessisti.
1037 1654 1110 1692 OL.
1142 1654 1228 1700 aha,
1252 1653 1371 1691 hodie
1394 1667 1412 1688 *
1437 1667 1454 1688 >1<
1479 1665 1497 1685 2¹<
1522 1665 1540 1686 *
1565 1665 1583 1685 *

296 1723 366 1759 LY.
399 1734 514 1760 mane
544 1734 652 1768 uero,
681 1733 922 1770 quamquam
957 1717 1118 1757 fastidis.
1179 1718 1253 1756 OL.
1285 1718 1340 1757 fui
1374 1718 1428 1756 fui
1446 1721 1452 1755 ἔ
1505 1718 1626 1755 foetet

1268 1787 1346 1822 tuo'
1368 1783 1463 1822 mihi
1484 1795 1624 1822 sermo.

297 1855 367 1891 Lv.
399 1866 500 1902 quae
521 1854 609 1891 res?
666 1853 740 1891 OL.
773 1853 871 1891 haec
891 1865 962 1890 res.
1021 1850 1193 1889 etiamne
1221 1851 1354 1889 astas?
1391 1848 1496 1887 enim
1532 1859 1626 1886 uero

1140 1916 1342 1968 πράγματά
1360 1932 1423 1966 μοι
1441 1914 1623 1964 παρέχεις.

342 2033 403 2062 707
429 2023 507 2053 audi
533 2023 565 2052 A
705 2025 832 2063 708-12
852 2026 1014 2064 perpauca
1040 2020 1196 2060 leguntur
1215 2020 1248 2050 A
1398 2029 1461 2059 710
1485 2018 1625 2057 digitum

299 2064 437 2096 Mueller
524 2077 585 2107 717
612 2078 837 2098 rememorare
852 2064 949 2097 meP
1035 2074 1099 2103 719
1123 2069 1322 2104 opsonatum
1340 2064 1412 2094 eius
1429 2063 1462 2092 P
1563 2072 1626 2101 720

297 2110 429 2149 signum
447 2110 479 2141 P
564 2112 645 2150 quid
666 2112 698 2142 A
791 2112 824 2141 hi
848 2122 914 2142 om.
938 2108 971 2138 P
1087 2118 1148 2147 722
1172 2109 1220 2139 illi
1233 2108 1355 2138 damno
1373 2107 1490 2137 melius
1505 2108 1628 2136 resonet

297 2153 441 2184 domnos
576 2165 637 2194 723
662 2155 873 2194 patricieque
889 2153 922 2184 A
1014 2151 1190 2191 amiceque
1210 2152 1255 2182 ita
1271 2150 1305 2181 P
1321 2152 1374 2191 (ac
1398 2151 1432 2181 in
1458 2160 1564 2190 marg.
1591 2151 1628 2178 ut

297 2197 375 2237 vz'd.‚
393 2198 481 2228 unde
496 2209 534 2229 ac
549 2203 623 2229 ante
639 2199 687 2229 ire
704 2198 745 2236 Β,
763 2209 830 2230 orn.
853 2198 904 2228 PE
920 2209 927 2232 ζ
951 2194 984 2225 fi·
1006 2195 1039 2233 4)
1158 2204 1219 2235 725
1244 2205 1307 2234 6ἔο
1325 2199 1358 2224 et
1375 2194 1488 2224 68111·Ῐο
1504 2191 1624 2223 Joashi·

260 2246 269 2256 “
299 2252 386 2278 mus,
407 2242 461 2272 cui
475 2242 586 2273 hiatus
608 2253 671 2282 ego
692 2241 696 2278 Ι
718 2253 763 2273 es.
782 2241 924 2282 displicet
1026 2241 1089 2275 726
1109 2243 1183 2280 post
1198 2239 1297 2270 hodie
1320 2238 1403 2268 nihil
1415 2238 1509 2267 habet
1524 2235 1562 2275 P,
1586 2243 1625 2272 15

287 2285 358 2323 sere
368 2286 488 2315 litteras
498 2296 645 2325 quarum
661 2286 812 2316 ultimae.
828 2310 835 2316 .
849 2309 856 2316 .
871 2285 925 2326 lus
936 2281 968 2313 A
987 2281 1090 2320 >sort
1102 2282 1197 2326 (sum
1211 2279 1496 2323 Sardanapallus)
1563 2287 1624 2317 727

297 2339 341 2368 ey
356 2339 399 2368 ey
416 2328 449 2359 P
464 2329 496 2370 (i.
512 2340 534 2359 e.
555 2329 590 2368 sy
607 2329 658 2369 sy)
680 2329 722 2369 (E
734 2334 796 2370 pro
814 2329 856 2370 F)
873 2341 880 2359 ε
905 2353 911 2360 .
932 2352 939 2359 .
960 2352 966 2359 .
987 2327 1044 2374 pOl
1062 2328 1094 2358 A
1119 2327 1256 2368 (edepol
1273 2325 1342 2356 edd.
1359 2337 1365 2362 ;
1391 2335 1435 2354 an
1453 2323 1505 2354 foe
1524 2321 1615 2360 foel)
