1814 2723
184 75 328 114 111.iii
706 71 753 109 Τ.
785 68 967 108 MACCI
999 65 1202 105 PLAVTI

286 186 346 223 Li.
379 184 442 223 dic
464 182 577 233 igitur
598 182 690 220 med
710 179 959 224 aneticulam,
982 176 1208 216 columbam
1230 176 1293 214 uel
1313 175 1509 221 catellum,

285 249 552 295 hirundinem,
573 247 830 290 monerulam,
853 243 1120 293 passerculum
1142 239 1337 291 putillum‚

206 332 265 364 105
285 317 345 353 fac
367 320 661 364 proserpentem
683 309 850 348 bestiam
871 321 945 355 me,
964 305 1164 357 duplicem
1181 312 1223 343 ut
1243 304 1411 343 habeam
1427 303 1613 353 linguam,
1633 305 1700 350 695

285 380 487 419 circumda
507 386 685 426 torquem
708 373 911 420 bracchiis,
934 386 1067 411 meum
1088 372 1233 410 collum
1254 369 1543 419 circumplecte.

287 447 391 482 ΑΗΕ.
425 450 490 480 ten
511 442 806 491 complectatur,
825 438 1038 477 carnufex?
1086 438 1146 474 L1.
1178 448 1297 485 quam
1318 447 1413 472 uero
1433 433 1617 483 indignus

1452 498 1619 537 uideor?

288 590 339 615 ne
359 575 459 614 istuc
480 571 721 623 nequiquam
742 568 883 608 dixeris
905 568 945 606 in
966 581 1029 606 me
1050 574 1129 605 tam
1150 565 1357 615 indignum
1378 564 1541 610 dictum,

289 642 410 680 uehes
431 640 495 690 pol
517 638 637 677 hodie
658 651 731 683 me,
756 635 787 674 si
807 634 970 686 quidem
991 634 1068 671 hoc
1087 639 1291 682 argentum
1311 632 1409 669 ferre
1429 643 1570 679 speres.

212 723 271 746 110
290 709 394 745 ARG.
427 713 492 743 ten
524 717 596 754 ego
625 703 799 740 ucham?
855 702 915 738 L1.
948 707 1018 737 tun
1044 699 1122 736 hoc
1150 698 1249 735 feras
1268 694 1397 748 (hinc)
1415 700 1619 744 argentum
1639 703 1707 738 700

1356 760 1466 798 aliter
1485 773 1508 797 a
1528 760 1620 796 me?

292 838 396 875 ARG.
430 833 524 885 perii
563 834 703 872 hercle.
764 831 795 869 si
834 843 971 869 uerum
1011 827 1172 878 quidem
1212 833 1250 865 et
1289 827 1476 864 decorum
1511 836 1619 861 erum

1287 889 1431 929 ue'here
1452 902 1618 934 seruom,

292 967 493 1006 inscende.
553 966 613 1003 LI.
646 963 701 1003 sic
722 962 807 1001 istic
828 963 956 1000 solent
977 958 1134 1010 superbi
1156 955 1394 996 subdomari.

292 1040 375 1071 asta
396 1031 520 1082 igitur,
544 1037 586 1068 ut
607 1036 819 1067 consuetus
841 1041 881 1065 es
903 1039 999 1076 puer
1020 1024 1124 1063 olim.
1184 1022 1267 1060 scin
1288 1028 1330 1059 ut
1351 1020 1511 1059 dicam?

295 1111 356 1135 em
388 1096 452 1134 sic.
517 1094 592 1141 abi,
619 1095 750 1139 laudo,
791 1105 865 1131 nec
908 1099 945 1129 te
986 1102 1090 1140 equo
1125 1086 1248 1138 magis
1280 1093 1337 1125 est
1371 1098 1495 1135 equos
1522 1085 1624 1123 ullus

1454 1149 1620 1200 sapiens.

220 1242 275 1272 115
296 1230 400 1265 ARG.
434 1226 622 1264 inscende
648 1230 836 1262 actutum.
896 1223 955 1259 LI.
988 1233 1061 1270 ego
1090 1220 1229 1258 fecero.
1288 1218 1381 1256 hem
1406 1215 1502 1266 quid
1526 1215 1625 1253 istuc
1645 1226 1710 1263 705

1207 1285 1294 1322 est?
1323 1289 1365 1320 ut
1386 1289 1427 1320 tu
1447 1279 1626 1319 incedis?

298 1358 455 1397 demam
477 1357 607 1395 hercle
627 1354 705 1392 iam
727 1355 776 1392 de
803 1351 808 1404 Ι
834 1353 996 1399 hordeo,
1019 1349 1175 1390 tolutim
1195 1348 1236 1387 ni
1255 1347 1424 1387 badizas.

299 1424 403 1460 ARG.
435 1422 590 1467 amabo,
623 1419 784 1465 Libane,
821 1417 898 1456 iam
934 1424 992 1455 sat
1025 1423 1093 1455 est.
1154 1416 1214 1453 Li.
1246 1425 1464 1462 numquam
1498 1411 1628 1449 hercle

1297 1476 1418 1516 hodie
1438 1474 1625 1528 exorabis.

300 1567 392 1591 narn
413 1552 490 1591 iam
511 1550 650 1607 calcari
671 1548 931 1600 quadrupedo
950 1546 1108 1598 agitabo
1127 1546 1341 1584 aduorsum
1363 1541 1520 1587 cliuom,

302 1618 482 1669 postidea
501 1619 552 1656 ad
573 1616 737 1667 pistores
758 1614 874 1660 dabo,
898 1620 941 1651 ut
962 1612 1017 1651 ibi
1037 1606 1210 1651 c'ruciere
1230 1621 1400 1648 currens.

223 1697 281 1718 120
300 1691 384 1721 asta
417 1690 459 1720 ut
493 1682 733 1721 descendam
772 1677 958 1717 nunciam
993 1677 1034 1715 in
1072 1674 1246 1726 procliui,
1288 1685 1528 1724 quamquam
1568 1684 1632 1709 ne·
1651 1683 1719 1718 710

1436 1750 1556 1787 quam
1577 1750 1629 1775 es.

303 1815 407 1852 ARG.
441 1812 536 1862 quid
570 1825 686 1857 nunc,
722 1810 896 1848 amabo?
943 1806 1142 1858 quoniam,
1179 1812 1221 1844 ut
1259 1811 1318 1843 est
1348 1802 1528 1848 lubitum,
1560 1814 1632 1839 nos

1423 1865 1630 1913 delusistis,

348 1986 411 2022 693
436 1980 670 2020 comminuam,
699 1978 856 2010 catellum
880 1976 1012 2016 Bentley
1129 1976 1193 2014 694
1218 1972 1431 2004 monedulam
1456 1981 1525 2001 var.
1553 1970 1572 2001 l.
1599 1969 1635 1999 in

306 2026 369 2056 cod.
476 2024 632 2064 putillum
660 2022 891 2063 passerculum
918 2020 982 2051 cod.
1001 2032 1008 2050 ε
1040 2029 1117 2050 corr.
1139 2018 1285 2057 Scalzger
1306 2016 1357 2055 (cf.
1381 2015 1482 2046 Class.
1502 2013 1581 2044 Rev.
1600 2014 1631 2050 6,

305 2070 363 2109 87)
495 2071 559 2108 695
585 2071 811 2107 proserpente
828 2065 894 2096 cod.
920 2064 1017 2104 (-tem
1037 2062 1105 2102 PE)
1195 2061 1336 2091 bestiam
1358 2057 1543 2097 eduplicem
1566 2056 1632 2087 cod.

305 2114 370 2152 696
393 2113 685 2150 circumdatorque
710 2120 763 2140 me
786 2109 851 2140 cod.
871 2120 876 2138 :
905 2118 980 2138 corr.
1004 2106 1113 2136 Havet
1242 2105 1305 2143 698
1329 2107 1396 2133 tam
1416 2102 1483 2131 ind.
1504 2101 1581 2131 diet.
1601 2100 1635 2130 in

305 2167 358 2187 me
374 2155 438 2187 cod.
459 2167 465 2186 :
490 2156 563 2186 traz'.
584 2155 687 2185 Bothe
822 2155 887 2191 699
911 2162 964 2181 me
982 2150 1083 2181 hodie
1103 2148 1237 2179 Guietus
1372 2155 1436 2184 700
1459 2145 1538 2175 hinc
1555 2142 1634 2174 add.

308 2200 521 2232 Camerarius
619 2208 678 2237 701
706 2196 821 2227 hercle
842 2206 924 2226 uero
940 2205 946 2231 ;
971 2195 999 2225 si
1015 2193 1184 2232 quidemst
1199 2190 1305 2227 Goetz‚
1320 2188 1431 2219 Loewe
1497 2191 1532 2218 et
1548 2186 1612 2217 Leo
1629 2198 1636 2217 :

266 2248 275 2257 Χ
308 2248 359 2274 est
378 2243 444 2274 cod.
539 2252 601 2281 702
626 2242 710 2272 istuc
727 2239 795 2271 cod.
815 2251 822 2271 :
849 2238 902 2269 isti
919 2237 1107 2268 Lambinus
1126 2246 1132 2265 :
1148 2235 1228 2275 sort.
1250 2234 1305 2264 isti
1321 2233 1375 2263 hic
1476 2241 1538 2271 704
1554 2231 1638 2270 fort.

309 2287 421 2317 nullus
552 2296 614 2324 709
639 2284 796 2323 postidea
811 2282 960 2313 Pareus:
984 2284 1102 2320 postea
1118 2277 1188 2309 cod.
1205 2277 1241 2319 (i.
1259 2277 1293 2318 7)
1394 2284 1452 2315 711
1481 2274 1638 2314 quoniam

308 2331 427 2362 amabo
444 2328 510 2361 cod.
528 2339 534 2359 ε
562 2328 633 2359 traz'.
651 2328 716 2358 Leo
