1742 2718
637 63 994 102 MENAECHMI
1429 61 1473 96 V.
1497 59 1527 96 ii

65 181 135 223 870
153 179 222 217 sed
243 177 330 228 quis
350 176 414 215 hic
435 183 492 214 est
513 174 580 226 qui
605 187 669 212 me
690 172 832 222 capillo
852 172 945 209 hinc
965 171 1015 209 de
1035 182 1148 208 curru
1169 168 1339 218 deripit?

152 243 358 293 imperium
380 249 489 280 tuom
511 241 688 278 demutat
709 245 827 287 atque
848 235 1021 274 edictum
1043 232 1249 284 Apollinis.

206 309 270 346 SE.
294 321 342 345 eu
363 307 493 345 hercle
515 304 697 344 morbum
719 315 848 341 acrem
870 314 915 339 ac
936 302 1078 339 durum
1096 302 1101 337 !
1134 311 1152 332 *
1186 313 1203 334 *
1237 311 1255 331 21<
1502 305 1561 327 120

423 385 441 405 21<
610 385 628 406 *
797 381 814 401 *
847 366 897 413 di,
922 373 1093 404 nostram
1115 365 1234 402 fidem
1255 366 1261 400 !

47 443 134 486 873a
206 439 270 476 uel
290 436 354 475 hic
374 436 442 486 qui
462 434 606 474 insanit
627 447 746 484 quam
767 431 890 470 ualuit
912 431 1042 481 paullo
1062 428 1167 479 prius
1187 431 1194 467 ἔ

206 502 242 540 ei
262 503 474 552 derepente
495 508 625 538 tantus
648 499 808 536 morbus
829 495 977 534 incidit.

68 566 133 608 875
208 567 299 605 eibo
319 575 438 617 atque
459 578 657 604 accersam
681 562 879 601 medicum
903 560 979 598 iam
1001 567 1193 610 quantum
1214 565 1411 609 potest.—

425 678 825 713 MENAECHMVS
862 671 914 708 II
1027 671 1215 707 SENEX
1503 660 1548 698 iii

156 760 272 797 ΜΕΝ.
306 760 444 796 Iamne
465 756 528 794 isti
547 755 738 800 abierunt,
762 765 920 804 quaeso,
945 765 992 789 ex
1011 758 1228 800 conspectu
1249 762 1351 796 meo,

155 822 223 873 qui
244 836 307 860 me
327 822 366 860 ui
387 827 533 871 cogunt
554 814 597 858 ut
617 818 771 857 ualidus
793 815 985 855 insaniam
1002 817 1019 853 ?

155 888 252 939 quid
273 901 384 926 cesso
404 886 511 925 abire
531 886 582 924 ad
604 897 747 922 nauem
769 884 865 921 dum
886 883 996 920 saluo
1017 880 1136 919 licet?

8 959 136 1003 879-80
155 967 307 1004 uosque
327 952 456 992 omnis
477 964 636 1002 quaeso,
659 949 690 988 si
711 962 829 988 senex
848 946 1052 994 reuenerit,

156 1019 196 1058 ni
218 1033 281 1058 me
301 1018 482 1057 indicetis
503 1030 581 1067 qua
601 1017 730 1066 platea
749 1014 842 1052 hinc
862 1012 1146 1062 aufugerim.—
1509 1019 1527 1052 5

159 1086 222 1123 SE.
254 1083 379 1122 lumbi
400 1083 589 1129 sedendo,
613 1079 717 1119 oculi
740 1079 957 1130 spectando
977 1078 1128 1124 dolent,

159 1150 359 1187 manendo
380 1147 580 1186 medicum
602 1148 698 1185 dum
719 1158 760 1184 se
781 1158 828 1183 ex
847 1156 966 1194 opere
987 1141 1157 1191 recipiat.

160 1214 321 1252 odiosus
342 1215 503 1252 tandem
524 1212 589 1250 uix
607 1212 658 1249 ab
678 1209 845 1260 aegrotis
866 1207 985 1254 uenit,

72 1284 138 1328 885
159 1280 213 1319 ait
234 1294 275 1319 se
295 1279 489 1329 obligasse
510 1291 598 1317 crus
618 1278 784 1315 fractum
806 1273 1056 1324 Aesculapio,

160 1344 337 1395 Apollini
357 1351 489 1382 autem
511 1341 750 1381 bracchium.
810 1352 916 1377 nunc
936 1337 1067 1387 cogito
1512 1349 1551 1372 10

160 1418 290 1449 utrum
311 1423 374 1448 me
394 1409 525 1447 dicam
546 1409 690 1446 ducere
712 1404 911 1444 medicum
932 1417 982 1442 an
1003 1403 1167 1440 fabrum.

159 1484 278 1527 atque
298 1489 436 1515 eccum
457 1473 615 1513 incedit.
675 1471 793 1510 moue
813 1469 1063 1509 formicinum
1083 1468 1258 1518 gradum.
1301 1520 1309 1524 ἡ

565 1586 826 1622 MED1cvs
937 1581 1123 1618 SENEX
1511 1573 1558 1610 iv

163 1671 277 1708 MED.
311 1668 420 1718 Quid
441 1681 526 1707 esse
547 1666 601 1705 ssli
621 1665 748 1704 morbi
769 1663 951 1703 dixeras?
980 1674 1102 1707 narra,
1134 1672 1263 1698 senex.

76 1740 145 1784 890
163 1748 259 1772 num
279 1735 466 1772 laruatust
486 1740 553 1771 aut
574 1731 766 1770 cerritus?
795 1731 856 1767 fac
876 1727 1008 1766 sciam.

163 1812 259 1837 num
280 1812 371 1837 eum
392 1805 576 1836 ueternus
597 1804 664 1835 aut
684 1808 787 1845 aqua
807 1793 978 1832 intercus
999 1790 1139 1829 tenet?

163 1865 227 1902 SE.
260 1863 356 1913 quin
376 1876 422 1901 ea
442 1870 480 1900 te
501 1875 638 1900 caussa
659 1862 764 1899 duco
784 1866 827 1897 ut
847 1858 888 1896 id
908 1856 1017 1896 dicas
1041 1854 1139 1893 mihi

162 1936 281 1978 atque
302 1928 410 1965 illum
432 1935 474 1965 ut
494 1940 633 1965 sanum
654 1925 783 1963 facias.
844 1924 958 1960 MED.
990 1919 1174 1971 perfacile
1194 1918 1235 1957 id
1255 1917 1465 1968 quidemst,
1514 1933 1531 1964 5

164 2007 304 2031 sanum
324 1994 508 2040 futurum,
531 2005 619 2030 mea
639 2004 712 2040 ego
732 1989 773 2028 id
793 1987 980 2039 promitto
1001 1987 1090 2024 fide.

209 2092 270 2131 871
298 2096 399 2131 atque
416 2091 540 2122 dictum
557 2088 624 2121 cod.
773 2088 838 2127 872
862 2086 1018 2116 lacunam
1037 2082 1131 2114 indic.
1150 2082 1282 2113 Schoell.
1329 2081 1439 2121 Neque
1455 2091 1496 2111 eu

166 2135 282 2166 hercle
299 2145 399 2174 neque
415 2145 456 2165 eu
474 2133 577 2165 hercl⁷
585 2133 715 2174 placent
802 2132 864 2169 877
884 2129 1016 2159 ualidfis
1029 2128 1085 2158 vix
1090 2126 1269 2166 serendum
1330 2129 1366 2155 ut
1380 2124 1498 2155 ualens

166 2179 254 2210 Brix
268 2190 276 2210 ι
290 2178 370 2218 fort.
386 2178 518 2209 ualidus
529 2178 577 2208 uti
697 2175 869 2206 uesaniam
887 2172 990 2202 Bothe
1007 2171 1058 2210 (cs.
1077 2181 1106 2201 v.
1125 2171 1207 2211 921)
1323 2172 1400 2209 post
1413 2168 1501 2198 hunc

167 2233 299 2253 versum
327 2222 483 2252 lacunam
509 2220 603 2253 indic.
633 2219 759 2250 Ritschl
902 2216 967 2245 882
998 2214 1183 2253 spectando
1207 2212 1383 2244 Ausonius
1406 2210 1495 2242 Lud.

168 2266 256 2306 Sept.
283 2265 365 2305 Sap.
392 2275 474 2305 131:
501 2263 734 2304 exspectando
753 2261 819 2293 cod.
849 2262 892 2300 (v.
917 2269 950 2298 9,
974 2268 1006 2297 p.
1034 2257 1090 2299 70)
1225 2257 1290 2296 889
1316 2260 1407 2286 esset
1432 2253 1497 2285 cod.

168 2311 236 2348 890
258 2309 408 2339 laruatus
423 2308 488 2339 cod.
580 2307 629 2339 vel
643 2307 791 2338 laruatus
814 2309 872 2334 aut
888 2302 1044 2333 cerritust
1175 2301 1236 2339 891
1264 2305 1410 2330 uetenus
1433 2297 1497 2329 cod.

170 2353 264 2393 (corr.
277 2351 342 2393 132)
453 2353 518 2391 893
541 2352 699 2391 quideast
714 2349 778 2382 cod.
799 2351 837 2379 ut
850 2346 916 2377 vid.
937 2344 985 2387 (A
994 2349 1060 2385 pro
1077 2343 1127 2386 M)
1146 2343 1239 2385 (corr.
1259 2341 1326 2385 ΒΞ)
1435 2342 1497 2380 894

170 2407 230 2427 eco
247 2395 312 2427 cod.
332 2396 374 2436 (C
384 2401 447 2436 pro
464 2395 515 2431 G;
539 2394 582 2426 vi.
602 2395 635 2434 1)
