1814 2723
269 45 321 82 II.
343 45 387 82 iii
764 47 810 83 T.
844 45 1024 85 MACCI
1056 45 1260 83 PLAVTI

344 161 413 199 sed
435 159 517 198 sine
539 174 601 198 me
630 161 725 198 dum
753 160 855 197 hanc
882 159 1129 208 compellare.
1189 158 1286 196 heus
1307 156 1456 202 mulier,
1479 155 1550 194 tibi
1571 155 1673 194 dico.

1366 224 1440 260 ER.
1473 220 1570 272 quid
1588 221 1676 259 est?

344 292 449 329 MEs.
482 290 549 329 ubi
580 298 620 328 tu
645 291 751 328 hunc
782 288 985 328 hominem
1006 287 1182 327 nouisti?
1239 289 1315 326 ER.
1346 286 1492 325 ibidem
1522 285 1591 324 ubi
1609 285 1674 323 hic

1412 365 1474 389 me
1494 350 1571 388 iam
1591 349 1671 396 diu,

341 421 381 459 in
404 420 639 471 Epidamno.
692 422 796 457 MEs.
829 419 869 457 in
892 418 1147 469 Epidamno?
1176 416 1243 467 qui
1264 418 1342 454 huc
1358 416 1398 454 in
1418 417 1520 453 hanc
1535 415 1674 453 urbem
1693 418 1763 460 380

1532 480 1674 530 pedem

341 550 414 589 nisi
436 550 556 589 hodie
577 562 795 599 numquam
817 548 919 587 intro
940 547 1098 586 tetulit?
1147 549 1221 585 ER.
1246 545 1360 584 heia!
1392 544 1551 584 delicias
1566 543 1672 583 facis.

282 633 322 663 30
341 616 395 654 mi
418 616 691 662 Menaechme,
715 614 822 664 quin,
845 614 1001 659 amabo,
1023 612 1055 651 is
1076 612 1207 650 intro?
1237 611 1301 649 hic
1321 610 1392 649 tibi
1414 610 1484 648 erit
1505 609 1657 648 rectius.

343 683 457 720 MEN.
491 682 588 719 haec
615 679 776 730 quidem
811 679 953 728 edepol
988 684 1092 716 recte
1122 678 1294 728 appellat
1321 689 1412 714 meo
1438 689 1502 713 me
1536 673 1675 712 mulier

1500 738 1671 778 nomine.

340 811 447 849 nimi’
475 811 592 850 miror
612 809 708 860 quid
730 811 806 848 boc
827 810 875 847 sit
895 807 1038 859 negoti.
1093 809 1197 845 MEs.
1231 805 1384 845 oboluit
1405 803 1673 854 marsuppium

341 876 432 915 huic
461 876 561 914 istuc
588 876 697 925 quod
726 874 859 913 habes.
933 875 1048 911 ΜΕΝ.
1081 879 1200 922 atque
1225 872 1367 921 edepol
1392 877 1433 908 tu
1455 883 1518 908 me
1538 882 1675 907 monu-
1694 876 1759 919 385

1456 934 1518 972 isti
1538 933 1671 984 probe.

341 1006 574 1057 accipedum
603 1006 691 1043 hoc.
749 1004 826 1042 iam
854 1003 965 1042 scibo
993 1010 1123 1041 utrum
1153 1003 1251 1040 haec
1278 1014 1342 1039 me
1367 1013 1479 1050 mage
1499 1006 1604 1037 amet
1622 1012 1673 1037 an

1392 1063 1674 1115 marsuppium.

283 1154 321 1186 35
344 1139 420 1176 ER.
451 1149 586 1176 eamus
606 1135 722 1183 intro,
739 1142 779 1173 ut
801 1135 1076 1185 prandeamus.
1150 1134 1268 1171 ΜΕΝ.
1298 1131 1401 1170 bene
1420 1143 1564 1169 uocas:
1594 1136 1675 1167 tam

1504 1194 1674 1246 gratiast.

342 1269 416 1306 ER.
444 1281 517 1318 qur
536 1266 651 1318 igitur
671 1279 734 1304 me
755 1265 826 1304 tibi
847 1263 991 1303 iussisti
1012 1277 1183 1314 coquere
1203 1263 1357 1302 dudum
1377 1259 1617 1312 prandium?

343 1335 457 1371 ΜΕΝ.
490 1345 591 1383 egon
620 1338 659 1370 te
687 1330 782 1369 iussi
812 1331 1012 1380 coquere?
1089 1330 1163 1366 ER.
1196 1334 1314 1374 certo,
1341 1325 1412 1365 tibi
1443 1332 1481 1364 et
1504 1323 1674 1376 parasito

1591 1396 1670 1428 tuo.

342 1465 458 1502 ΜΕΝ.
489 1461 595 1513 quoi,
617 1462 776 1507 malum,
800 1458 1000 1510 parasito?
1037 1465 1144 1496 certo
1164 1458 1262 1496 haec
1282 1455 1422 1495 mulier
1441 1468 1522 1494 non
1542 1461 1674 1493 sanast
1692 1466 1761 1501 390

1567 1526 1670 1557 satls.

339 1595 413 1632 ER.
447 1592 646 1632 Peniculo.
727 1593 842 1630 MEN.
875 1589 963 1641 quis
993 1589 1073 1628 iste
1097 1588 1155 1628 est
1182 1587 1423 1627 Peniculus?
1461 1584 1528 1635 qui
1555 1591 1674 1623 exter-

1338 1658 1478 1703 gentur
1497 1651 1673 1689 baxeae?

278 1738 321 1769 40
341 1725 415 1762 ER.
448 1723 596 1762 scilicet
617 1722 684 1773 qui
705 1723 859 1761 dudum
880 1728 1013 1760 tecum
1034 1719 1153 1766 uenit,
1178 1731 1300 1769 quom
1320 1718 1465 1769 pallam
1486 1715 1583 1754 mihi

339 1789 512 1828 detulisti
533 1788 653 1839 quarn
673 1788 725 1827 ab
746 1801 866 1826 uxore
887 1794 955 1825 tua
975 1784 1218 1836 surrupuisti.
1279 1785 1394 1822 MEN.
1426 1781 1523 1832 quid
1543 1783 1630 1820 est?

339 1855 409 1894 tibi
429 1857 574 1906 pallam
594 1854 688 1894 dedi
710 1867 829 1905 quam
851 1852 960 1892 uxori
981 1865 1093 1890 meae
1114 1849 1323 1901 surrupui?
1352 1861 1475 1887 sanan
1495 1849 1565 1886 es?

339 1928 443 1960 certe
462 1922 561 1959 haec
581 1920 721 1959 mulier
743 1918 975 1958 cantherino
995 1917 1069 1956 ritu
1096 1917 1100 1967 Ι
1126 1923 1258 1955 astans
1278 1913 1459 1954 somniat.
1690 1923 1755 1960 395

342 1988 416 2024 ER.
448 1985 516 2035 qui
536 1985 645 2024 lubet
666 1984 838 2024 ludibrio
858 1984 1004 2022 habere
1025 1996 1089 2021 me
1108 1989 1228 2031 atque
1247 1980 1301 2018 ire
1321 1979 1465 2018 infitias
1486 1977 1583 2016 mihi

279 2063 322 2096 45
341 2052 443 2090 facta
463 2064 564 2101 quae
584 2053 705 2089 sunt?
762 2052 878 2088 ΜΕΝ.
910 2048 975 2088 dic
1002 2047 1099 2099 quid
1120 2054 1178 2086 est
1204 2045 1245 2085 id
1265 2047 1374 2096 quod
1401 2057 1541 2095 negem
1562 2044 1672 2093 quod

1481 2108 1640 2147 fecerim
1654 2110 1672 2146 ?

385 2221 448 2260 378
472 2220 565 2251 dicos
581 2219 646 2251 cod.
669 2220 764 2260 (corr.
780 2217 845 2260 ΒΞ)
978 2218 1042 2256 384
1067 2214 1218 2248 obuoluit
1234 2214 1300 2246 cod.
1319 2214 1412 2255 (corr.
1430 2212 1493 2253 3²)
1604 2221 1671 2251 390

342 2265 429 2295 malo
442 2263 510 2295 cod.
524 2264 615 2305 (corr.
635 2262 700 2304 32)
833 2272 894 2302 391
921 2260 971 2293 vel
984 2261 1082 2315 isltest
1198 2267 1261 2299 395
1275 2258 1355 2298 fort.
1374 2258 1483 2289 canth.
1505 2267 1530 2288 r.
1550 2255 1671 2287 mulier
