1742 2718
705 101 1053 139 AMPHITRVO
1453 101 1529 138 III.
1553 100 1598 136 iii

208 211 513 260 Blepharonem,
534 210 589 248 uti
610 224 650 249 re
670 210 806 249 diuina
826 211 928 248 facta
949 223 1106 248 mecum
1129 211 1327 259 prandeat.

207 277 271 314 So.
304 275 380 314 iam
402 275 465 314 hic
496 290 562 315 ero
582 289 704 325 quom
731 275 808 314 illic
829 275 1009 314 censebis
1032 288 1117 313 esse
1138 277 1329 313 me—Iv.
1362 282 1537 313 actutum

1345 341 1422 377 huc
1444 339 1536 377 redi.

119 419 188 454 970
208 408 280 444 AL.
313 406 508 456 numquid
528 406 598 454 uis,
621 406 718 456 quin
737 407 878 445 abeam
899 405 976 444 iam
998 405 1110 452 intro,
1134 412 1176 443 ut
1203 412 1439 455 apparentur
1459 404 1540 453 qui·
1564 416 1598 447 15

1300 471 1374 508 bus
1395 471 1540 519 opust?

210 539 267 575 Iv.
300 537 311 574 i
332 551 437 585 sane,
460 544 498 575 et
518 544 710 587 quantum
731 544 860 587 potest
881 544 1015 586 parata
1036 537 1096 574 fac
1117 535 1194 573 sint
1215 535 1357 573 onmia.

208 604 281 640 AL.
313 602 408 652 quin
439 602 551 641 uenis
578 603 739 652 quando
770 602 827 640 uis
853 602 986 640 intro?
1027 603 1114 640 faxo
1142 603 1219 639 hau
1250 601 1462 650 quicquam
1493 600 1540 638 sit

1344 678 1540 703 morae.—

211 733 268 770 Iv.
301 740 405 771 recte
425 734 586 782 loquere
607 740 645 771 et
665 731 832 782 proinde
853 731 1082 781 diligentem
1104 738 1146 768 ut
1166 744 1326 769 uxorem
1348 731 1472 768 decet.

316 797 393 835 iam
415 797 522 836 hisce
542 798 673 844 ambo,
696 805 734 835 et
755 810 889 835 seruos
910 804 948 834 et
969 810 1043 842 era,
1067 797 1206 834 frustra
1226 802 1317 833 sunt
1337 795 1429 841 duo,

119 871 185 909 975
315 862 382 912 qui
403 876 466 901 me
486 862 819 912 Amphitruonem
839 869 972 900 rentur
992 875 1077 900 esse
1094 876 1100 898 :
1130 868 1258 899 errant
1277 860 1411 911 probe.
1561 879 1600 900 20

314 941 420 966 nunc
441 934 493 974 tu,
516 927 650 966 diuine
671 927 792 974 Sosia,
816 928 894 965 huc
914 928 975 964 fac
995 926 1137 974 adsies,

315 992 444 1043 (audis
465 1006 566 1043 quae
586 993 689 1040 dico,
712 1000 791 1031 tam
813 992 886 1031 etsi
906 1006 1090 1042 praesens
1111 1005 1192 1030 non
1212 991 1336 1043 ades),

315 1059 399 1096 face
420 1057 498 1096 iam
519 1058 853 1109 Amphitruonem
874 1058 1156 1096 aduenientem
1177 1058 1228 1096 ab
1247 1057 1414 1096 aedibus

316 1131 358 1161 ut
378 1123 511 1173 abigas
525 1139 535 1171 ,-
565 1123 706 1174 quouis
727 1131 844 1174 pacto
864 1124 925 1161 fac
946 1125 1186 1161 commentu'
1206 1122 1268 1161 sis.

120 1188 189 1232 980
315 1190 408 1227 uolo
429 1189 563 1227 deludi
584 1189 715 1235 illunc,
738 1190 835 1227 dum
856 1202 948 1227 cum
968 1190 1042 1227 hac
1063 1188 1235 1226 usuraria
1562 1205 1600 1238 25

315 1267 434 1292 uxore
455 1267 560 1291 nunc
582 1253 634 1291 mi
656 1253 860 1303 morigero.
921 1255 1018 1292 haec
1039 1261 1173 1292 curata
1193 1253 1270 1291 sint

313 1320 374 1357 fac
395 1319 458 1366 sis,
480 1318 647 1368 proinde
667 1320 769 1357 adeo
789 1326 831 1357 ut
853 1320 955 1357 uelle
975 1320 1067 1357 med
1087 1318 1290 1368 intellegis,

312 1390 432 1434 atque
451 1391 495 1421 ut
515 1383 711 1422 ministres
733 1383 797 1428 mi,
821 1383 918 1421 mihi
939 1397 1061 1433 quom
1083 1384 1323 1422 sacruficem.

703 1495 1042 1531 MERCVR1vs
1302 1518 1310 1521 -
1559 1493 1607 1530 iv

210 1580 292 1616 ΜΕ.
325 1577 546 1617 Concedite
565 1584 684 1627 atque
703 1576 907 1627 apscedite
927 1590 1078 1623 omneS‚
1101 1578 1152 1615 de
1171 1577 1235 1615 uia
1255 1577 1448 1625 decedite‚

122 1649 186 1693 985
209 1656 282 1681 nec
302 1642 512 1692 quisquam
532 1643 613 1680 tam
632 1640 809 1694 au<i>dax
829 1642 912 1679 fuat
942 1642 1063 1679 homo
1093 1641 1161 1691 qui
1188 1640 1348 1680 obuiam
1378 1641 1541 1691 opsistat

1431 1705 1538 1743 mihi.

208 1786 300 1811 nam
320 1772 418 1811 mihi
438 1772 600 1823 quidem
620 1773 751 1811 hercle
771 1771 839 1822 qui
860 1771 990 1810 minus
1011 1771 1125 1810 liceat
1146 1772 1223 1810 deo
1244 1770 1456 1809 minitarier

142 1878 144 1887 Α
207 1839 367 1888 populo,
390 1837 430 1876 ni
450 1839 618 1877 decedat
638 1837 746 1885 mihi,
770 1850 889 1887 quam
911 1836 1097 1875 seruolo
1088 1850 1127 1874 1n
1149 1835 1396 1875 comoediis?

207 1902 259 1940 ill'
279 1894 422 1941 nauem
443 1904 592 1941 saluam
614 1902 768 1940 nuntiat
788 1910 855 1940 aut
876 1902 961 1940 irati
982 1903 1200 1940 aduentum
1222 1901 1349 1939 senis:
1560 1914 1577 1944 5

250 2008 316 2047 968
340 2007 403 2047 uti]
431 2007 488 2046 qui
517 2006 623 2047 Goelz,
655 2005 769 2037 Loewe
900 2016 962 2046 971
992 2010 1092 2046 potes
1112 2005 1240 2045 (potest
1253 2004 1313 2043 ΕΙ)
1332 2004 1397 2036 cod.
1489 2004 1540 2035 fac

208 2049 366 2088 Pylades:
392 2050 479 2081 facta
495 2050 561 2082 cod.
695 2061 760 2090 973
785 2050 840 2081 dil.
864 2050 1005 2090 proinde
1029 2049 1179 2088 Skutsch,
1200 2049 1253 2079 cui
1270 2049 1414 2088 proinde
1433 2047 1536 2087 disyll.

208 2098 283 2124 ante
309 2098 539 2124 consonantem
564 2093 704 2134 clzlsplicet
843 2104 908 2134 974
932 2094 965 2124 hi
993 2093 1059 2124 cod.
1205 2093 1271 2131 976
1298 2092 1373 2122 Sos.
1399 2092 1464 2121 huc
1490 2091 1540 2121 fac

210 2138 323 2168 adsies
343 2137 447 2176 Goetz,
469 2137 596 2168 Loewe:
621 2138 685 2168 huc
703 2138 755 2168 fac
771 2137 862 2168 adsis
881 2137 956 2168 Sos.
974 2137 1150 2176 cod..fort.
1172 2140 1267 2167 recte:
1294 2136 1337 2165 mi
1362 2135 1395 2166 h.
1412 2135 1434 2165 f.
1451 2145 1479 2165 a.
1501 2134 1536 2165 S.

210 2180 347 2211 Mueller
362 2180 492 2221 (Rlzein.
520 2182 609 2212 Mus.
637 2191 689 2220 54,
716 2183 796 2219 382)
930 2181 994 2220 978
1021 2180 1138 2210 faciam
1161 2180 1229 2220 (fac
1253 2179 1336 2219 iam)
1359 2189 1422 2209 am.
1450 2177 1538 2208 codd.

210 2223 311 2254 Nonii
325 2226 367 2255 88
385 2236 392 2255 :
416 2225 466 2255 sac
483 2235 547 2256 am.
571 2226 652 2266 (om.
684 2225 765 2263 iam)
785 2223 848 2255 cod.
868 2236 875 2255 τ
908 2224 958 2254 fac
977 2224 1050 2254 Am.
1070 2225 1134 2253 iarn
1148 2222 1338 2253 Lambinus
1476 2231 1541 2260 979

210 2267 309 2299 abeat
327 2268 414 2299 codd.
434 2268 537 2299 Nonii
622 2269 690 2298 sies
707 2267 787 2307 cod.‚
803 2269 880 2298 item
897 2267 986 2298 codd.
1007 2267 1110 2297 Nonii
1253 2267 1320 2305 980
1344 2266 1446 2296 illunc
1464 2265 1539 2294 dum

215 2310 359 2341 Pareus:
385 2311 477 2342 illum
495 2312 595 2342 edum
612 2311 676 2342 cod.
702 2312 805 2353 (epro
815 2312 848 2352 c)
981 2312 1042 2350 981
1062 2310 1151 2340 sient
1168 2309 1235 2340 cod.
1379 2310 1443 2348 983
1460 2308 1540 2338 mihi

218 2363 286 2385 xum
305 2354 536 2386 Camerarius:
561 2365 634 2385 cum
653 2355 734 2385 mihi
752 2354 821 2385 cod.
944 2356 1008 2393 985
1033 2353 1201 2392 quispiam
1222 2352 1345 2383 Usener
1410 2350 1541 2394 (nunc)

216 2402 278 2429 iam
297 2397 468 2428 Fleckeisen
559 2398 683 2429 auidax
701 2397 840 2428 Skutsch
859 2397 991 2438 (th'lol.
1011 2406 1061 2436 59,
1080 2396 1159 2436 503)
