1814 2723
199 42 252 80 II.

216 491 256 522 45

273 42 288 79 i
692 41 738 79 T.
771 39 952 79 MACCI
983 39 1187 77 PLAVTI

436 151 544 201 quod
564 149 636 188 tibi
657 151 856 196 suadeam,
878 149 1066 187 suadeam
1086 161 1177 187 meo
1196 146 1305 198 patri.

436 217 503 266 pol
524 229 596 266 ego
617 215 649 253 si
670 223 707 253 te
726 215 906 261 audeam,
930 227 1063 252 meum
1084 220 1234 264 patrem
1254 211 1481 251 nominem:

437 294 529 318 nam
551 281 770 318 secundum
791 286 942 329 patrem
963 280 1035 316 tu’s
1055 286 1165 328 pater
1184 290 1407 328 proxumus.

277 348 350 385 ΤΥ.
382 345 514 384 audio.
575 347 746 383 PH1Loc.
780 352 818 382 et
842 352 1049 394 propterea
1069 343 1224 394 saepius
1245 350 1283 381 te
1303 342 1359 380 uti
1380 340 1604 380 memineris
1623 352 1692 387 240

1434 419 1578 445 moneo
1598 421 1604 444 :

279 491 359 515 non
391 491 465 528 ego
494 490 581 515 erus
612 476 694 523 tibi,
728 477 798 514 sed
828 489 962 514 seruos
994 489 1080 514 sum
1096 489 1107 524 3
1134 487 1241 512 nunc
1270 486 1434 523 opsecro
1463 480 1501 510 te
1530 472 1607 509 hoc

1431 549 1608 575 unum-—

275 607 462 658 quoniam
484 607 598 646 nobis
620 606 660 645 di
682 606 908 644 inmortales
929 604 1105 643 animum
1127 605 1384 642 ostenderunt
1404 615 1528 645 suom,

274 679 317 710 ut
337 671 403 721 qui
425 685 533 710 erum
555 685 618 710 me
638 671 709 710 tibi
730 671 848 709 fuisse
864 678 982 720 atque
998 683 1083 708 esse
1099 682 1205 707 nunc
1221 680 1455 707 conseruom
1472 665 1605 713 uelint,

275 738 384 788 quod
408 738 575 775 antehac
600 749 670 787 pro
698 736 780 774 iure
810 734 1084 785 imperitabam
1111 747 1211 781 meo,
1243 747 1348 771 nunc
1380 740 1417 770 te
1447 744 1516 769 oro
1539 744 1608 781 per

1397 810 1605 847 precem——

227 872 231 875 ’
277 881 348 919 per
366 869 562 906 fortunam
583 866 772 905 incertam
794 873 831 904 et
852 879 920 916 per
940 864 1017 903 mei
1039 872 1077 903 te
1098 878 1187 914 erga
1206 863 1424 902 bonitatem
1445 861 1574 911 patris,
1628 873 1694 910 245

219 952 260 984 50

230 1369 260 1406 ii

278 935 413 985 perqu’
434 933 715 973 conseruitium
737 945 959 979 commune,
984 930 1093 981 quod
1111 928 1265 969 hostica
1284 927 1416 968 euenit
1436 940 1567 975 manu,

280 1010 330 1035 ne
351 1009 413 1034 me
434 1008 545 1034 secus
566 996 717 1047 lionore
738 995 924 1031 honestes
946 1006 1066 1042 quam
1088 1005 1211 1042 quom
1233 991 1407 1030 seruibas
1429 990 1537 1038 mihi,

277 1069 397 1111 atque
417 1068 459 1098 ut
479 1059 547 1109 qui
567 1059 684 1097 fueris
705 1057 751 1097 et*
763 1057 831 1108 qui
851 1056 963 1096 nunc*
978 1057 1030 1096 sis
1051 1056 1277 1095 meminisse
1297 1064 1339 1094 ut
1360 1055 1593 1094 memineris.

278 1128 351 1165 ΤΥ.
384 1126 466 1164 scio
486 1125 672 1175 equidem
693 1138 756 1162 me
777 1131 815 1161 te
836 1137 921 1162 esse
949 1136 1055 1160 nunc
1077 1129 1115 1160 et
1137 1129 1174 1160 te
1195 1135 1280 1159 esse
1301 1135 1374 1160 me.
1435 1122 1606 1158 PHILoc.

1230 1189 1293 1225 ern
1314 1186 1413 1224 istuc
1433 1185 1465 1224 si
1485 1192 1608 1236 potes.

279 1257 504 1297 memoriter
523 1255 761 1303 meminisse,
784 1255 885 1293 inest
905 1267 994 1305 spes
1015 1253 1130 1292 nobis
1150 1252 1191 1290 in
1211 1254 1285 1290 hac
1305 1251 1456 1290 astutia.
1631 1266 1700 1303 25ο

388 1371 574 1407 Hizolo
686 1369 1089 1404 PHILOCRATES
1200 1365 1506 1401 TYNDARvs

281 1454 361 1490 HE.
386 1453 471 1490 Iam
486 1464 558 1501 ego
575 1457 748 1488 reuortar
763 1448 876 1496 intro,
893 1448 924 1486 si
938 1462 984 1486 ex
999 1447 1060 1485 his
1074 1460 1175 1497 quae
1188 1447 1281 1484 uolo
1298 1444 1611 1495 exquisiuero.——

279 1517 348 1556 ubi
369 1524 459 1555 sunt
479 1516 541 1554 isti
562 1529 661 1566 quos
681 1522 772 1553 ante
793 1513 901 1552 aedis
923 1513 1017 1551 i‘ussi
1037 1514 1115 1551 huc
1136 1511 1300 1563 produci
1320 1512 1452 1549 foras?

281 1585 452 1621 PfflLoc.
485 1572 627 1630 edepol
659 1579 729 1618 tibi
759 1593 809 1618 ne
840 1579 880 1616 in
910 1577 1142 1629 quaestione
1166 1589 1340 1615 essemus
1370 1582 1529 1614 cautum
1558 1573 1612 1611 in-

1388 1631 1406 1633 *
1457 1641 1610 1689 tellego,

280 1713 334 1752 ita
355 1712 493 1751 uinclis
513 1711 783 1762 custodiisque
805 1709 1121 1750 circummoeniti
1142 1722 1286 1748 sumus.

282 1780 362 1816 HE.
395 1778 463 1828 qui
483 1785 596 1816 cauet
617 1791 667 1816 ne
688 1777 907 1827 decipiatur
927 1776 993 1815 uix
1013 1782 1127 1814 cauet
1149 1788 1270 1825 quom
1291 1773 1408 1811 etiam
1430 1778 1543 1810 cauet
1558 1785 1568 1818 ,-
1632 1781 1697 1820 255

281 1843 398 1882 etiam
419 1857 541 1893 quom
562 1843 713 1882 cauisse
735 1850 839 1881 ratus
862 1850 920 1881 est
941 1855 1057 1892 saepe
1078 1840 1109 1879 is
1131 1847 1267 1878 cautor
1287 1845 1424 1888 captus
1445 1844 1513 1875 est.

280 1923 331 1948 an
351 1923 445 1948 uero
466 1923 547 1947 non
567 1909 669 1947 iusta
690 1922 828 1948 caussa
852 1916 910 1947 est
931 1915 974 1945 ut
994 1920 1066 1945 uos
1089 1919 1242 1944 seruem
1268 1905 1417 1950 sedulo,

282 1988 381 2025 quos
402 1982 481 2012 tarn
502 1974 639 2024 grandi
660 1975 734 2013 sim
755 1981 949 2012 mercatus
970 1970 1166 2023 praesenti
1186 1968 1385 2020 pecunia?

283 2042 454 2079 PH1LOC.
487 2054 617 2090 neque
637 2041 704 2090 pol
724 2039 795 2078 tibi
816 2052 899 2085 nos,
924 2037 1016 2087 quia
1037 2049 1109 2075 nos
1130 2048 1272 2082 seruaS‚
1287 2040 1495 2084 aequomst
1515 2031 1612 2071 uitio

1446 2105 1610 2144 uortere,

326 2211 389 2240 237
414 2201 543 2231 suadeo
559 2199 717 2230 suadeam
738 2197 949 2228 Camerarius
1036 2205 1102 2233 240
1123 2193 1174 2224 vel
1186 2193 1243 2223 ted
1261 2197 1297 2222 ut
1311 2192 1362 2233 (ut
1377 2191 1459 2232 cod.)
1549 2200 1612 2229 243

261 2248 270 2258 “
284 2255 373 2275 nunc
390 2244 448 2275 del.
472 2243 586 2280 Bothe,
610 2242 663 2273 cui
684 2251 760 2272 esse
784 2244 873 2271 nunc
898 2238 961 2280 (vel
974 2237 1037 2269 ess'
1056 2237 1161 2277 nunc)
1179 2236 1316 2276 disph'cet
1425 2245 1489 2274 244
1513 2244 1612 2273 quom

284 2286 468 2319 Fleckeisen,
477 2285 558 2324 fort.
577 2288 652 2314 recte
771 2293 834 2323 249
859 2282 1014 2321 equidem
1031 2280 1142 2311 Luchs
1158 2279 1289 2319 (Herm.
1309 2280 1341 2316 6,
1360 2279 1451 2318 277):
1479 2277 1613 2317 quidem

285 2329 349 2361 cod.
443 2338 504 2367 253
530 2332 662 2358 cautum
681 2327 839 2365 intellego
853 2325 999 2366 Hegioni
1015 2324 1073 2354 dat
1087 2323 1132 2354 13³
1152 2323 1201 2364 (cf.
1220 2323 1340 2361 Journ.
1359 2321 1443 2353 Pln'l.
1464 2322 1516 2361 26,
1532 2321 1611 2360 289)

286 2384 350 2412 259
373 2376 549 2412 aequomst
566 2371 647 2402 uitio
665 2370 893 2402 Camerarius:
918 2378 1038 2409 equom
1055 2367 1177 2398 stulcio
1194 2366 1258 2397 cod.
