1742 2718
656 35 1033 74 CISTELLARIA
1437 35 1503 72 IV.
1525 34 1555 71 11

175 155 305 186 tecum
327 148 419 186 uolo
439 162 446 185 :
476 145 623 185 sociam
644 153 682 184 te
704 145 800 184 mihi
819 147 968 195 adopto
988 146 1039 183 ad
1061 158 1189 183 meam
1211 146 1386 183 salutem.

86 220 152 256 745
178 214 257 251 ΗΑ.
291 212 386 263 quid
407 212 507 251 istuc
534 210 666 262 negoti
693 213 783 250 est?
811 219 877 249 aut
894 210 980 261 quis
998 212 1068 249 es?
1099 213 1172 249 PH.
1205 224 1277 260 ego
1299 224 1384 249 sum
1406 210 1507 248 illius

1371 283 1504 321 mater,

173 355 274 392 quae
307 343 404 381 haec
437 341 644 392 gestitauit.
716 343 797 380 HA.
830 340 960 379 hicine
995 349 1035 379 tu
1066 353 1156 391 ergo
1191 340 1372 379 habitas?
1430 342 1502 377 PH.
1527 347 1568 378 80

1305 405 1504 444 hariolare.

225 473 294 511 sed
315 485 473 522 quaesQ
495 472 691 521 ambages,
715 470 864 516 mulier,
888 470 998 508 mitte
1018 479 1136 520 atque
1157 471 1232 508 hoc
1253 483 1332 520 age.

226 539 420 587 eloquere,
444 537 549 574 unde
570 538 668 574 haec
690 544 780 574 sunt
801 535 882 582 tibi,
907 535 995 582 cito,
1020 535 1244 586 crepundia.

228 604 307 640 HA.
341 615 429 640 mea
448 603 546 640 haec
567 601 668 639 erilis
688 600 886 651 gestitauit
907 600 994 638 filia.

86 676 154 712 750
227 668 297 704 LA.
330 666 515 713 mentiris,
539 679 630 704 nam
652 679 740 704 mea
760 665 968 716 gestitauit,
992 678 1072 703 non
1093 673 1169 703 tua.

228 733 301 771 PH.
334 745 383 770 ne
404 732 630 781 obloquere.
691 732 761 769 LA.
787 738 909 769 taceo.
962 732 1036 768 PH.
1061 730 1208 777 mulier,
1226 743 1343 780 perge
1364 730 1503 769 dicere.
1527 736 1543 766 8
1550 746 1566 777 5

226 796 294 834 ubi
315 809 360 834 ea
381 803 437 834 est
459 809 559 845 quae
573 795 813 845 'gestitauit?
870 797 951 833 HA.
984 795 1047 833 hic
1068 795 1106 832 in
1128 809 1329 845 proxumo.

228 862 301 898 PH.
334 860 419 899 istic
441 860 602 910 quidem
624 861 767 911 edepol
788 860 866 898 mei
887 859 959 898 uiri
979 859 1128 897 habitat
1148 873 1275 909 gener.

229 926 297 963 LA.
330 939 380 963 ne
400 926 616 975 obloquere
637 938 759 963 rusus.
821 927 894 962 PH.
927 938 1044 974 perge
1064 937 1179 974 porro
1199 924 1339 962 dicere.

86 999 151 1035 755
227 998 323 1040 quot
342 1003 467 1029 annos
489 998 580 1028 nata
600 989 770 1028 dicitur?
828 991 908 1028 HA.
942 989 1236 1040 septemdecim.

228 1056 302 1092 PH.
334 1069 422 1094 mea
442 1063 509 1093 est.
570 1057 640 1093 LA.
673 1063 755 1093 east
775 1070 782 1092 z
812 1053 871 1106 u<t
892 1053 1094 1106 numer>us
1115 1067 1307 1092 annorum
1328 1052 1466 1092 attulit.
1526 1066 1567 1098 90

228 1120 308 1157 HA.
341 1120 468 1170 quid?
498 1119 666 1172 qua<esti
686 1128 837 1170 partem
859 1118 1081 1171 dimid>iam
1102 1132 1248 1169 quaero
1268 1132 1407 1157 meam.

227 1186 297 1223 LA.
329 1193 369 1223 at
388 1184 470 1237 po<l
491 1199 574 1235 ego,
599 1185 786 1235 quoniam
810 1184 904 1235 tres>
924 1192 1025 1232 sunt,
1049 1198 1194 1234 quaero
1215 1184 1378 1223 tertiam.

227 1250 301 1287 PH.
334 1251 443 1299 quod
464 1250 743 1299 quaeritabam,
769 1250 888 1288 filiam
912 1249 1208 1289 inueni-meam.

85 1320 153 1362 760
227 1315 307 1351 HA.
338 1327 510 1363 aequom
531 1322 588 1352 est
607 1313 780 1366 (reponi)
799 1328 867 1364 per
888 1316 1007 1353 fidem
1029 1315 1137 1364 quod
1154 1313 1345 1353 creditum
1366 1321 1434 1361 est,

224 1391 274 1417 ne
294 1379 395 1417 bene
416 1378 580 1417 merenti
600 1379 649 1417 sit
669 1380 773 1417 malo
791 1379 1020 1429 benignitas.
1525 1389 1565 1421 95

225 1450 357 1481 nostra
376 1444 475 1481 haec
493 1445 654 1482 alumna
674 1452 745 1492 est,
767 1451 834 1482 tua
854 1445 1029 1493 profecto
1051 1443 1152 1482 filia:

225 1515 263 1546 et
283 1507 483 1547 redditura
502 1516 560 1547 est
580 1516 688 1547 tuam
709 1508 792 1555 tibi,
816 1516 855 1547 et
875 1522 921 1547 ea
939 1508 1061 1559 gratia

227 1573 348 1611 domo
368 1574 544 1623 profecta
563 1581 631 1612 est.
691 1580 865 1611 ceterum
887 1586 933 1611 ex
954 1573 1048 1622 ipsa,
1070 1586 1247 1624 opsecro,

86 1642 152 1684 765
227 1638 515 1688 exquaesitote:
546 1652 618 1688 ego
639 1652 752 1677 serua
772 1653 870 1678 sum.
932 1641 1006 1677 ΡΗ.
1038 1653 1208 1690 aequom
1229 1640 1414 1689 postulas.

227 1705 308 1741 HA.
340 1703 441 1742 illius
463 1703 536 1753 e'go
556 1703 681 1742 istanc
702 1717 787 1743 esse
811 1706 916 1743 malo
936 1704 1110 1755 gratiam.
1529 1713 1591 1735 100

225 1770 296 1807 sed
316 1768 440 1807 istanc
459 1769 649 1808 cistellam
670 1777 708 1808 te
728 1783 893 1820 opsecro
913 1779 955 1809 ut
976 1771 1117 1809 reddas
1138 1769 1244 1808 mihi.

227 1835 301 1871 PH.
325 1833 420 1883 quid
434 1834 486 1880 fit,
503 1834 724 1884 Lampadio
739 1836 756 1872 ?
804 1837 875 1873 LA.
900 1837 1008 1885 quod
1025 1843 1135 1873 tuom
1152 1843 1210 1873 est
1227 1843 1360 1873 teneas
1381 1841 1502 1873 tuom.

228 1899 302 1935 PH.
333 1905 373 1936 at
393 1911 456 1936 me
476 1897 591 1936 huius
612 1898 778 1936 miseret.
839 1901 909 1937 LA.
942 1899 997 1937 sic
1018 1899 1246 1938 faciundum
1267 1912 1412 1937 censeo
1429 1914 1436 1937 :

88 1978 157 2013 770
228 1963 278 2000 da
298 1962 360 2000 isti
380 1962 571 2001 cistellam
590 1971 627 2001 et
647 1963 749 2001 intro
768 1963 833 2002 abi
853 1977 944 2003 eum
964 1964 1060 2003 istac
1080 1966 1216 2002 semul.

221 2074 281 2104 745
305 2065 380 2104 quis
397 2070 448 2096 est
465 2065 529 2096 cod.
620 2075 682 2106 753
700 2067 749 2097 vel
761 2066 821 2097 Isti
889 2067 1060 2098 habitabat
1078 2066 1205 2098 Schoell
1261 2066 1506 2108 Lampadionis

176 2108 270 2138 verba
288 2109 336 2147 <in
353 2118 458 2147 gener
474 2109 652 2140 desinentia
665 2110 689 2148 ἒ)
708 2109 898 2140 intercidisse
914 2110 1010 2141 credit
1027 2110 1237 2142 Camerarius
1311 2113 1374 2150 756
1396 2111 1501 2151 suppl.

179 2151 408 2183 Camerarius:
439 2153 549 2183 uiuam
575 2163 607 2184 n.
635 2152 700 2183 Leo
837 2163 898 2192 757
920 2154 1025 2194 suppl.
1049 2154 1177 2185 Schoell
1307 2155 1370 2193 758
1393 2153 1501 2195 suppl.

176 2195 302 2225 Sclzoell
317 2207 323 2225 :
347 2199 380 2226 at
397 2194 473 2237 po<l
490 2206 565 2235 ego,
584 2206 684 2235 quom
701 2196 786 2226 duae
799 2196 944 2239 ad)sunt
961 2197 1084 2238 Ussing
1215 2199 1278 2238 760
1304 2208 1374 2237 rep.
1394 2198 1501 2238 suppl.

176 2236 242 2268 Leo
373 2240 434 2277 762
457 2239 590 2270 alumna
609 2239 703 2270 Valla
721 2251 728 2270 ε
753 2239 921 2271 calumnia
937 2240 1002 2271 cod.
1103 2245 1179 2281 post
1194 2241 1283 2271 hunc
1296 2252 1328 2272 v.
1346 2242 1503 2272 lacunam

176 2283 260 2322 sign.
288 2281 426 2321 Seyffert
573 2284 636 2322 766
659 2283 766 2314 istanc
791 2293 866 2314 esse
892 2283 1123 2314 Camerarius:
1157 2284 1255 2315 istam
1277 2294 1419 2315 necesse
1434 2283 1499 2315 cod.

178 2335 241 2364 770
264 2325 313 2355 vel
326 2326 368 2355 da
385 2326 459 2356 istie
