1814 2723
208 48 260 83 II.
284 47 329 83 iii
700 45 745 81 T.
780 44 961 83 MACCI
993 43 1197 80 PLAVTI

286 158 356 193 LA.
389 154 419 193 is
440 154 573 205 ipsust.
635 155 718 192 ME.
751 154 828 192 eho
849 160 901 200 tu,
926 165 1043 203 quam
1065 165 1136 191 uos
1156 151 1271 201 igitur
1291 151 1410 190 filiam

222 225 266 257 60
285 233 391 258 nunc
412 218 637 270 quaeritatis
657 220 818 257 alteram
835 219 851 255 ?
908 219 979 255 LA.
1012 230 1085 267 ego
1105 216 1259 255 deicam
1280 216 1351 255 tibi
1368 231 1374 254 :

284 299 365 323 non
387 299 434 324 ex
453 298 573 323 uxore
592 291 737 330 natam,
761 282 890 321 uxoris
911 281 1041 320 filiam.

286 352 369 388 ΜΕ.
402 349 498 400 quid
519 349 618 387 istuc
639 355 697 386 est
718 347 860 386 uerbi?
918 349 988 385 LA.
1021 346 1068 385 ex
1087 346 1214 397 priore
1236 345 1396 384 muliere
1630 347 1697 391 605

284 422 387 462 nata,
410 414 583 464 inquam,
606 427 697 451 meo
717 426 783 451 ero
803 420 861 450 est
883 411 971 449 filia.
1031 412 1115 449 ME.
1147 418 1251 449 certe
1271 411 1394 449 modo

285 480 411 527 huius,
435 493 535 530 quae
556 481 688 517 locuta
707 485 776 524 est,
800 490 984 527 quaerere
1005 475 1114 515 aibas
1134 475 1264 513 filiam.

223 547 263 586 65
286 546 357 582 LA.
390 544 505 582 huius
526 557 617 593 ergo
638 556 793 593 quaero.
855 544 938 580 ME.
971 555 1051 591 quo
1072 541 1194 578 modo
1214 539 1337 589 igitur,
1361 552 1535 590 opsecro,

286 611 383 647 haec
404 616 461 647 est
481 608 586 659 prior
605 621 707 658 quae
728 613 851 656 nupta
871 619 976 643 nunc
997 606 1084 643 est?
1141 606 1211 642 LA.
1244 603 1412 642 conteris

286 682 327 712 tu
348 682 414 712 tua
435 687 497 712 me
518 672 710 720 oratione,
729 671 880 718 mulier,
901 669 1077 720 quisquis
1098 684 1149 708 es.
1632 671 1702 705 610

286 739 579 778 medioxumam
602 751 719 788 quam
742 736 852 775 duxit
871 749 1044 782 uxorem,
1066 749 1113 773 ex
1134 748 1180 773 ea

287 812 377 842 nata
398 811 455 842 est
476 805 574 841 haec
594 802 704 852 uirgo
726 801 1021 840 Alcesimarcho
1042 814 1143 850 quae
1163 801 1287 838 datur.

224 881 267 915 70
288 883 333 907 ea
353 869 449 907 uxor
469 868 575 906 diem
597 867 705 905 obiit.
764 866 840 904 iam
862 865 966 904 scis?
1023 867 1108 904 ME.
1139 873 1256 904 teneo
1277 864 1377 903 istuc
1397 863 1498 903 satis.

286 935 357 972 sed
377 947 449 984 ego
470 933 567 971 illud
588 945 735 982 quaero
755 933 1042 981 confragosum,
1065 944 1145 980 quo
1165 931 1287 968 modo

286 999 389 1049 prior
409 998 600 1049 posterior
621 997 668 1036 sit
689 1004 727 1036 et
747 996 939 1047 posterior
958 996 1007 1034 sit
1027 995 1159 1046 prior?
1632 997 1700 1042 615

288 1066 359 1101 LA.
391 1063 497 1114 prius
518 1064 620 1100 hanc
641 1061 872 1112 compressit
893 1074 1012 1111 quam
1033 1074 1194 1099 uxorem
1215 1059 1325 1099 duxit
1345 1061 1521 1106 domum,

288 1129 384 1179 priu’
404 1127 566 1179 grauida
586 1129 688 1165 facta
709 1134 767 1165 est
788 1125 964 1176 priu'que
985 1125 1135 1176 peperit
1156 1124 1276 1163 filiam
1295 1140 1304 1172 3

228 1206 266 1240 75
288 1208 375 1232 eam
396 1193 607 1244 postquam
627 1191 789 1243 peperit,
813 1191 923 1229 iussit
943 1205 1104 1241 paruam
1126 1189 1247 1241 proici
1264 1205 1270 1228 ε

288 1273 361 1309 ego
382 1273 470 1297 eam
490 1257 647 1308 proieci.
708 1256 784 1294 alia
805 1256 943 1295 mulier
964 1255 1129 1294 sustulit.

288 1338 360 1375 ego
381 1322 609 1374 inspectaui.
669 1324 756 1360 erus
777 1323 880 1360 hanc
900 1321 1010 1360 duxit
1030 1320 1186 1372 postibi.
1634 1323 1705 1358 620

288 1404 374 1429 eam
396 1390 502 1428 minc
521 1390 693 1440 puellam
715 1388 834 1427 filiam
856 1388 953 1427 eiius
973 1388 1207 1439 quaerimus.

288 1455 384 1506 quid
404 1468 511 1493 nunc
532 1454 672 1504 supina
693 1467 828 1492 susum
850 1455 1001 1492 caelum
1024 1453 1248 1504 conspicis?

228 1527 267 1556 80
290 1523 373 1559 ΜΕ.
406 1519 417 1558 i
438 1519 623 1558 nunciam
645 1519 745 1557 istuc
767 1532 846 1569 quo
867 1519 1115 1569 properabas,
1138 1518 1193 1557 nil
1214 1531 1354 1558 moror.

288 1599 395 1623 nunc
415 1583 610 1623 intellexi:
658 1585 729 1622 LA.
761 1583 823 1622 dis
843 1584 974 1622 hercle
995 1584 1125 1622 habeo
1144 1583 1317 1634 gratiam,

289 1665 380 1689 nam
401 1650 442 1688 ni
463 1650 676 1696 intellexes,
702 1663 931 1700 numquam,
955 1650 1085 1696 credo,
1107 1649 1372 1688 amitteres.-—
1635 1650 1703 1694 625

291 1717 374 1753 ME.
406 1728 512 1753 nunc
533 1714 630 1752 mihi
652 1715 780 1753 bonae
801 1722 1003 1753 necessust
1024 1728 1108 1753 esse
1129 1713 1311 1764 ingratiis,

289 1793 531 1830 quamquam
552 1792 636 1818 esse
658 1781 762 1818 nolo.
823 1793 905 1818 rem
926 1781 1056 1830 palam
1077 1793 1161 1818 esse
1181 1771 1388 1829 intellego:

230 1849 268 1889 85
289 1859 395 1883 nunc
415 1851 570 1895 egomet
591 1844 721 1894 potius
743 1845 846 1883 hanc
865 1843 976 1883 inibo
996 1844 1157 1895 gratiam

289 1911 339 1948 ab
360 1909 433 1947 illis
454 1923 572 1959 quam
595 1909 707 1948 illaec
729 1923 793 1948 me
813 1909 971 1948 indicet.
1030 1909 1098 1948 ibo
1118 1910 1293 1954 domum,

288 1982 407 2025 atque
426 1975 477 2012 ad
498 1982 679 2024 parentes
701 1975 917 2014 redducam
938 1973 1204 2013 Selenium.—-
1636 1976 1706 2020 630

332 2080 395 2109 602
419 2078 469 2109 vel
482 2078 574 2118 ipsus
596 2078 676 2119 [est]
769 2080 833 2117 605
858 2078 971 2109 uerbis
987 2077 1051 2109 cod.
1168 2077 1233 2107 606
1258 2076 1325 2107 filia
1342 2080 1393 2107 est
1409 2073 1619 2106 Camerarius

290 2126 383 2153 certe
406 2121 638 2153 Camerarius:
671 2126 764 2153 certo
787 2121 851 2152 cod.
869 2125 980 2152 contra
999 2132 1124 2152 morem
1140 2120 1340 2150 Plautinum
1464 2120 1529 2149 608
1555 2128 1619 2156 ego

289 2165 355 2196 cod.
376 2169 412 2195 ut
426 2165 490 2196 vid.
613 2167 678 2205 615
703 2171 737 2196 et
764 2165 821 2196 del.
850 2163 981 2195 Merula
1098 2166 1163 2203 619
1185 2164 1298 2193 aliena
1321 2162 1447 2194 Schoell
1553 2163 1619 2191 620

268 2248 277 2257 x
291 2209 385 2240 duxit
411 2219 491 2239 erus
516 2209 603 2240 hanc
629 2209 758 2240 Schoell
859 2209 922 2247 623
948 2208 988 2239 Ei
1005 2207 1069 2239 cod.
1091 2207 1241 2249 (antiqua
1247 2207 1382 2248 forma)
1484 2206 1549 2236 626
1571 2203 1622 2235 vel

291 2257 504 2284 necessumst
638 2255 704 2292 630
726 2253 852 2283 reduco
869 2251 901 2282 Β

998 2295 1021 2305 ι
