1742 2718
630 63 987 103 MENAECHMI
1421 60 1467 96 V.
1491 59 1522 95 ii

150 182 232 219 MA.
264 186 383 229 atque
413 176 467 215 ibi
496 183 615 227 potat.
675 176 739 213 SE.
773 182 839 212 tua
868 172 1030 223 quidem
1060 171 1124 210 ille
1153 183 1291 208 caussa
1323 167 1477 219 potabit

1334 233 1475 280 minus,

151 311 182 348 si
202 310 279 348 illic
301 310 383 348 siue
403 306 496 346 alibi
512 305 663 344 lubebit
680 307 696 343 ?
726 303 826 354 quae
841 305 950 350 haec,
974 303 1132 348 malum,
1157 298 1456 350 inpudentiast?

151 389 230 413 una
249 387 368 424 opera
387 371 595 423 prohibere
616 371 667 409 ad
687 383 827 408 cenam
848 377 901 406 ne'
920 366 1121 418 promittat
1142 366 1316 416 postules

65 449 130 485 795
152 453 229 477 neu
249 450 489 488 quemquam
509 434 676 484 accipiat
696 433 868 472 alienum
889 433 995 482 apud
1016 444 1066 469 se.
1127 428 1289 468 seruirin
1309 427 1381 466 tibi
1499 440 1541 472 45

152 504 325 553 postulas
345 502 478 540 uiros?
507 501 600 538 dare
621 513 699 537 una
720 500 839 548 <Spera
862 510 1029 548 pensum
1049 496 1236 546 postules,

153 568 251 605 inter
270 566 430 604 ancillas
451 566 587 603 sedere
609 564 755 609 iubeas,
781 564 912 601 lanam
935 574 1075 600 carere.

157 634 241 669 MA.
272 644 352 669 non
380 629 565 680 equidem
595 628 691 666 mihi
721 635 760 666 te
791 628 1041 672 aduocatum,
1072 632 1191 674 pater,
1223 621 1382 670 adduxi,
1414 622 1483 660 sed

1386 686 1481 723 uiro.

156 763 250 801 hinc
270 770 358 809 stas,
381 762 476 800 illim
497 774 677 800 caussam
697 759 807 799 dicis.
867 759 930 797 SE.
964 756 995 795 si
1015 755 1079 794 ille
1099 753 1195 804 quid
1216 750 1434 801 deliquerit,

69 831 140 864 800
159 829 283 866 multo
303 835 411 865 tanta
431 827 541 864 illum
561 819 758 864 accusabo
780 837 899 874 quam
922 830 959 861 te
980 819 1162 860 accusaui
1182 817 1361 868 amplius.
1507 828 1551 859 50

157 895 318 944 quando
339 901 377 932 te
396 901 572 932 auratam
592 900 631 931 et
652 891 834 930 uestitam
854 890 958 928 bene
979 887 1108 933 habet,
1131 884 1303 930 ancillas,
1326 894 1474 933 penum

157 966 261 997 recte
281 958 494 1009 praehibet,
518 957 658 997 melius
679 970 816 995 sanam
837 962 906 1001 est,
930 952 1080 998 mulier,
1099 957 1272 988 mentem
1294 960 1458 986 sumere.

161 1026 243 1062 MA.
275 1031 315 1062 at
335 1024 398 1063 ille
419 1024 588 1074 suppilat
609 1022 706 1061 mihi
725 1034 864 1060 aurum
886 1027 924 1057 et
944 1019 1066 1068 pallas
1088 1030 1135 1054 ex
1154 1014 1252 1053 arcis
1273 1014 1406 1059 domo,

160 1102 224 1126 me
243 1089 452 1139 despoliat,
472 1102 560 1126 mea
580 1094 813 1126 ornamenta
832 1086 934 1123 clam
954 1084 1005 1121 ad
1026 1079 1248 1120 meretrices
1269 1077 1428 1128 degerit.

74 1160 140 1203 805
161 1156 225 1192 SE.
258 1155 359 1192 male
380 1153 482 1201 facit,
505 1153 537 1191 si
557 1153 657 1191 istuc
677 1151 769 1190 facit
787 1165 798 1198 3
825 1149 858 1188 si
878 1162 959 1187 non
979 1146 1082 1193 facit,
1104 1153 1146 1183 tu
1167 1145 1269 1182 male
1289 1142 1384 1181 facis
1513 1154 1552 1186 55

161 1232 263 1269 quae
301 1219 499 1258 insontem
538 1218 752 1257 insimules.
827 1216 911 1252 MA.
957 1212 1052 1262 quin
1085 1210 1203 1249 etiam
1234 1221 1341 1246 nunc
1372 1207 1492 1245 habet

1192 1275 1347 1325 pallam,
1370 1280 1491 1323 pater,

163 1348 239 1402 (et)
272 1350 429 1400 spinter,
462 1349 572 1399 quod
602 1348 654 1386 ad
684 1348 788 1385 hanc
822 1345 1026 1390 detulerat,
1061 1353 1176 1386 nunc,
1212 1338 1304 1389 quia
1342 1336 1493 1383 resciui,

1368 1403 1493 1440 refert.

166 1483 230 1519 SE.
262 1481 340 1518 iam
361 1493 435 1530 ego
455 1493 502 1518 ex
521 1480 609 1526 hoc,
632 1484 675 1516 ut
695 1478 891 1523 factumst,
914 1473 1035 1512 scibo.
1099 1468 1202 1523 (ibo)
1220 1470 1271 1508 ad
1291 1467 1496 1523 bominem

1116 1544 1236 1585 atque
1255 1532 1494 1587 <ad>loquar.

167 1611 232 1650 dic
253 1611 349 1649 mihi
369 1610 480 1657 istuc,
504 1609 782 1654 Menaechme,
805 1606 914 1656 quod
935 1617 1007 1643 uos
1027 1600 1254 1647 dissertatis,
1272 1606 1315 1637 ut
1335 1597 1468 1636 sciam.

81 1683 150 1717 810
168 1677 266 1727 quid
286 1685 328 1715 tu
348 1675 465 1714 tristis
487 1677 558 1713 es?
590 1672 687 1723 quid
708 1671 773 1709 illa
791 1679 925 1709 autem
945 1670 1042 1707 irata
1060 1679 1131 1718 aps
1151 1673 1190 1704 te
1209 1662 1390 1703 destitit?
1516 1664 1558 1695 60

172 1745 287 1781 ΜΕΝ.
319 1740 498 1792 quisquis
517 1753 570 1787 es,
585 1738 782 1790 quidquid
802 1736 874 1775 tibi
894 1748 1041 1774 nomen
1062 1739 1131 1780 est,
1149 1744 1278 1776 senex,
1297 1739 1497 1767 summum

1359 1795 1500 1832 Iouem

217 1922 280 1952 793
302 1912 330 1942 si
347 1910 471 1941 Bothe:
495 1910 568 1941 siue
584 1908 649 1940 cod.
671 1908 708 1949 (i.
726 1908 763 1947 9)
854 1906 904 1937 vel
921 1905 969 1936 illi
1104 1910 1166 1942 795
1190 1910 1228 1931 se
1249 1897 1443 1930 Acidalius:
1469 1900 1502 1927 te

172 1956 238 1988 cod·
346 1964 406 1994 797
432 1964 550 1985 carere
569 1952 675 1983 Varro
693 1951 731 1982 de
747 1951 786 1981 L.
803 1949 843 1981 L.
866 1960 894 1989 7,
915 1959 979 1988 54:
1004 1956 1144 1986 carpere
1160 1944 1226 1975 cod.
1334 1941 1397 1981 798
1420 1939 1502 1970 mihi

172 2005 207 2031 te
222 1999 269 2030 Β2
285 2011 292 2030 :
316 1998 418 2029 mittit
433 1997 498 2029 cod.
662 1996 726 2026 800
749 1999 843 2026 tanto
860 1993 935 2024 Ital.
955 1990 1028 2033 (sed
1040 1990 1077 2030 cf.
1098 1987 1145 2020 ad
1154 1999 1184 2020 v.
1200 1986 1281 2027 680)
1438 1984 1499 2013 801

173 2043 313 2075 ancillas
329 2051 455 2083 penum
470 2041 546 2072 Ital.
566 2052 573 2071 ε
596 2038 808 2079 anpillaspen
826 2036 892 2069 cod.
1004 2035 1069 2066 802
1092 2041 1243 2064 samnam
1259 2028 1326 2061 cod.
1437 2028 1503 2065 803

174 2088 296 2128 pallam
313 2085 361 2117 Β2
449 2086 551 2116 domo
569 2082 765 2114 Gulielmius
779 2093 787 2113 z
808 2081 909 2111 modo
925 2078 991 2110 cod.
1122 2076 1188 2114 804
1206 2075 1292 2106 clam
1307 2070 1481 2102 Acidalms
1497 2081 1504 2100 :

175 2132 257 2162 tiam
281 2135 318 2161 ut
333 2129 395 2161 vid.
415 2129 481 2160 cod.
592 2129 673 2158 tiam
691 2126 777 2170 [me]
794 2125 837 2156 ad
853 2135 916 2155 me.
938 2121 1012 2153 PCD
1193 2120 1256 2157 807
1281 2121 1316 2148 et
1331 2114 1408 2147 add.
1428 2112 1502 2145 Ital.

174 2175 239 2206 808
262 2175 336 2205 sibo
360 2173 425 2205 cod.
445 2175 538 2214 (corr.
564 2171 626 2211 3²)
647 2176 694 2209 (v.
714 2170 754 2209 9)
866 2168 922 2198 ibo
946 2165 1021 2196 add.
1048 2163 1260 2195 Camerarius
1358 2159 1504 2197 adquem

177 2220 294 2258 (atque
310 2217 375 2260 132)
389 2219 508 2257 loquax·
519 2216 584 2247 cod.
603 2227 610 2246 :
635 2225 712 2246 corr.
731 2212 918 2243 Saracenus
1005 2209 1072 2248 809
1086 2207 1167 2247 quid
1179 2205 1338 2236 Boxhorn
1439 2201 1506 2231 810

175 2262 267 2293 illam
286 2262 319 2292 B
415 2261 533 2292 iratam
551 2259 616 2290 cod.
719 2256 848 2288 destitit
870 2254 1010 2285 Dousa:
1041 2251 1186 2283 destitus
1208 2252 1245 2281 ut
1261 2247 1325 2280 vid.
1345 2245 1410 2278 cod.
1431 2244 1504 2286 (de-

177 2306 288 2337 stituis
303 2305 346 2346 Β,
366 2304 544 2336 dedistitus
559 2302 649 2344 PCD)
