1794 2728
222 93 251 129 Ι.
273 92 318 128 iii
698 93 743 130 T.
778 91 958 130 MACCI
991 92 1194 129 PLAVTI

215 216 251 247 25
273 203 342 241 CL.
375 216 456 241 non
491 209 531 241 tu
564 202 668 241 scis?
707 215 807 251 quae
841 200 989 238 amanti
1023 208 1169 251 parcet,
1198 203 1336 240 eadem
1368 201 1441 241 sibi
1471 209 1603 252 parcet

1449 280 1599 316 parum.

271 332 382 383 quasi
403 332 520 384 piscis
542 333 715 372 itidemst
736 339 887 370 amator
908 333 1043 370 lenae:
1074 345 1245 382 nequam
1267 339 1325 370 est
1347 332 1421 370 nisi
1441 346 1577 371 recens
1593 348 1602 381 ;

271 397 302 436 is
323 398 443 436 habet
463 411 612 444 sucum,
636 397 667 435 is
689 396 935 442 suauitatem,
959 410 1048 434 eum
1071 396 1212 445 quouis
1233 404 1350 446 pacto
1371 396 1533 435 condias

271 464 334 501 uel
355 462 590 512 patinarium
612 463 674 500 uel
695 474 982 508 assum,uorses
1004 474 1084 510 quo
1104 468 1221 510 pacto
1241 461 1373 499 lubet:
1626 464 1690 497 180

272 526 303 564 is
325 527 417 565 dare
438 528 531 573 uolt,
557 526 587 564 is
609 540 649 564 se
670 525 818 574 aliquid
840 524 961 575 posci,
986 538 1077 562 nam
1098 524 1153 562 ibi
1174 526 1223 562 de
1251 526 1369 575 pleno
1389 524 1581 574 promitur
1593 540 1603 573 3

210 607 252 638 30
271 604 401 640 neque
422 590 486 629 ille
507 590 579 628 scit
600 589 695 640 quid
717 591 794 636 det,
818 589 914 638 quid
936 588 1071 627 damni
1092 588 1230 627 faciat:
1262 588 1315 626 illi
1332 588 1385 626 rei
1406 590 1546 628 studet.

271 657 354 693 uolt
374 657 528 704 placere
549 669 634 693 sese
654 654 814 701 amicae,
839 656 922 692 uolt
944 654 1050 701 mihi,
1074 655 1157 692 uolt
1178 653 1429 704 pedisequae,

270 722 353 759 uolt
375 721 539 767 famulis,
563 722 646 758 uolt
666 720 785 759 etiam
805 720 956 758 ancillis
972 734 981 767 3
1011 727 1048 758 et
1069 733 1229 769 quoque
1250 721 1380 758 catulo
1401 733 1491 759 meo

270 784 546 823 subblanditur
566 799 693 824 nouos
714 793 876 832 amator,
899 799 940 823 se
960 792 1002 822 ut
1024 798 1146 834 quom
1166 784 1299 822 uideat
1319 786 1499 834 gaudeat.
1626 794 1688 836 185

269 865 361 889 uera
400 850 513 890 dico:
558 853 609 889 ad
648 864 761 890 suom
797 864 995 901 quemque
1029 850 1234 888 hominem
1273 857 1480 900 quaestum
1519 865 1604 889 esse

1175 923 1383 966 aequomst
1403 916 1600 954 callidum.

209 995 247 1025 35
268 983 373 1020 ARG.
406 981 597 1032 perdidici
619 981 738 1020 istaec
760 995 845 1020 esse
866 995 958 1019 uera
978 982 1127 1019 damno
1148 994 1238 1019 cum
1260 995 1403 1031 magno
1424 995 1524 1020 meo.

269 1048 339 1086 CL.
371 1045 402 1084 si
423 1054 575 1085 ecastor
594 1060 700 1084 nunc
720 1047 867 1084 habeas
888 1047 997 1096 quod
1019 1047 1100 1093 des,
1117 1045 1193 1083 alia
1208 1046 1329 1084 uerba
1349 1046 1577 1096 praehibeas
1593 1061 1603 1094 ,-

268 1125 375 1150 nunc
395 1111 488 1162 quia
508 1111 605 1149 nihil
626 1111 760 1158 habes,
783 1110 1002 1149 maledictis
1024 1118 1062 1148 te
1082 1124 1169 1148 eam
1191 1112 1352 1149 ductare
1372 1113 1556 1161 postulas.

268 1178 373 1215 ARG.
406 1191 487 1215 non
508 1190 642 1215 meum
663 1183 731 1214 est.
792 1177 860 1216 CL.
894 1189 968 1214 nec
989 1189 1122 1214 meum
1143 1175 1305 1226 quidem
1326 1177 1469 1226 edepol
1492 1177 1542 1215 ad
1563 1183 1601 1214 te
1624 1187 1690 1221 190

1221 1249 1264 1279 ut
1285 1241 1437 1279 mittam
1457 1241 1598 1291 gratiis.

269 1321 406 1346 uerum
426 1307 565 1346 aetatis
585 1314 704 1357 atque
725 1306 885 1345 honoris
905 1305 1028 1356 gratia
1048 1307 1125 1345 hoc
1145 1307 1211 1345 fiet
1231 1305 1298 1353 tui,

208 1389 248 1418 40
268 1372 361 1423 quia
381 1372 496 1412 nobis
517 1374 626 1411 lucro
646 1371 751 1410 fuisti
772 1371 902 1422 potius
923 1385 1043 1421 quam
1064 1371 1197 1410 decori
1217 1370 1312 1410 tibi:

268 1437 299 1476 si
319 1438 416 1476 mihi
437 1439 580 1477 dantur
600 1439 680 1476 duo
701 1438 848 1475 talenta
867 1435 1016 1486 argenti
1037 1443 1242 1474 numerata
1260 1435 1301 1473 in
1321 1449 1494 1483 manum,

267 1505 369 1542 hanc
390 1503 461 1542 tibi
481 1510 640 1542 noctem
661 1502 821 1540 honoris
844 1515 981 1540 caussa
1000 1500 1130 1551 gratiis
1151 1502 1259 1539 dono
1280 1501 1395 1540 dabo.
1601 1550 1603 1553 .

267 1570 372 1607 ARG.
405 1568 501 1619 quid
529 1568 560 1606 si
587 1582 668 1607 non
689 1569 776 1606 est?
833 1569 904 1607 CL.
937 1566 1007 1605 tibi
1034 1580 1115 1605 non
1140 1579 1225 1605 esse
1246 1567 1415 1614 credam,
1438 1566 1504 1605 illa
1523 1566 1600 1605 alio
1622 1577 1684 1613 195

1043 1617 1055 1627 l
1362 1631 1434 1670 ibit
1454 1639 1596 1670 tamen.

267 1701 371 1738 ARG.
405 1698 473 1738 ubi
502 1698 614 1737 illaec
644 1712 745 1749 quae
775 1697 868 1737 dedi
897 1699 1019 1736 ante?
1076 1698 1146 1736 CL.
1178 1697 1311 1736 abusa.
1371 1710 1463 1734 nam
1492 1696 1524 1735 si
1554 1710 1600 1735 ea

1284 1763 1469 1801 durarent
1489 1761 1597 1809 mihi,

207 1842 246 1875 45
269 1829 406 1868 mulier
427 1829 644 1869 mitteretur
663 1831 714 1868 ad
736 1837 784 1876 te,
808 1842 1026 1879 numquam
1049 1828 1262 1878 quicquam
1284 1841 1496 1878 poscerem.

268 1894 386 1941 diem,
403 1908 557 1945 aquam,
577 1896 712 1942 solem,
731 1897 876 1941 lunam,
896 1901 1067 1940 noctem,
1085 1892 1182 1931 haec
1202 1899 1364 1943 argento
1383 1906 1464 1931 non
1485 1905 1575 1930 emo
1591 1907 1598 1929 ε

269 1966 398 1997 cetera
418 1973 519 2009 quae
540 1961 723 1998 uolumus
745 1960 801 1998 uti
824 1962 976 1999 Graeca
995 1972 1215 1997 mercamur
1235 1959 1323 1996 fide.

268 2037 389 2074 quom
409 2038 432 2062 a
451 2025 597 2074 pistore
617 2039 761 2075 panem
782 2025 965 2076 petimus,
988 2024 1126 2062 uinum
1147 2037 1194 2062 ex
1214 2022 1435 2072 oenopolio,
1619 2035 1687 2059 200

267 2088 299 2127 si
318 2103 384 2128 aes
405 2090 563 2137 habent,
587 2092 683 2129 dant
704 2105 875 2129 mercem
893 2105 900 2128 z
930 2091 1071 2128 eadem
1092 2102 1165 2127 nos
1186 2088 1421 2138 discipulina
1439 2087 1594 2126 utimur.

313 2193 370 2222 181
398 2193 441 2223 ibi
466 2194 566 2225 Ital.:
606 2194 661 2224 ubi
679 2193 747 2225 cod.
905 2195 963 2232 184
989 2198 1022 2224 et
1045 2202 1179 2232 quoque
1201 2194 1382 2232 suspectum
1539 2192 1598 2221 188

240 2238 249 2248 χ
267 2237 468 2276 praehibeas
486 2237 555 2267 cod.
570 2240 607 2267 ut
625 2237 692 2268 vid.
716 2237 816 2274 (unde
834 2237 1016 2277 perhibeas
1032 2236 1109 2276 BD,
1129 2235 1310 2275 prohibeas
1327 2234 1400 2274 PE)
1538 2245 1596 2273 197

269 2280 467 2321 numquam]
496 2291 558 2311 nec
589 2285 622 2311 te
650 2281 740 2311 codd.
766 2280 869 2311 Nonii
892 2281 933 2320 76
970 2304 992 2314 l
1089 2289 1151 2319 199
1175 2282 1290 2309 cetera
1307 2277 1449 2317 (adverb.
1469 2280 1505 2307 ut
1519 2287 1596 2317 qua,

268 2325 343 2364 ea3)
362 2326 568 2364 suspectum:
596 2328 747 2354 ceterum
769 2323 836 2354 Leo
890 2324 976 2364 fort.
997 2325 1112 2355 cetera
1128 2333 1158 2362 q.
1180 2322 1249 2353 uol.
1266 2319 1420 2364 <nos)u.
