1742 2718
672 80 942 118 ASINARIA
1421 79 1470 114 ll.
1493 77 1521 113 ii

149 198 279 235 nudus
300 195 454 233 uinctus
475 200 635 232 centum
658 192 794 241 pondo
815 203 868 236 eS,
886 189 1049 238 quando
1070 189 1220 238 pendes
1242 202 1308 237 per
1330 190 1460 237 pedes.
1500 201 1539 230 35

150 263 209 299 L1.
243 260 323 310 quo
343 265 576 309 argumento
598 257 726 294 istuc?
785 256 854 292 LE.
888 267 961 303 ego
981 253 1124 299 dicam,
1147 253 1228 302 quo
1248 260 1478 302 argumento

1184 324 1222 355 et
1243 331 1322 366 quo
1344 318 1475 355 modo.

146 392 196 429 ad
218 391 339 440 pedes
360 389 521 438 quando
542 386 795 436 adligatumst
815 397 985 433 aequom
1008 382 1380 431 centumpondium,

147 455 214 493 ubi
251 468 389 492 manus
425 452 604 491 manicae
643 451 872 500 complexae
907 456 998 487 sunt
1037 455 1156 498 atque
1194 448 1390 485 adductae
1429 448 1477 485 ad

1317 512 1478 557 trabem,

62 601 127 638 305
150 598 222 623 nec
243 585 445 634 dependes
466 596 540 621 nec
561 578 938 632 propendesmquin
961 579 1087 616 malus
1108 590 1360 626 nequamque
1382 576 1442 614 sis

152 652 209 687 L1.
243 663 316 687 uae
336 649 407 687 tibi
426 651 432 686 ἒ
491 650 561 685 LE.
594 648 670 685 hoc
692 652 929 684 testamento
952 643 1126 682 Seruitus
1146 644 1247 693 legat
1270 641 1350 680 tibi.
1501 659 1543 690 40

152 717 210 753 L1.
244 712 625 752 uerbiuelitationem
647 710 728 749 fieri
749 708 962 759 compendi
985 709 1087 746 uolo.

151 779 247 831 quid
271 779 370 817 istuc
391 785 449 817 est
471 776 633 826 negoti?
688 778 758 813 LE.
792 781 941 813 certum
964 780 1022 812 est
1043 773 1211 811 credere.
1274 774 1333 809 L1.
1366 772 1481 808 auda-

1119 844 1210 875 cter.
1277 839 1347 874 LE.
1381 836 1483 882 licet,

151 910 202 948 sis
223 908 370 948 amanti
392 907 603 947 subuenire
626 905 803 944 familiari
825 904 906 942 filio
924 919 931 942 2

64 991 132 1025 310
152 982 304 1013 tanturn
324 975 436 1012 adest
457 971 552 1011 boni
574 970 788 1021 inprouiso,
811 982 948 1007 uerum
970 967 1227 1008 commixtum
1250 968 1377 1005 malo:

151 1053 290 1080 omnes
310 1040 360 1078 de
382 1037 497 1076 nobis
519 1037 763 1075 carnuficum
784 1034 1166 1073 concelebrabuntur
1187 1033 1282 1071 dies.
1505 1048 1547 1081 45

153 1105 315 1152 Libane,
338 1117 444 1142 nunc
465 1101 633 1141 audacia
653 1107 764 1138 usust
784 1099 900 1138 nobis
921 1098 1084 1136 inuenta
1103 1105 1142 1136 et
1161 1097 1273 1136 dolis.

152 1178 305 1209 tanturn
326 1168 476 1207 facinus
498 1168 620 1206 modo
642 1165 777 1204 inueni
799 1178 884 1214 ego,
908 1171 950 1201 ut
970 1177 1042 1201 nos
1063 1162 1241 1201 dicamur
1259 1163 1342 1201 duo

153 1235 332 1275 omnium
353 1232 587 1284 dignissumi
608 1245 694 1271 esse
715 1244 796 1281 quo
817 1229 1011 1268 cruciatus
1031 1230 1244 1267 confluant.

67 1315 132 1351 315
157 1304 215 1340 L1.
248 1314 339 1351 ergo
360 1299 528 1337 mirabar
550 1298 660 1347 quod
682 1297 835 1335 dudum
859 1295 1042 1344 scapulae
1063 1293 1259 1344 gestibant
1280 1292 1386 1339 mihi,

155 1365 335 1405 hariolari
356 1377 457 1415 quae
479 1369 720 1413 occeperunt
742 1360 817 1399 sibi
839 1374 925 1399 esse
945 1359 985 1397 in
1007 1360 1158 1397 mundo
1179 1360 1336 1396 malum.
1508 1373 1549 1404 50

155 1430 351 1482 quidquid
371 1436 440 1476 est,
464 1430 659 1478 eloquere.
721 1428 792 1464 LE.
826 1438 968 1476 magna
989 1431 1047 1462 est
1068 1425 1213 1474 praeda
1233 1437 1323 1462 cum
1346 1437 1489 1472 magno

1370 1490 1486 1527 malo.

158 1564 217 1601 L1.
250 1562 281 1600 si
302 1561 463 1612 quidem
485 1573 624 1599 omnes
646 1557 839 1597 coniurati
862 1556 1130 1596 cruciamenta
1151 1557 1364 1601 conferant,

157 1629 286 1667 habeo
307 1627 448 1677 opinor
469 1625 925 1673 familiarem—tergum,
950 1636 1000 1661 ne
1021 1635 1209 1672 quaeram
1230 1620 1334 1659 foris.

70 1708 138 1743 320
158 1695 228 1731 LE.
261 1692 292 1730 si
313 1692 427 1730 istam
448 1689 731 1729 firmitudinem
752 1687 875 1726 animi
895 1687 1062 1738 optines,
1086 1686 1183 1725 salui
1203 1699 1351 1725 sumus.

158 1760 218 1796 L1.
251 1757 347 1807 quin
368 1756 399 1795 si
421 1764 529 1806 tergo
549 1769 609 1793 res
631 1755 824 1793 soluenda
845 1760 914 1800 est,
939 1766 1074 1802 rapere
1093 1751 1212 1801 cupio
1232 1751 1462 1802 publicum:
1510 1758 1550 1790 55

158 1822 382 1872 pernegabo
401 1829 521 1871 atque
541 1820 761 1866 obdurabo,
785 1817 986 1869 peiierabo
1007 1816 1191 1867 denique.
1409 1819 1411 1824 ’

159 1889 229 1926 LE.
267 1887 330 1926 em
364 1886 484 1925 istaec
518 1885 642 1924 uirtus
681 1892 749 1931 est,
786 1884 949 1934 quando
980 1890 1091 1921 usust
1129 1882 1197 1932 qui
1236 1884 1384 1921 malum
1419 1884 1491 1920 fert

1317 1947 1466 1986 fortiter
1481 1963 1490 1995 3

202 2034 267 2065 305
292 2034 355 2054 nec
379 2023 545 2063 dependis
570 2033 633 2053 nec
660 2021 847 2061 propendis
871 2020 936 2052 cod.
1094 2021 1159 2058 306
1182 2019 1264 2059 hoc]
1292 2019 1375 2049 istoc
1404 2018 1490 2058 (mc)

159 2068 245 2099 Brix
330 2077 392 2106 307
410 2067 525 2097 uerbis
535 2066 768 2097 uelitationem
779 2064 861 2102 cod.,
874 2065 947 2095 item
961 2063 1092 2102 Nom'ig
1105 2063 1138 2103 fi·
1151 2062 1188 2103 9)
1278 2064 1343 2101 308
1361 2062 1489 2101 negotii

160 2116 235 2142 est:
259 2122 335 2142 corr.
359 2110 494 2141 Guietus
619 2119 683 2148 313
708 2107 826 2149 modo]
844 2108 946 2138 hodie
965 2107 1107 2138 llffueller
1208 2117 1272 2146 ego
1290 2106 1356 2137 inu.
1376 2105 1487 2135 Bothe.

160 2155 298 2195 displicet
312 2155 351 2185 iis
366 2154 476 2185 hiatus
492 2154 592 2185 modo
614 2154 619 2195 Ι
640 2153 686 2183 in.
837 2153 903 2189 316
925 2161 1001 2181 esse
1026 2151 1089 2181 sibi
1106 2149 1291 2187 Acidalius,
1310 2150 1364 2180 cui
1383 2149 1492 2179 lu'az‘zts

159 2198 223 2229 sibi
244 2197 249 2240 Ι
268 2208 344 2229 esse
361 2197 501 2239 displicet
646 2207 711 2236 319
734 2195 784 2226 vel
799 2196 902 2235 opino
991 2194 1192 2224 familiarem
1211 2197 1349 2224 testatur
1361 2193 1492 2223 Nonius

161 2252 246 2281 227:
272 2241 437 2272 familiare
453 2240 518 2272 cod.
656 2250 722 2279 320
745 2239 991 2269 firmitudinem
1016 2241 1154 2268 testatur
1166 2237 1301 2267 Nonius
1327 2247 1410 2275 109:
1436 2236 1490 2265 fir-

161 2286 320 2316 midinem
345 2284 410 2316 cod.
441 2289 478 2315 ul
492 2284 556 2316 vid.
577 2283 803 2325 (formidinem
821 2282 861 2321 E,
882 2282 1087 2312 firmidinem
1113 2281 1156 2320 D,
1182 2281 1422 2311 firmitudinem
1448 2278 1488 2315 B,

161 2329 395 2360 fortitudinem
423 2328 467 2368 J)
645 2337 705 2366 321
733 2336 788 2357 res
813 2325 977 2356 soluenda
1000 2324 1162 2364 Pylades:
1195 2324 1398 2355 resoluenda
1423 2322 1487 2353 cod.

161 2383 225 2411 322
249 2371 426 2412 periurabo
444 2372 504 2413 (ita
521 2370 617 2413 cod.)]
637 2369 828 2411 perdurabo
847 2369 886 2410 (2)
905 2367 971 2400 Leo
1082 2378 1146 2407 323
1163 2368 1227 2399 ista
1243 2367 1308 2399 cod.
