1742 2718
657 51 1014 90 MENAECHMI
1423 55 1504 93 ΙΙΙ.
1524 53 1564 93 iii

172 165 252 201 AN.
282 163 411 201 dicam
432 164 595 202 curare?
652 163 767 200 ΜΕΝ.
799 162 943 200 dicito:
974 161 1184 200 curabitur.
1524 176 1563 208 15

23 240 153 278 539-40
172 234 209 266 et
230 229 332 277 palla
351 235 389 266 et
409 227 557 278 spinter
576 228 665 266 faxo
681 228 898 267 referantur
918 227 1046 265 simul.

170 293 249 330 AN.
280 293 434 340 amabo,
457 292 510 330 mi
532 294 807 340 Menaechme,
830 292 974 330 inauris
995 293 1046 331 da
1066 290 1163 330 mihi

170 356 367 395 faciendas
389 359 524 408 pondo
544 359 667 396 duom
689 371 908 404 nummum,
933 357 1144 407 stalagmia,

170 429 211 460 ut
232 430 269 461 te
289 424 470 462 lubenter
488 423 658 470 uideam,
682 437 803 473 quom
823 424 875 461 ad
896 436 968 461 nos
989 422 1154 461 ueneris.

171 488 286 525 MEN.
319 489 397 527 fiat.
454 489 553 527 cedo
573 502 711 526 aurum
728 503 737 535 ;
765 502 838 538 ego
859 487 1149 537 manupretium
1171 487 1288 525 dabo.
1522 504 1560 525 ιο

84 563 147 598 545
171 553 248 590 ΑΝ.
281 553 332 590 da
352 553 468 591 sodes
488 566 557 603 aps
579 561 639 591 te:
670 561 782 602 poste
803 552 1014 591 reddidero
1033 552 1118 590 tibi.

172 617 288 655 ΜΕΝ.
318 616 441 655 immo
460 619 561 655 cedo
581 631 651 667 aps
673 625 731 656 te:
765 631 838 667 ego
859 625 948 666 post
969 617 1039 655 tibi
1060 618 1224 655 reddam
1246 617 1401 666 duplex.

169 683 248 719 AN.
280 695 361 720 non
381 682 520 720 habeo.
580 684 693 720 ΜΕΝ.
726 683 765 720 at
786 690 838 731 tu,
862 683 1024 732 quando
1044 681 1220 728 habebis,
1244 688 1327 718 tum
1349 681 1454 718 dato.

169 748 247 784 AN.
297 747 491 798 numquid
538 745 634 802 [me]
682 748 739 786 uis
753 749 769 786 ?
783 771 836 776 ———
854 749 969 786 ΜΕΝ.
1019 748 1116 785 haec
1165 760 1227 784 me
1275 752 1499 783 curaturum

1323 809 1499 848 dicito—

169 884 211 915 ut
232 885 423 927 quantum
444 878 595 928 possint
615 878 762 928 quique
782 878 927 918 liceant
946 884 1130 916 ueneant.
1523 887 1560 916 25

83 954 151 990 550
169 943 299 981 iamne
319 943 547 982 introabiit?
575 943 681 991 abiit,
704 943 858 994 operuit
878 943 992 982 fores.

168 1007 209 1046 di
230 1021 292 1046 me
312 1008 475 1058 quidem
495 1022 634 1047 omnes
654 1009 855 1057 adiuuant,
877 1015 1033 1058 augent,
1054 1014 1200 1046 amant.

168 1074 238 1112 sed
259 1073 355 1123 quid
375 1087 448 1124 ego
468 1087 591 1121 cesso,
613 1075 710 1112 dum
730 1075 844 1112 datur
864 1073 917 1112 mi
938 1073 1095 1112 occasio

168 1145 414 1188 tempusque,
436 1138 543 1177 abire
563 1139 614 1177 ab
634 1138 694 1177 his
714 1138 811 1177 locis
831 1138 1023 1178 lenonieis
1038 1139 1056 1176 ?

168 1216 347 1253 propera,
368 1205 642 1251 Menaechme,
665 1205 721 1242 fer
740 1205 895 1254 pedem,
918 1202 1053 1242 confer
1071 1204 1247 1254 gradum.
1518 1212 1559 1243 30

84 1275 148 1312 555
169 1269 327 1307 demam
347 1270 450 1307 hanc
469 1283 656 1307 coronam
676 1277 795 1319 atque
814 1269 983 1307 abiciam
1003 1270 1054 1308 ad
1074 1270 1228 1307 laeuam
1249 1281 1422 1315 manum,

169 1340 222 1381 ut,
245 1332 400 1386 si[quis]
421 1342 634 1384 sequantur
653 1348 728 1382 me,
751 1335 825 1372 hac
844 1334 987 1373 abiisse
1007 1341 1204 1373 censeant.

169 1399 235 1438 ibo
255 1407 293 1438 et
313 1400 549 1439 conueniam
569 1414 725 1439 seruom
746 1400 777 1438 si
798 1407 936 1450 potero
957 1413 1102 1448 meum,

168 1471 210 1503 ut
230 1466 339 1512 haec,
362 1478 462 1515 quae
483 1466 588 1504 bona
608 1467 704 1504 dant
725 1465 765 1504 di
788 1465 895 1513 mihi,
923 1464 928 1517 Ι
954 1479 1001 1504 ex
1021 1479 1085 1504 me
1105 1464 1269 1503 sciat.—

211 1579 275 1609 540
297 1570 494 1611 refe1·atu(r)
510 1570 544 1600 A
614 1572 744 1610 541-58
755 1575 920 1611 perpauca
940 1569 1096 1610 leguntur
1109 1569 1145 1599 in
1161 1569 1194 1599 A
1264 1578 1328 1608 542
1346 1567 1496 1599 facienda

167 1612 306 1652 Pylades
413 1614 591 1653 statagmia
608 1614 647 1655 P,
664 1614 697 1644 A
718 1626 749 1645 n.
765 1614 785 1646 l.
915 1622 979 1652 543
1002 1623 1100 1652 quam
1118 1613 1158 1651 P,
1177 1612 1210 1642 A
1230 1623 1260 1643 n.
1278 1612 1298 1643 l.
1318 1612 1411 1651 (com.
1430 1610 1496 1652 82)

167 1660 226 1687 aut
234 1666 339 1697 545—7
358 1662 418 1688 aut
431 1659 540 1697 544-6
561 1668 626 1689 om.
643 1658 675 1688 A
689 1662 726 1688 ut
734 1658 798 1689 vid.
823 1658 970 1698 (propter
982 1656 1179 1695 homoeotel.)
1290 1664 1354 1695 545
1376 1655 1426 1686 vel
1439 1656 1496 1686 ted

167 1705 243 1740 post
259 1700 325 1733 cod.
341 1713 348 1732 ε
371 1700 478 1744 (ego)
504 1706 581 1741 post
597 1701 743 1741 Pylades,
759 1701 884 1732 Ritschl
979 1702 1043 1739 546
1059 1699 1107 1731 vel
1121 1700 1178 1730 ted
1277 1700 1343 1739 548
1367 1709 1421 1729 me
1437 1698 1498 1729 del.

167 1743 349 1782 Acidalz'us,
379 1755 461 1775 nam
489 1745 650 1784 ntimquid
675 1748 859 1785 suspectum
993 1753 1057 1782 550
1080 1744 1190 1773 iamne
1217 1743 1296 1773 abiit
1320 1743 1410 1774 intro
1435 1741 1493 1780 132,

167 1787 201 1817 A
222 1798 253 1818 n.
274 1787 293 1819 l.
379 1788 555 1828 posthunc
574 1798 705 1819 versum
727 1789 859 1828 vestigia
883 1788 1014 1818 alterius
1037 1790 1197 1828 apparent
1215 1787 1248 1817 in
1265 1786 1297 1816 A
1432 1795 1493 1825 551

168 1831 304 1870 quidem
320 1831 473 1872 Bentley:
497 1832 653 1871 equidem
670 1831 709 1868 P,
728 1832 761 1862 A
780 1842 813 1863 n.
831 1832 852 1862 I.
962 1841 1024 1871 554
1050 1831 1163 1871 profer
1179 1840 1228 1868 gr.
1247 1829 1332 1860 Brix
1432 1839 1497 1869 555

168 1874 255 1904 hanc
271 1873 359 1905 codd.
378 1874 580 1915 Nonii519:
612 1885 678 1906 om.
698 1875 739 1912 P,
755 1875 788 1905 A
808 1886 838 1906 n.
859 1875 878 1906 l.
993 1877 1058 1914 556
1082 1875 1108 1904 si
1136 1877 1321 1913 sequentur
1344 1872 1495 1904 Nonius:

169 1918 196 1947 si
225 1919 282 1957 qui
306 1923 465 1957 sequatur
480 1918 520 1959 P,
547 1919 580 1948 A
605 1929 637 1949 n.
662 1918 702 1950 l.:
726 1924 911 1958 sequentur
937 1919 1100 1960 improbat
1129 1918 1251 1949 Thulin
1276 1917 1313 1948 de
1338 1918 1494 1948 coniunct.

169 1971 200 2000 p.
224 1962 285 2000 146
371 1972 424 1992 me
448 1962 512 1993 hac
536 1961 622 1992 codd.
643 1961 767 1993 Nonii:
792 1963 854 1992 hec
878 1964 971 2003 (corr.
993 1961 1054 2001 3²)
1081 1972 1134 1992 me
1151 1961 1191 2001 P,
1210 1961 1243 1992 A
1262 1973 1294 1993 n.
1311 1961 1336 1992 l.
1414 1960 1494 1999 fort.

169 2009 206 2034 ut
231 2005 266 2035 in
284 2005 357 2044 fine
377 2016 406 2036 v.
431 2014 494 2044 555
519 2005 689 2036 collocand.
717 2005 766 2047 (A
786 2016 818 2037 n.
837 2006 877 2047 l.)
908 2005 980 2045 (sed
997 2006 1034 2045 cs.
1057 2004 1193 2046 &Bgren
1224 2005 1339 2037 ιΡιινί.
1369 2003 1492 2044 Copul.⁷

169 2058 201 2086 p.
223 2048 293 2087 33),
323 2058 403 2078 nam
434 2048 574 2090 displicet
597 2049 702 2088 siquis
732 2059 852 2080 necnon
882 2048 989 2089 siquis
1018 2051 1179 2088 sequatur
1320 2049 1384 2088 558
1407 2048 1495 2078 bona

168 2089 292 2134 (boni)
308 2091 480 2123 Fleckeisen
570 2103 623 2124 me
640 2091 748 2135 (iam)
776 2093 858 2124 sciat
885 2092 1015 2132 Bentley
1031 2103 1038 2123 :
1052 2093 1133 2132 fort.
1155 2091 1231 2122 med
1248 2089 1322 2135 (is)
1338 2092 1422 2123 sciat
