1814 2723
243 63 290 100 V.
311 62 340 99 ii
729 63 774 100 T.
810 61 989 101 MACCI
1021 61 1224 99 PLAVTI

312 177 489 226 deosque
518 177 571 215 do
601 176 763 214 testis—
820 177 884 213 SE.
917 188 994 224 qua
1024 176 1074 212 de
1103 188 1143 213 re
1170 180 1237 212 aut
1264 171 1405 223 quoius
1432 171 1486 210 rei
1512 184 1640 209 rerum

1432 235 1611 275 omnium
1624 236 1641 272 ?

314 308 429 345 MEN.
462 320 526 345 me
547 320 675 356 neque
696 305 758 344 isti
779 307 880 344 male
902 304 1040 343 fecisse
1061 303 1213 341 mulieri
1234 316 1335 352 quae
1356 315 1419 339 me
1438 300 1562 351 arguit

313 372 417 409 hanc
433 372 555 410 domo
575 371 624 409 ab
642 384 682 409 se
699 369 941 419 surrupuisse
957 376 1076 418 atque
1091 367 1440 418 apstulisse—MA.
1465 364 1641 403 deierat?

254 437 295 479 65
317 437 432 474 MEN.
485 437 515 473 si
564 448 636 484 ego
683 434 783 472 intra
824 433 933 472 aedis
974 432 1104 472 huiius
1147 445 1336 482 umquam
1380 430 1447 468 ubi
1490 429 1640 467 habitat
1660 432 1778 477 815-6=

1222 495 1426 547 penetraui
1449 492 1641 546 (pedem),

314 565 493 604 omnium
515 564 721 603 hominurn
743 571 887 614 exopto
908 570 949 602 ut
971 564 1062 601 fiam
1085 562 1315 600 miserorum
1337 560 1599 598 miserrumus.

313 632 376 669 SE.
410 644 535 669 sanun
558 644 598 669 es
620 629 687 679 qui
708 629 808 667 istuc
824 635 986 678 exoptes
1001 634 1068 666 aut
1085 640 1204 677 neges
1220 634 1258 664 te
1275 638 1463 675 umquam
1479 625 1622 674 pedem

311 695 351 733 in
373 709 437 734 eas
457 695 565 734 aedis
586 694 763 732 intulisse
783 693 851 732 ubi
872 693 1036 740 habitas,
1059 691 1350 730 insanissume?

315 762 430 798 ΜΕΝ.
464 767 545 806 tun,
569 773 698 806 senex,
721 758 776 796 ais
801 757 977 796 habitare
997 759 1090 795 med
1111 756 1150 794 in
1171 756 1293 794 illisce
1313 754 1510 794 aedibus?
1661 758 1730 791 820

257 833 296 866 70
315 826 378 863 SE.
411 832 453 863 tu
480 837 598 874 negas
614 826 631 861 ?
688 824 803 861 MEN.
836 836 937 872 nego
959 823 1089 860 hercle
1109 834 1214 859 uero.
1274 822 1337 859 SE.
1370 819 1493 857 immo
1513 819 1642 856 hercle

1344 885 1478 923 inuere
1498 896 1616 934 negas
1633 897 1643 931 3

314 954 388 992 nisi
410 967 489 1004 quo
510 961 627 992 nocte
648 955 722 992 hac
738 951 969 1002 exmigrasti.
1027 950 1105 1004 (tu)
1124 952 1301 989 concede
1322 951 1410 997 huc,
1433 949 1524 988 filia.

314 1020 410 1069 quid
437 1026 478 1057 tu
505 1019 590 1057 ais?
619 1031 715 1056 num
736 1017 828 1056 hinc
849 1016 1120 1067 exmigrastis?
1177 1018 1261 1054 MA.
1294 1015 1412 1065 que'm
1442 1014 1481 1052 in
1511 1016 1643 1052 locum

1000 1089 1067 1120 aut
1086 1080 1242 1133 (quarn)
1262 1081 1314 1119 ob
1334 1094 1428 1127 rem,
1451 1081 1644 1130 opsecro?

315 1151 378 1188 SE.
424 1163 504 1188 non
537 1151 678 1199 edepol
714 1148 806 1187 scio.
879 1150 962 1186 MA.
1006 1149 1182 1198 profecto
1212 1146 1311 1185 ludit
1343 1154 1380 1184 te
1415 1146 1489 1184 hic.
1562 1159 1642 1183 non

1366 1209 1483 1264 tu[te]
1504 1212 1644 1249 tenes?

315 1280 378 1318 SE.
411 1279 489 1318 iam
519 1292 623 1326 uero,
650 1279 923 1325 Menaechme,
957 1277 1039 1316 sati'
1061 1277 1232 1316 iocatu'S.
1294 1290 1400 1315 nunc
1429 1277 1532 1314 hanc
1561 1289 1643 1314 rem
1662 1280 1727 1324 825

1541 1354 1641 1392 gere.

258 1419 295 1453 75
317 1412 431 1448 ΜΕΝ.
476 1424 634 1460 quaeso,
666 1410 762 1460 quid
797 1409 893 1447 mihi
927 1417 1058 1448 tecum
1098 1410 1188 1447 est?
1230 1409 1338 1447 unde
1376 1415 1443 1446 aut
1481 1407 1568 1457 quis
1603 1414 1643 1444 tu

1387 1475 1509 1512 homo
1529 1473 1602 1511 es?
1623 1485 1642 1506 *

315 1541 385 1579 tibi
406 1548 472 1579 aut
493 1541 593 1580 adeo
614 1540 687 1587 isti,
711 1553 812 1590 quae
834 1539 930 1577 mihi
952 1539 1193 1579 molestiaest
1214 1552 1377 1590 quoquo
1397 1539 1549 1576 modo?
1591 1534 1594 1537 ’

316 1608 400 1644 ΜΑ.
431 1606 551 1644 uiden
572 1600 613 1644 tu
634 1605 712 1644 illic
732 1606 869 1644 oculos
890 1605 1014 1644 uirere
1027 1607 1047 1643 ?'
1073 1613 1115 1644 ut
1136 1604 1271 1644 uiridis
1292 1604 1461 1644 exoritur
1481 1604 1590 1642 colos

314 1685 361 1710 ex
380 1671 623 1721 temporibus
643 1678 761 1720 atque
782 1671 919 1718 fronte,
943 1678 986 1708 ut
1007 1670 1110 1709 oculi
1132 1670 1355 1716 scintillant,
1379 1669 1471 1707 uide
1491 1672 1498 1707 1
1663 1671 1790 1715 829-30

357 1775 421 1805 812
446 1775 488 1805 do
506 1779 612 1805 testes
636 1774 815 1805 Gruterus:
839 1775 989 1805 detestes
1011 1774 1077 1806 cod.
1222 1775 1284 1813 814
1310 1772 1503 1804 intercidisse
1521 1771 1648 1811 aliquid

313 1818 496 1858 suspicatur
509 1818 634 1848 Ritsclzl
732 1819 863 1849 delurat
880 1818 944 1850 cod.
962 1829 969 1848 :
994 1818 1124 1858 peierat
1140 1816 1265 1848 Sclzoell
1433 1817 1497 1846 816
1520 1816 1641 1855 pedem

314 1861 390 1893 add.
408 1860 548 1900 Pylades
679 1863 742 1892 818
765 1873 868 1893 neces
884 1861 948 1893 cod.
1086 1863 1150 1900 819
1174 1861 1290 1891 intulis
1301 1860 1365 1891 cod.
1475 1860 1540 1889 820
1564 1863 1643 1889 tunc

315 1915 422 1936 senex
437 1905 483 1935 ait
496 1904 559 1937 cod.
579 1906 670 1945 (corr.
685 1906 750 1946 13²)
841 1907 901 1936 821
929 1910 988 1936 tun
1002 1905 1105 1935 Bothe
1188 1915 1270 1943 nege
1285 1909 1345 1946 per
1354 1903 1518 1944 compend.
1538 1904 1642 1943 script.

315 1949 379 1990 (vel
393 1949 493 1989 neco)
511 1949 545 1979 in
561 1949 626 1980 cod.
649 1950 777 1990 (neque
788 1948 876 1989 PCD)
967 1949 1081 1979 hercle
1094 1948 1250 1988 (Vahlen)
1266 1948 1384 1978 inuere
1401 1947 1532 1987 scripsi:
1557 1947 1642 1976 hece

314 1992 432 2023 ludere
449 1991 513 2023 cod.
535 1994 611 2033 (pro
628 1993 745 2023 luuere
762 2004 769 2024 ε
794 1993 835 2023 vi.
854 1994 884 2032 1)
948 1997 1052 2031 neget
1068 1992 1142 2022 PCD
1160 1992 1254 2032 (2pro
1271 1992 1392 2031 neges)
1491 1991 1554 2020 822
1578 1989 1642 2020 hac

315 2035 486 2075 emigrasti
503 2035 574 2068 Ital.
594 2048 601 2067 ε
625 2037 688 2067 hac
705 2036 857 2076 migrasti
874 2035 938 2067 cod.
962 2036 1035 2076 (pro
1050 2036 1134 2066 hace
1149 2034 1321 2074 migrasti?
1339 2034 1358 2066 i.
1383 2034 1417 2075 7)
1507 2039 1543 2064 tu
1566 2032 1641 2064 add.

314 2079 442 2110 Schoell
504 2080 568 2110 huc
588 2080 799 2110 Camerarius
814 2091 821 2109 :
846 2080 908 2110 hac
925 2079 991 2110 cod.
1013 2082 1046 2121 (a
1058 2084 1121 2120 pro
1138 2089 1158 2108 u
1174 2089 1182 2117 3
1206 2079 1248 2109 vi.
1264 2078 1295 2117 1)
1362 2075 1480 2119 (mea)
1498 2077 1517 2108 s.
1537 2076 1641 2106 Fleck-

313 2123 395 2154 eisen
542 2125 605 2161 823
628 2124 702 2162 agis
723 2123 789 2154 cod.
807 2124 903 2163 (corr.
925 2123 958 2153 in
974 2123 1021 2163 Β)
1118 2121 1315 2161 exmigrasti
1332 2121 1398 2153 cod.
1421 2123 1473 2162 (ex
1487 2131 1516 2151 v.
1537 2120 1618 2160 822)
1634 2131 1641 2150 ε

314 2177 392 2198 corr.
408 2165 581 2197 Aa'dalius
649 2177 748 2205 quam
761 2167 836 2198 add.
851 2166 1034 2197 Beroaldus
1122 2167 1185 2204 824
1203 2170 1238 2196 tu
1250 2164 1392 2195 Mueller
1474 2165 1537 2202 825
1555 2164 1642 2194 loca·

242 2244 251 2253 x
315 2215 370 2241 tus
396 2221 486 2241 nunc
510 2220 547 2241 ac
567 2210 670 2251 (hanc
686 2209 752 2249 3²)
770 2221 841 2241 rem
858 2221 960 2250 agere
974 2209 1036 2240 cod.
1053 2221 1059 2240 :
1085 2219 1162 2241 corr.
1182 2208 1320 2249 Spengel
1459 2208 1524 2238 826
1539 2205 1640 2248 <quid

315 2254 445 2296 debeo)
457 2254 522 2284 Leo
632 2254 694 2293 827
715 2254 765 2284 vel
775 2255 850 2285 istic
939 2264 969 2293 q.
986 2254 1042 2284 mi.
1055 2253 1197 2283 molesta
1211 2256 1261 2282 est
1279 2251 1343 2282 cod.
1363 2263 1370 2282 :
1394 2262 1471 2282 corr.
1492 2249 1642 2282 Schoell:

315 2298 457 2329 molesta
481 2308 511 2337 q.
531 2297 586 2328 mi.
608 2303 660 2327 est
680 2296 802 2329 Vahlen
913 2297 1113 2327 828‘iurere
1132 2297 1209 2338 (pro
1224 2295 1373 2335 lurerer)
1395 2294 1469 2325 PCD
