1814 2723
195 37 284 75 II.i
683 36 731 73 T.
764 33 944 73 MACCI
976 33 1179 70 PLAVTI

273 148 368 184 SEN.
401 145 496 196 quid
555 158 573 178 >¹=
796 142 906 194 (Gr.)
936 142 1047 181 uisne
1067 149 1125 181 est
1144 140 1176 179 is
1195 139 1430 179 arbitratus?

1622 222 1722 264 (frag.
1742 221 1791 262 ιν)

840 271 951 324 (GV.)
1006 273 1160 311 datores
1623 275 1691 310 373

275 340 462 391 negotioli
484 339 701 379 bellissumi
721 338 872 377 senices
893 337 1026 376 soletis
1047 338 1160 375 esse?

638 472 789 508 LENA
901 470 1245 507 GYMNASIVM

747 549 765 570 *
934 548 952 568 >k
1119 545 1137 565 *

280 605 349 641 LE.
382 615 447 641 rne
465 602 703 652 respondere
723 600 927 650 postulas?
955 597 1139 636 iniurium
1159 604 1227 635 est.
1627 602 1723 643 (frag.
1738 601 1775 643 v)

280 667 454 717 stipulari
474 680 628 716 semper
648 678 711 703 me
732 666 833 702 ultro
853 670 1007 713 oportet
1026 676 1050 700 a
1069 661 1170 708 uiris,
1629 669 1694 705 375

281 745 371 770 eum
392 731 599 781 quae'stum
619 729 731 776 facio,
755 729 809 767 nil
830 728 922 766 uiris
941 727 1177 778 promittere.

284 851 479 901 siquidem
499 850 666 900 imperes
687 862 758 899 pro
779 847 902 898 copia,
926 860 996 897 pro
1016 848 1145 885 recula
1632 849 1728 891 (frag.
1742 847 1794 888 v1>

285 983 355 1019 LE.
388 980 484 1031 quin
503 980 546 1027 is,
569 980 600 1018 si
620 979 720 1017 itura
740 980 811 1017 es?
839 977 1006 1015 nimium
1026 976 1058 1014 is
1078 974 1267 1026 uegrandi
1285 975 1417 1024 gradu.
1634 972 1804 1010 (frag-VH)

287 1047 359 1084 GV.
391 1046 458 1095 pol
477 1046 530 1083 ad
549 1044 781 1090 cubituram,
805 1050 938 1089 mater,
962 1041 1075 1091 magi'
1097 1054 1184 1079 sum
1204 1038 1370 1078 exercita
1634 1042 1733 1083 (frag.
1747 1050 1812 1071 v111

285 1112 364 1149 fere
385 1123 504 1160 quam
523 1110 575 1148 ad
595 1121 806 1148 cursuram.
866 1120 914 1146 eo
935 1120 1022 1145 sum
1043 1105 1289 1144 tardiuscula.
1636 1103 1705 1146 380

1061 1236 1275 1276 meminere
1295 1233 1468 1272 officium
1488 1245 1613 1271 suom.
1637 1230 1733 1274 (frag.
1754 1229 1805 1272 1x)

290 1370 416 1426 [narn]
438 1372 492 1410 ita
512 1372 775 1410 mustulentus
796 1377 939 1408 uentus
960 1367 1062 1407 naris
1083 1367 1220 1417 attigit.
1637 1368 1735 1410 (frag.
1755 1368 1791 1406 x)

289 1503 431 1553 capillo
452 1502 573 1541 scisso
593 1509 712 1552 atque
732 1499 930 1539 excissatis
949 1498 1108 1537 auribus
1610 1496 1617 1527 Γ
1639 1496 1735 1538 (frag.
1756 1495 1807 1536 Χῖ)

1055 1606 1066 1615 ,
1637 1579 1735 1619 (frag.
1757 1577 1814 1619 an

288 1646 391 1683 quae
411 1632 523 1683 quasi
543 1631 750 1670 carnuficis
769 1629 973 1680 angiporta
992 1627 1176 1679 purigans
1636 1624 1702 1666 384

339 1812 403 1843 372
417 1803 498 1842 sort.
520 1803 598 1842 quid
617 1800 666 1844 <si
684 1801 854 1840 capiamus
875 1799 1033 1830 arbitrum
1047 1796 1080 1840 2>
1170 1795 1304 1826 restituit
1319 1793 1445 1825 Schoell
1554 1801 1617 1831 373

292 1859 363 1888 sqq.
395 1846 636 1885 unumfolizim
661 1845 694 1875 in
718 1844 752 1874 A
781 1844 875 1884 periit
896 1846 925 1873 et
946 1841 1105 1882 sequentis
1124 1840 1220 1880 prior
1233 1839 1362 1880 pagina
1474 1836 1554 1875 frag.
1581 1845 1618 1865 1v

292 1891 482 1923 Priscianus
502 1900 527 1927 1,
549 1899 605 1919 111
622 1890 661 1926 (s.
676 1887 899 1927 negotioluml
913 1889 941 1916 el
956 1896 1020 1925 279
1038 1886 1076 1922 (s.
1092 1883 1232 1914 senicisl
1293 1883 1427 1912 datores
1443 1879 1618 1910 bellissimi

294 1935 387 1978 [uosl
412 1933 575 1972 negotioli
594 1932 718 1962 senicis
734 1930 951 1971 (bellissimos
972 1926 1153 1968 negotiolis
1170 1925 1370 1966 phoenices)
1388 1924 1503 1954 soletis
1520 1932 1595 1953 esse
1611 1934 1618 1952 ε

292 1990 370 2009 corr.
390 1976 492 2007 Bothe
615 1976 693 2014 frag.
713 1985 736 2004 v
759 1974 948 2004 Priscianus
968 1983 993 2012 1,
1014 1973 1078 2010 388
1096 1973 1136 2008 (s.
1156 1969 1316 2009 stipulor)
1441 1968 1506 2006 376
1529 1965 1618 1996 uires

294 2021 382 2053 codd.
476 2019 550 2059 frag
575 2029 611 2049 V1
637 2018 827 2049 Priscianus
847 2027 872 2056 1,
894 2026 953 2055 107
967 2016 1008 2057 (s.
1027 2012 1157 2053 recula)
1247 2012 1330 2051 frag.
1347 2021 1397 2041 vn
1423 2011 1538 2041 Festus
1552 2018 1617 2048 372

294 2067 334 2107 (s.
348 2064 537 2104 uegrande)
585 2064 640 2102 qui
654 2063 717 2092 nisi
732 2063 837 2092 itures
851 2060 914 2091 cod.
1006 2058 1088 2098 frag.
1104 2066 1168 2087 vm
1187 2056 1319 2086 Nonius
1332 2056 1393 2094 198
1408 2056 1445 2092 (s.
1461 2054 1615 2092 cursura)

294 2119 358 2149 379
381 2108 429 2139 vel
439 2118 536 2146 mage
625 2107 691 2144 380
713 2114 892 2135 accursura
903 2101 990 2133 codd.
1083 2100 1164 2139 frag.
1179 2109 1215 2129 1x
1231 2098 1361 2129 Nonius
1370 2108 1434 2138 499
1448 2098 1488 2139 (s.
1502 2106 1612 2127 accus.

296 2163 357 2192 pro
374 2156 503 2192 genet.)
602 2149 684 2189 frag.
705 2158 726 2178 x
749 2147 880 2178 Nonius
895 2148 937 2185 63
953 2148 995 2186 (s.
1016 2143 1275 2175 mustulentumi
1293 2146 1321 2172 et
1336 2152 1398 2181 415
1417 2144 1457 2181 (s.
1476 2139 1615 2178 ventus)

297 2197 341 2227 ita
365 2195 450 2227 codd.
479 2204 542 2233 4¹5
559 2206 565 2224 ε
591 2203 666 2223 nam
683 2193 728 2222 ita
745 2190 829 2221 codd.
847 2192 889 2229 63
1003 2193 1125 2219 uentus
1141 2185 1227 2217 codd.
1249 2195 1312 2224 415
1331 2197 1338 2216 ε
1362 2190 1456 2215 estus
1471 2183 1616 2223 (aestus)

268 2247 276 2257 ⁸
296 2239 383 2271 codd.
400 2241 442 2278 63
461 2238 513 2274 (csZ
527 2236 676 2269 Lr'ndsav
696 2235 790 2265 ‘Non
816 2232 930 2264 Marc.y
947 2242 978 2272 p.
995 2233 1054 2270 63)
1202 2230 1294 2259 naris
1310 2229 1430 2268 obtigit
1445 2226 1533 2258 codd.
1554 2236 1625 2266 415-

298 2284 378 2323 frag.
400 2292 434 2313 x¹
459 2281 592 2312 Nonius
612 2281 670 2310 108
690 2283 730 2309 (s.
749 2277 971 2311 excissatum)
999 2294 1021 2304 ι
1040 2273 1197 2305 excisatis
1216 2273 1381 2303 Meursius
1468 2271 1549 2310 frag.
1568 2279 1618 2300 xu

299 2327 431 2358 Nonius
449 2335 509 2364 190
528 2325 565 2363 (s.
586 2324 785 2362 angiportus
813 2331 889 2361 gen.
916 2319 1033 2361 neutri)
1151 2317 1327 2357 purgitans
1351 2314 1437 2346 codd.
1462 2315 1513 2355 (cſs
1535 2313 1615 2344 Aul.

302 2381 363 2411 753
385 2370 558 2409 purgitant
571 2371 628 2406 pro
645 2366 816 2405 purigant)
