1742 2718
672 83 1047 123 CISTELLARIA
1491 82 1521 119 Ι.
1542 79 1556 116 i

196 195 225 233 si
250 209 312 233 me
332 201 495 245 apsente
517 192 833 231 Alcesimarchus
855 192 997 239 ueniet,
1021 193 1145 232 nolito
1164 193 1303 232 acriter

197 276 287 300 eum
309 261 519 299 inclamare
536 275 543 297 :
570 266 657 298 utut
674 272 763 309 erga
780 272 842 296 me
859 266 917 297 est
935 259 1104 305 meritus,
1124 259 1164 297 in
1179 259 1289 298 cordi
1305 265 1364 297 est
1380 265 1520 296 tamen.

113 338 179 363 110
196 327 277 372 sed,
300 325 453 370 amabo,
478 323 708 374 tranquille:
739 337 789 361 ne
810 323 905 373 quid
927 325 1035 373 quod
1055 324 1109 362 illi
1129 325 1261 363 doleat
1277 322 1428 361 dixeris.

195 391 363 442 accipias
384 389 504 428 clauis
522 405 528 427 :
560 388 591 427 si
612 388 707 438 quid
729 388 799 426 tibi
819 401 919 438 opus
940 389 1011 427 erit
1031 390 1224 439 prompto,
1248 387 1428 438 promito.

195 471 267 507 ego
297 457 390 494 uolo
420 455 484 493 ire.
546 455 618 492 GY.
656 461 698 491 ut
728 453 781 491 mi
812 453 989 492 exciuisti
1018 455 1235 492 lacrumas!
1279 456 1368 492 SEL.
1405 454 1521 502 Gym-
1545 466 1604 487 110

1249 518 1402 557 nasium
1422 532 1521 564 mea,

198 589 299 626 bene
320 589 418 626 uale.
478 589 552 625 Gv.
580 600 671 625 cura
693 595 741 632 te,
765 586 920 624 amabo.
980 585 1102 624 sicine
1122 585 1324 630 inmunda,
1348 597 1523 634 opsecro,

197 654 301 692 ibis?
357 656 445 692 SEL.
473 653 685 692 inmundas
702 655 876 691 fortunas
897 665 1069 702 aequom
1085 659 1143 689 est
1159 652 1380 701 squalorem
1402 648 1524 699 sequi.

114 731 175 767 115
199 721 273 757 Gr.
303 718 516 757 amiculum
538 720 614 757 hoc
647 719 809 757 sustolle
834 718 984 756 Saltem.
1044 718 1134 755 SEL.
1157 716 1241 754 sine
1271 715 1380 762 trahi,
1403 728 1525 765 quom

1207 787 1362 831 egomet
1382 781 1523 818 trahor.

199 851 271 887 Gv.
295 850 456 899 quando
477 848 529 887 ita
549 848 620 887 tibi
641 849 760 896 lubet,
779 849 867 886 uale
887 854 1006 898 atque
1026 849 1143 886 salue.
1204 849 1294 885 SEL.
1326 845 1358 884 si
1379 844 1525 896 possim

1340 911 1527 950 uelim.—

199 983 272 1021 (ΞΥ.
304 979 500 1031 numquid
520 994 584 1018 me
604 979 674 1026 uis,
699 986 832 1026 mater,
855 978 958 1017 intro
978 977 1074 1028 quin
1095 979 1212 1016 earn?
1241 984 1392 1016 ecastor
1411 975 1507 1013 mihi
1550 987 1607 1019 115

198 1047 281 1085 uisa
300 1060 442 1085 amare.
502 1047 572 1084 LE.
604 1044 704 1084 istoc
724 1058 816 1095 ergo
835 1043 938 1083 auris
958 1043 1126 1094 grauiter
1145 1044 1326 1093 optundo
1347 1049 1447 1090 tuas,

197 1126 247 1151 ne
266 1126 385 1162 quem
405 1125 525 1150 ames.
583 1110 648 1149 abi
668 1110 781 1148 intro.
841 1111 915 1148 GV.
938 1109 1134 1159 numquid
1154 1122 1218 1147 me
1238 1108 1326 1146 uis?
1383 1109 1453 1145 LE.
1483 1114 1526 1145 ut

1063 1176 1206 1212 ualeas.
1265 1174 1338 1212 Gv.
1370 1174 1525 1211 nale.—

783 1287 933 1324 LENA
1546 1279 1576 1315 fi

114 1385 181 1411 120
199 1374 268 1410 LE.
305 1372 419 1410 Idem
439 1367 574 1408 mihist
593 1368 702 1418 quod
723 1381 889 1418 magnae
909 1367 1008 1418 parti
1029 1367 1169 1406 uitium
1190 1366 1397 1405 mulierum

197 1451 298 1488 quae
318 1436 426 1474 hunc
446 1441 654 1484 quaestum
675 1432 840 1471 facimus
857 1448 864 1470 ε
895 1446 997 1482 quae
1017 1432 1086 1471 ubi
1106 1433 1329 1470 saburratae
1350 1444 1496 1478 sumus,

195 1502 435 1553 largiloquae
456 1500 654 1548 extemplo
675 1499 813 1544 sumu’,
837 1499 924 1547 plus
945 1497 1144 1548 loquimur
1163 1510 1283 1547 quam
1302 1503 1362 1534 sat
1383 1503 1452 1534 est.

196 1581 287 1606 nam
308 1566 424 1604 illanc
444 1577 518 1614 ego
538 1563 644 1610 olim,
667 1576 771 1613 quae
790 1562 883 1600 hinc
904 1563 1001 1601 flens
1022 1562 1128 1609 abiit,
1151 1562 1354 1612 paruolam

196 1633 367 1684 puellam
387 1629 603 1681 proiectam
624 1642 671 1666 ex
689 1627 898 1678 angiportu
918 1627 1067 1675 sustuli.
1550 1633 1567 1665 5

915 1693 982 1700 ...wa
986 1679 1023 1700 „1⁵”

115 1709 176 1746 125
197 1699 428 1737 adulescens
449 1694 611 1745 quidam
632 1693 696 1731 hic
717 1700 776 1731 est
796 1686 974 1743 adprime
993 1691 1138 1730 nobilis

197 1762 310 1816 [quin
330 1776 403 1813 ego
423 1774 529 1799 nunc
549 1759 642 1810 quia
662 1772 749 1797 sum
772 1765 914 1797 onusta
934 1771 1023 1796 mea
1042 1771 1089 1796 ex
1109 1756 1303 1795 sententia

197 1828 367 1879 quiaque
386 1829 488 1866 adeo
509 1840 573 1865 me
593 1825 791 1876 compleui
814 1826 909 1863 flore
930 1823 1074 1870 Liberi,

198 1894 310 1944 magi'
330 1893 452 1932 libera
472 1892 528 1931 uti
549 1891 682 1942 lingua
703 1889 938 1937 conlibitum
959 1896 1018 1927 est
1038 1887 1146 1934 mihi,

731 1937 791 1961 Q.
817 1936 976 1979 ‘fleu-QX»

244 2009 305 2037 109
329 2002 402 2028 utut
426 1997 589 2037 Pylades:
624 2001 658 2028 et
683 2001 718 2027 ut
745 1995 810 2027 cod.
913 1994 963 2026 vel
992 1994 1069 2024 med
1176 1991 1227 2032 in]
1253 1991 1297 2021 mi
1320 1990 1530 2022 Camerarius

201 2052 257 2072 111
285 2041 402 2081 accipe
423 2041 486 2071 has
511 2040 649 2071 Mueller
737 2050 822 2080 opus
846 2039 903 2070 tibi
928 2038 1066 2069 Mueller
1152 2035 1217 2066 erit
1236 2034 1309 2066 Ital.
1329 2046 1335 2064 :
1362 2034 1444 2075 [est]
1468 2035 1527 2066 erit

197 2085 261 2116 cod.
282 2085 341 2125 (iv.
357 2086 394 2124 3)
483 2088 641 2124 promptu
669 2083 735 2115 cod.
874 2093 936 2123 119
961 2092 1073 2121 neque
1094 2090 1189 2110 meas
1204 2078 1238 2109 P
1253 2079 1413 2119 (nequem
1438 2089 1530 2109 ames

192 2127 247 2169 J),
261 2128 294 2158 A
310 2139 342 2159 n.
358 2128 377 2159 l.
515 2138 576 2159 120
601 2129 690 2159 idem
703 2128 818 2158 mihist
827 2126 938 2167 q—A
955 2137 961 2158 :
980 2126 1069 2156 idem
1082 2124 1161 2154 mihi
1176 2133 1318 2162 magnae
1335 2123 1423 2161 quod
1441 2122 1530 2161 parti

196 2170 299 2202 estP
437 2181 495 2202 121
521 2182 613 2202 nunc
638 2183 669 2212 q.
697 2171 858 2202 faciemus
882 2171 916 2202 P
1065 2179 1124 2200 122
1149 2166 1285 2208 sumus]
1311 2171 1345 2205 et
1367 2165 1401 2195 A
1431 2168 1475 2207 (v.
1498 2165 1529 2205 1)

199 2226 258 2254 124
287 2226 329 2245 ex
361 2214 419 2247 del.
454 2215 566 2255 Bothe,
600 2216 653 2246 cui
676 2213 820 2255 pfiEllam
849 2214 990 2255 displicet
1124 2222 1184 2252 125
1215 2222 1292 2242 cum
1329 2220 1434 2249 130-2
1458 2209 1527 2239 secl.

200 2258 246 2288 W
243 2258 483 2290 mdisclzmann.
514 2260 522 2276 ‘
533 2270 567 2289 eo
591 2259 720 2290 consilio
737 2258 852 2289 adiecti
863 2261 944 2288 sunt
957 2261 996 2288 ut
1011 2256 1043 2287 A
1049 2257 1145 2287 uxilii
1159 2257 1262 2287 oratio
1282 2254 1390 2286 omitti
1394 2252 1527 2295 possel‚’

196 2301 262 2332 Leo
356 2303 460 2341 126-9
477 2313 545 2334 om.
555 2302 602 2334 A.
651 2302 744 2333 Sunt
758 2300 968 2342 amplificatio
979 2311 1137 2331 versuum
1151 2310 1213 2331 120
1225 2310 1272 2339 sq.
1375 2299 1436 2328 126
1451 2296 1530 2335 quia

196 2356 270 2377 sum
281 2350 402 2377 onusta
414 2345 626 2377 Camerarius
640 2357 646 2378 :
671 2345 768 2386 quasi
785 2356 858 2376 sum
875 2346 1020 2376 honesta
1036 2343 1102 2375 cod.
1241 2344 1302 2374 128
1326 2341 1374 2373 vel
1388 2351 1485 2380 mage
