1742 2718
736 39 943 80 CASINA
1452 37 1498 73 V.
1523 35 1570 71 iv

175 163 226 188 ne
255 157 297 188 ut
326 162 413 188 eam
440 162 605 197 amasso,
629 150 661 187 si
689 162 762 199 ego
792 161 979 199 umquam
1009 149 1110 186 adeo
1140 148 1303 198 posthac
1333 148 1409 185 tale
1438 147 1502 184 ad-

1348 224 1498 258 m1sero,

174 280 280 317 nulla
300 286 474 317 caussast
493 278 588 329 quin
608 279 848 328 pendentem
871 291 947 325 me,
968 291 1072 324 uxor,
1096 276 1213 326 uirgis
1234 276 1426 314 uerberes.

174 345 257 382 Mv.
301 357 445 382 censeo
484 344 635 382 ecastor
672 343 830 382 ueniam
869 345 970 381 hanc
1009 343 1193 388 dandam,
1234 338 1499 392 <Cleustrata>.
1523 354 1563 385 40

1052 408 1121 447 CL.
1154 405 1293 444 faciam
1315 413 1356 443 ut
1377 405 1498 443 iubes.

65 489 148 525 1005
173 481 332 524 propter
351 487 438 512 eam
459 487 540 512 rem
561 475 663 511 hanc
688 472 758 511 tibi
780 485 885 511 nunc
914 472 1071 511 ueniam
1097 471 1216 509 minu’
1237 478 1396 521 grauate
1417 483 1501 520 pro-

1374 548 1498 585 spero,

170 606 272 642 hanc
292 617 338 642 ex
357 605 474 654 longa
493 603 709 653 longiorem
730 616 780 641 ne
800 602 988 642 faciamus
1009 603 1193 641 fabulam.

171 671 240 708 Lv.
273 682 353 707 non
366 668 521 707 irata's?
578 669 648 708 CL.
668 681 748 706 non
765 681 852 707 sum
868 667 973 706 irata.
1036 669 1104 705 Lv.
1124 675 1242 705 tuaen
1259 667 1337 705 fide
1354 666 1502 704 credo?

1268 732 1338 771 CL.
1376 744 1497 769 meae.

170 801 239 838 Lv.
269 798 499 850 lepidiorem
531 810 691 837 uxorem
725 812 843 837 nemo
877 797 1085 848 quisquam
1116 811 1235 847 quam
1269 810 1342 847 ego
1371 796 1500 835 habeo

1246 863 1348 901 hanc
1368 862 1492 900 habet,

169 931 239 969 CL.
270 943 342 980 age
360 936 413 976 tu,
437 930 557 967 redde
578 928 670 967 huic
694 929 912 979 scipionem
937 936 975 967 et
1002 928 1174 979 pallium.
1236 928 1312 967 CH.
1345 934 1447 974 tene,
1470 926 1502 965 si
1521 941 1561 973 45

1378 992 1499 1032 lubet.

61 1074 150 1100 1010
168 1059 265 1098 mihi
285 1060 446 1110 quidem
466 1061 608 1109 edepol
629 1059 812 1109 insignite
832 1060 971 1098 factast
992 1072 1133 1109 magna
1152 1058 1315 1097 iniuria:

167 1125 324 1164 duobus
344 1124 471 1174 nupsi,
494 1132 631 1162 neuter
650 1124 742 1163 fecit
762 1125 872 1174 quod
892 1137 1022 1163 nouae
1042 1131 1188 1174 nuptae
1208 1124 1316 1162 solet.

167 1244 418 1287 spectatores,
439 1237 547 1286 quod
567 1237 779 1274 futurumst
798 1235 913 1282 intus,
937 1236 977 1274 id
999 1235 1315 1274 memorabimus.

166 1303 264 1340 haec
284 1301 429 1340 Casina
448 1301 577 1339 huiius
599 1301 811 1351 reperietur
831 1300 909 1339 filia
928 1314 1013 1340 esse
1033 1315 1080 1339 ex
1099 1313 1290 1350 proxumo

166 1380 291 1416 eaque
310 1367 433 1405 nubet
454 1366 679 1417 Euthynico
699 1374 833 1405 nostro
853 1366 936 1405 erili
955 1366 1045 1405 filio.
1515 1383 1557 1416 50

59 1442 144 1479 1015
165 1445 271 1470 nunc
284 1445 355 1470 uos
368 1440 575 1482 aequomst
591 1431 773 1470 manibus
790 1431 936 1470 meritis
952 1431 1130 1470 meritam
1143 1433 1366 1471 mercedem
1379 1432 1472 1471 dare
1488 1446 1495 1470 :

165 1496 233 1547 qui
252 1496 355 1545 faxit,
378 1498 480 1535 clam
500 1510 662 1536 uxorem
683 1498 802 1536 ducet
823 1510 978 1547 semper
998 1504 1169 1535 scortum
1192 1498 1451 1546 quod-uolet3

165 1575 302 1600 uerum
322 1561 390 1612 qui
410 1575 492 1601 non
512 1562 694 1601 manibus
718 1564 820 1601 clare
841 1569 1034 1612 quantum
1054 1561 1197 1612 poterit
1217 1560 1411 1612 plauserit,

165 1627 201 1666 ei
220 1641 291 1678 pro
311 1636 440 1668 scorto
460 1636 704 1680 supponetur
722 1628 853 1668 hircus
874 1636 1015 1667 unctus
1035 1636 1187 1667 nautea.

213 1743 294 1764 1002
317 1743 469 1765 eamasso
486 1733 519 1763 A
626 1744 707 1773 1004
732 1734 924 1766 Cleustrata
942 1734 1059 1765 addidi
1072 1734 1132 1775 (iii.
1153 1734 1187 1775 2)
1288 1742 1370 1771 1005
1388 1732 1491 1773 [rem]

166 1787 242 1808 uen.
267 1775 369 1818 P(iv.
396 1778 431 1818 3)
567 1779 652 1808 1006
675 1779 710 1808 ni
733 1778 768 1808 P
900 1789 981 1818 1007
1007 1784 1084 1809 tuae
1115 1776 1150 1806 P
1289 1777 1372 1807 1008
1395 1786 1493 1807 nemo

167 1830 307 1850 uxorem
323 1820 356 1850 A
468 1821 644 1860 quisquam
662 1832 728 1853 om.
746 1822 780 1851 A
940 1832 1023 1861 1009
1047 1822 1075 1852 si
1092 1820 1215 1851 Bothe:
1247 1830 1284 1862 se
1300 1820 1333 1850 A
1348 1832 1355 1851 :
1379 1830 1445 1850 om.
1463 1818 1498 1849 P

171 1873 254 1894 1010
272 1864 407 1903 insigne
424 1869 458 1895 te
471 1864 505 1895 P
519 1865 594 1905 (pro
611 1866 716 1896 -neite
728 1865 754 1906 2)
889 1875 970 1896 1012
991 1875 1063 1905 sqq.
1077 1863 1286 1895 Pardaliscae
1301 1863 1359 1894 dat
1371 1862 1496 1893 Schoell

171 1907 370 1979 1016Pssaxit
386 1906 420 1938 P
504 1908 604 1939 ducat
619 1908 654 1938 P
738 1909 816 1939 uole
832 1908 866 1939 P
974 1918 1054 1947 1017
1068 1918 1134 1947 que
1146 1907 1179 1938 P
1265 1907 1406 1947 proterit
1418 1907 1493 1946 plus

167 1950 231 1980 erit

212 2003 448 2026 FRAGMENTVM
480 1996 600 2027 taedeo
619 1995 671 2026 ‘in
691 1995 812 2026 Casina
830 1995 944 2027 Plauti
957 1996 1117 2036 legimus,'
1139 1994 1309 2026 Cledom'us
1325 2004 1354 2034 5,
1373 1995 1415 2034 58
1431 1993 1473 2026 Κ.
