1814 2723
220 57 272 94 ΙΙ.
294 57 369 94 viii
707 59 751 96 T.
787 58 967 97 MACCI
1000 59 1203 96 PLAVTI

292 168 364 205 01..
398 174 439 205 ut
461 167 530 206 tibi
552 181 624 217 ego
646 167 830 205 inuentus
852 181 938 205 sum
960 179 1185 217 opsequens
1204 169 1210 204 !
1268 168 1377 217 quod
1398 180 1580 206 maxume

290 232 487 283 cupiebas,
511 232 607 271 eiius
628 232 783 281 copiam
806 231 879 270 feci
901 231 982 270 tibi.
1641 243 1712 281 450

232 308 270 341 15
290 296 361 335 erit
381 297 500 336 hodie
521 305 651 335 tecum
673 298 782 346 quod
802 310 910 335 amas
931 298 1032 335 clam
1054 310 1225 336 uxorem.
1287 298 1356 334 Lv.
1389 304 1484 335 tace.

290 361 342 400 ita
363 376 426 400 me
446 362 484 400 di
508 363 609 400 bene
629 369 762 400 ament
784 369 825 400 ut
847 375 919 411 ego
940 362 1005 400 uix
1025 362 1194 412 reprimo
1215 362 1323 400 labra

289 427 342 465 ob
363 426 486 465 istanc
508 441 588 465 rem
610 426 705 476 quin
728 434 765 465 te
786 428 1002 473 deosculer,
1025 429 1209 477 uoluptas
1231 441 1327 466 mea.

291 493 367 531 CH.
400 492 507 541 quid,
531 493 759 530 deosculere
773 494 790 529 ?
819 506 920 541 quae
941 493 1030 530 res?
1060 505 1161 541 quae
1182 494 1365 542 uoluptas
1386 495 1483 531 tua?

290 558 409 595 credo
430 558 560 595 hercle
582 558 763 595 ecfodere
784 556 848 595 hic
869 558 952 595 uolt
973 555 1146 595 uesicam
1168 557 1297 596 uilico.
1643 568 1710 605 455

232 634 272 656 20
292 623 365 661 OL.
398 621 541 671 ecquid
571 635 679 660 amas
707 636 813 660 nunc
839 623 931 659 me?
988 623 1058 660 Lv.
1090 621 1214 660 immo
1239 623 1383 672 edepol
1410 636 1474 662 me
1502 635 1623 672 quam

1422 694 1461 725 te
1480 687 1621 725 minus.

289 752 431 791 licetne
452 752 636 802 amplecti
658 754 724 790 te?
782 753 858 791 CH.
892 751 1000 801 quid,
1027 752 1284 802 ‘amplecti⁷?
1340 753 1415 791 OL.
1447 752 1551 791 licet.

290 819 359 855 Lv.
393 825 445 865 ut,
468 817 560 868 quia
581 825 618 855 te
640 825 768 867 tango,
793 819 870 856 mel
892 817 989 856 mihi
1009 817 1146 856 uideor
1166 817 1336 868 lingere!

292 883 364 920 OL.
399 883 501 920 ultro
523 889 570 928 te,
594 889 755 928 amator,
779 895 902 932 apage
924 889 961 920 te
981 896 1004 920 a
1025 883 1144 921 dorso
1166 895 1255 920 meo
1275 885 1281 920 !

293 948 369 986 CH.
403 947 493 985 illuc
514 954 583 994 est,
606 947 709 993 illuc,
733 948 841 996 quod
862 947 926 986 hic
947 948 1053 986 hunc
1075 947 1165 986 fecit
1185 947 1345 986 uilicum
1364 964 1371 986 :
1645 949 1714 992 460

232 1026 269 1057 25
291 1018 329 1049 et
349 1011 455 1050 idem
477 1025 540 1050 me
560 1011 724 1062 pridem,
748 1025 869 1061 quom
891 1011 927 1050 ei
947 1013 1161 1050 aduorsum
1182 1026 1379 1060 ueneram,

290 1077 416 1114 facere
435 1075 645 1115 atriensem
667 1077 844 1115 uoluerat
864 1077 938 1115 sub
958 1075 1084 1115 ianua.

291 1141 362 1179 OL.
396 1148 439 1178 ut
460 1140 530 1179 tibi
552 1140 766 1191 morigerus
786 1140 916 1187 hodie,
941 1148 983 1179 ut
1004 1141 1196 1192 uoluptati
1216 1141 1294 1179 fui!

292 1207 361 1243 Lv.
394 1213 437 1244 ut
457 1205 538 1253 tibi,
562 1207 657 1244 dum
679 1206 825 1253 uiuam,
849 1206 951 1244 bene
972 1206 1090 1245 uelim
1112 1208 1199 1256 plus
1219 1220 1339 1256 quam
1360 1206 1470 1245 mihi.

293 1272 369 1310 CH.
402 1270 522 1310 hodie
543 1272 684 1318 hercle,
708 1271 858 1321 opinor,
882 1271 921 1309 hi
943 1271 1237 1310 conturbabunt
1257 1273 1403 1321 pedes:
1644 1273 1709 1318 465

232 1349 273 1380 30
291 1337 390 1374 solet
410 1335 474 1374 1110
495 1336 678 1375 barbatos
699 1350 793 1374 sane
814 1335 952 1374 sectari
973 1349 1101 1374 senex.

292 1402 361 1438 Lv.
394 1407 437 1438 ut
457 1414 530 1451 ego
551 1400 671 1439 hodie
692 1400 879 1440 Casinam
900 1400 1172 1446 deosculabor,
1195 1407 1238 1438 ut
1259 1399 1355 1438 1111111

290 1466 397 1504 bona
417 1468 538 1504 multa
560 1466 700 1505 faciam
720 1464 858 1518 (clam)
878 1480 1006 1504 meam
1028 1479 1189 1504 uxorem
1207 1468 1213 1503 1
1272 1467 1349 1505 CH.
1382 1473 1526 1505 attatae
1544 1468 1551 1504 !

292 1545 397 1570 nunc
418 1532 484 1581 pol
505 1545 578 1581 ego
599 1532 761 1570 demum
783 1531 823 1569 in
843 1538 989 1570 rectam
1010 1530 1107 1569 redii
1128 1530 1319 1569 semitam.

292 1596 355 1635 1110
376 1596 482 1647 ipsus
506 1597 692 1636 Casi‘nam
713 1597 876 1647 deperit.
926 1596 1063 1635 habeo
1075 1596 1190 1634 uiros.
1642 1606 1712 1640 470

231 1669 272 1702 35
293 1663 366 1698 Lv.
396 1660 473 1699 iarn
494 1662 624 1700 hercle
644 1660 867 1711 amplexari,
889 1660 966 1699 iam
988 1660 1155 1699 osculari
1173 1660 1308 1710 gestio.

292 1726 366 1764 OL.
399 1725 483 1764 sine
503 1725 600 1776 priu'
621 1725 776 1764 deduci.
810 1725 918 1775 quid,
941 1727 1100 1777 malum,
1122 1727 1337 1776 properas?
1393 1727 1464 1763 LY.
1495 1739 1597 1765 amo.

291 1791 364 1829 OL.
396 1798 435 1829 at
455 1805 535 1830 non
557 1791 698 1841 opinor
719 1790 800 1829 fieri
821 1792 897 1829 hoc
917 1804 1033 1841 posse
1054 1790 1183 1829 hodie.
1244 1792 1314 1828 Lv.
1346 1797 1486 1841 potest,

291 1855 487 1905 siquidem
508 1870 592 1894 cras
613 1870 750 1895 censes
772 1863 810 1894 te
830 1869 946 1906 posse
967 1855 1093 1894 emitti
1114 1869 1243 1894 manu.

293 1921 370 1959 CH.
404 1921 509 1959 enim
531 1936 625 1960 uero
646 1923 724 1960 huc
744 1936 857 1961 aures
878 1921 991 1971 magi'
1012 1929 1103 1959 sunt
1122 1921 1373 1960 adhibendae
1394 1920 1490 1959 mihi
1508 1937 1514 1958 :
1642 1929 1709 1966 475

229 1998 273 2030 40
293 1985 370 2023 iarn
391 2000 464 2036 ego
484 2001 565 2025 uno
586 1987 625 2024 in
647 1989 746 2026 saltu
768 1973 1033 2037 lepide-apros
1054 1986 1207 2036 capiam
1228 1987 1339 2024 duos.

293 2053 362 2090 Lv.
394 2053 501 2102 apud
521 2054 628 2090 hunc
649 2053 826 2091 sodalem
847 2065 980 2089 meum
1001 2058 1119 2100 atque
1139 2049 1314 2088 uicinum
1336 2049 1432 2087 mihi

334 2165 396 2195 451
423 2159 512 2186 tatae
537 2155 664 2186 Sclzoell
803 2164 866 2194 454
899 2154 1096 2185 deosculere
1121 2152 1307 2184 Meursius:
1347 2153 1524 2184 deosculer
1555 2153 1621 2186 cod.

291 2208 354 2238 455
378 2199 536 2229 ecfodere
554 2199 668 2229 hercle
686 2199 740 2229 hic
758 2199 828 2229 uolt
845 2199 947 2228 credo
964 2198 1030 2230 cod.
1047 2209 1053 2227 ε
1079 2198 1150 2228 irai.
1171 2196 1272 2227 Bothe
1403 2198 1465 2236 465
1490 2196 1529 2227 iis
1548 2197 1581 2237 (i.
1593 2207 1617 2226 ε.

254 2243 262 2253 Χ
292 2258 465 2300 hismod.
480 2258 529 2298 (hi
543 2258 602 2299 J2)
683 2259 763 2299 fort.
781 2259 884 2297 opino
902 2258 937 2288 hi
953 2258 1016 2289 sibi
1036 2239 1123 2299 (lm.
1257 2257 1320 2296 468
1345 2256 1429 2287 clam
1446 2255 1522 2288 add.
1538 2255 1621 2287 Pius

292 2307 407 2345 (praec.
422 2302 541 2342 -ciam)
674 2312 737 2341 473
761 2302 812 2332 vel
825 2302 929 2342 opino
984 2302 1006 2312 ‘
1062 2311 1125 2342 474
1149 2300 1255 2331 emitti
1275 2300 1508 2331 Camerarius:
1532 2299 1620 2330 mitti

291 2346 357 2379 cod.
490 2355 553 2386 475
577 2345 627 2376 vel
641 2356 739 2385 mage
