<?xml version="1.0" encoding="UTF-8"?>
<!DOCTYPE html PUBLIC "-//W3C//DTD XHTML 1.0 Transitional//EN"
    "http://www.w3.org/TR/xhtml1/DTD/xhtml1-transitional.dtd">
<html xmlns="http://www.w3.org/1999/xhtml" xml:lang="en" lang="en">
 <head>
  <title>
</title>
<meta http-equiv="Content-Type" content="text/html;charset=utf-8" />
  <meta name='ocr-system' content='tesseract 3.04.00' />
  <meta name='ocr-capabilities' content='ocr_page ocr_carea ocr_par ocr_line ocrx_word'/>
</head>
<body>
  <div class='ocr_page' id='page_1' title='image "./tmacciplauticomo01plauuoft_0269.png"; bbox 0 0 1742 2718; ppageno 0'>
   <div class='ocr_carea' id='block_1_1' title="bbox 710 71 1502 115">
    <p class='ocr_par' dir='ltr' id='par_1_1' title="bbox 710 71 1502 115">
     <span class='ocr_line' id='line_1_1' title="bbox 710 71 1502 115; baseline -0.008 -1"><span class='ocrx_word' id='word_1_1' title='bbox 710 75 915 115; x_wconf 90' lang='lat' dir='ltr'>CASINA</span> <span class='ocrx_word' id='word_1_2' title='bbox 1420 73 1468 109; x_wconf 90' lang='grc' dir='ltr'>ΙΙ.</span> <span class='ocrx_word' id='word_1_3' title='bbox 1491 71 1502 108; x_wconf 86' lang='grc' dir='ltr'>ι’</span> 
     </span>
    </p>
   </div>
   <div class='ocr_carea' id='block_1_2' title="bbox 202 181 1309 301">
    <p class='ocr_par' dir='ltr' id='par_1_2' title="bbox 202 181 1309 301">
     <span class='ocr_line' id='line_1_2' title="bbox 202 181 1309 235; baseline -0.004 -12"><span class='ocrx_word' id='word_1_4' title='bbox 202 186 272 224; x_wconf 90' lang='lat' dir='ltr'>sed</span> <span class='ocrx_word' id='word_1_5' title='bbox 293 185 376 223; x_wconf 90' lang='lat' dir='ltr'>fori&#39;</span> <span class='ocrx_word' id='word_1_6' title='bbox 397 184 637 235; x_wconf 82' lang='lat' dir='ltr'>concrepuit,</span> <span class='ocrx_word' id='word_1_7' title='bbox 661 190 780 233; x_wconf 86' lang='lat' dir='ltr'>atque</span> <span class='ocrx_word' id='word_1_8' title='bbox 801 197 917 233; x_wconf 87' lang='lat' dir='ltr'>eapse</span> <span class='ocrx_word' id='word_1_9' title='bbox 938 196 1072 221; x_wconf 88' lang='lat' dir='ltr'>eccam</span> <span class='ocrx_word' id='word_1_10' title='bbox 1095 181 1309 232; x_wconf 84' lang='lat' dir='ltr'>egreditur!</span> 
     </span>
     <span class='ocr_line' id='line_1_3' title="bbox 254 247 1111 301; baseline -0.005 -13"><span class='ocrx_word' id='word_1_11' title='bbox 254 264 335 288; x_wconf 92' lang='lat' dir='ltr'>non</span> <span class='ocrx_word' id='word_1_12' title='bbox 356 251 421 301; x_wconf 93' lang='lat' dir='ltr'>pol</span> <span class='ocrx_word' id='word_1_13' title='bbox 443 264 511 300; x_wconf 89' lang='lat' dir='ltr'>per</span> <span class='ocrx_word' id='word_1_14' title='bbox 532 257 687 299; x_wconf 89' lang='lat' dir='ltr'>tempus</span> <span class='ocrx_word' id='word_1_15' title='bbox 708 248 779 287; x_wconf 87' lang='lat' dir='ltr'>iter</span> <span class='ocrx_word' id='word_1_16' title='bbox 799 249 877 286; x_wconf 91' lang='lat' dir='ltr'>huc</span> <span class='ocrx_word' id='word_1_17' title='bbox 899 248 951 285; x_wconf 90' lang='lat' dir='ltr'>mi</span> <span class='ocrx_word' id='word_1_18' title='bbox 973 247 1111 297; x_wconf 89' lang='lat' dir='ltr'>incepi.</span> 
     </span>
    </p>
   </div>
   <div class='ocr_carea' id='block_1_3' title="bbox 413 364 1528 403">
    <p class='ocr_par' dir='ltr' id='par_1_3' title="bbox 413 364 1528 403">
     <span class='ocr_line' id='line_1_4' title="bbox 413 364 1528 403; baseline -0.002 0"><span class='ocrx_word' id='word_1_19' title='bbox 413 367 730 403; x_wconf 75' lang='lat' dir='ltr'>MVRRHINA</span> <span class='ocrx_word' id='word_1_20' title='bbox 843 365 1218 402; x_wconf 71' lang='lat' dir='ltr'>CLEvsTRATA</span> <span class='ocrx_word' id='word_1_21' title='bbox 1497 364 1528 401; x_wconf 82' lang='lat' dir='ltr'>ii</span> 
     </span>
    </p>
   </div>
   <div class='ocr_carea' id='block_1_4' title="bbox 16 449 1480 566">
    <p class='ocr_par' dir='ltr' id='par_1_4' title="bbox 16 449 1480 566">
     <span class='ocr_line' id='line_1_5' title="bbox 16 449 1476 506; baseline -0.005 -13"><span class='ocrx_word' id='word_1_22' title='bbox 16 458 127 506; x_wconf 80' lang='lat'>165—6</span> <span class='ocrx_word' id='word_1_23' title='bbox 150 455 232 492; x_wconf 72' lang='lat' dir='ltr'>Mv.</span> <span class='ocrx_word' id='word_1_24' title='bbox 265 452 495 503; x_wconf 83' lang='lat' dir='ltr'>Sequimini,</span> <span class='ocrx_word' id='word_1_25' title='bbox 515 451 690 499; x_wconf 80' lang='lat' dir='ltr'>comites,</span> <span class='ocrx_word' id='word_1_26' title='bbox 721 451 759 489; x_wconf 92' lang='lat' dir='ltr'>in</span> <span class='ocrx_word' id='word_1_27' title='bbox 788 463 1023 501; x_wconf 86' lang='lat' dir='ltr'>proxumum</span> <span class='ocrx_word' id='word_1_28' title='bbox 1046 462 1108 487; x_wconf 87' lang='lat' dir='ltr'>me</span> <span class='ocrx_word' id='word_1_29' title='bbox 1129 449 1217 486; x_wconf 90' lang='lat' dir='ltr'>huc.</span> <span class='ocrx_word' id='word_1_30' title='bbox 1277 449 1374 487; x_wconf 87' lang='lat' dir='ltr'>heus</span> <span class='ocrx_word' id='word_1_31' title='bbox 1394 461 1476 493; x_wconf 89' lang='lat' dir='ltr'>uos,</span> 
     </span>
     <span class='ocr_line' id='line_1_6' title="bbox 788 512 1480 566; baseline -0.006 -12"><span class='ocrx_word' id='word_1_32' title='bbox 788 516 922 566; x_wconf 84' lang='lat' dir='ltr'>ecquis</span> <span class='ocrx_word' id='word_1_33' title='bbox 944 517 1041 553; x_wconf 86' lang='lat' dir='ltr'>haec</span> <span class='ocrx_word' id='word_1_34' title='bbox 1062 527 1163 564; x_wconf 82' lang='lat' dir='ltr'>quae</span> <span class='ocrx_word' id='word_1_35' title='bbox 1183 514 1322 563; x_wconf 89' lang='lat' dir='ltr'>loquor</span> <span class='ocrx_word' id='word_1_36' title='bbox 1341 512 1480 551; x_wconf 84' lang='lat' dir='ltr'>audit?</span> 
     </span>
    </p>
   </div>
   <div class='ocr_carea' id='block_1_5' title="bbox 310 581 1193 634">
    <p class='ocr_par' dir='ltr' id='par_1_5' title="bbox 310 581 1193 634">
     <span class='ocr_line' id='line_1_7' title="bbox 310 581 1193 634; baseline -0.006 -12"><span class='ocrx_word' id='word_1_37' title='bbox 310 597 383 634; x_wconf 85' lang='lat' dir='ltr'>ego</span> <span class='ocrx_word' id='word_1_38' title='bbox 403 583 466 622; x_wconf 91' lang='lat' dir='ltr'>hic</span> <span class='ocrx_word' id='word_1_39' title='bbox 487 597 565 630; x_wconf 83' lang='lat' dir='ltr'>ero,</span> <span class='ocrx_word' id='word_1_40' title='bbox 588 582 647 620; x_wconf 90' lang='lat' dir='ltr'>uir</span> <span class='ocrx_word' id='word_1_41' title='bbox 667 582 698 621; x_wconf 90' lang='lat' dir='ltr'>si</span> <span class='ocrx_word' id='word_1_42' title='bbox 719 590 786 620; x_wconf 82' lang='lat' dir='ltr'>aut</span> <span class='ocrx_word' id='word_1_43' title='bbox 807 581 1001 632; x_wconf 82' lang='lat' dir='ltr'>quispiam</span> <span class='ocrx_word' id='word_1_44' title='bbox 1024 586 1193 630; x_wconf 75' lang='lat' dir='ltr'>quaeret.</span> 
     </span>
    </p>
   </div>
   <div class='ocr_carea' id='block_1_6' title="bbox 15 644 1517 826">
    <p class='ocr_par' dir='ltr' id='par_1_6' title="bbox 15 644 1517 826">
     <span class='ocr_line' id='line_1_8' title="bbox 16 644 1290 700; baseline -0.009 -8"><span class='ocrx_word' id='word_1_45' title='bbox 16 658 127 700; x_wconf 83' lang='lat'>168-9</span> <span class='ocrx_word' id='word_1_46' title='bbox 255 663 346 688; x_wconf 89' lang='lat' dir='ltr'>nam</span> <span class='ocrx_word' id='word_1_47' title='bbox 368 649 435 687; x_wconf 90' lang='lat' dir='ltr'>ubi</span> <span class='ocrx_word' id='word_1_48' title='bbox 457 648 566 687; x_wconf 86' lang='lat' dir='ltr'>domi</span> <span class='ocrx_word' id='word_1_49' title='bbox 588 650 671 686; x_wconf 89' lang='lat' dir='ltr'>sola</span> <span class='ocrx_word' id='word_1_50' title='bbox 691 661 789 694; x_wconf 87' lang='lat' dir='ltr'>sum,</span> <span class='ocrx_word' id='word_1_51' title='bbox 814 660 931 697; x_wconf 90' lang='lat' dir='ltr'>sopor</span> <span class='ocrx_word' id='word_1_52' title='bbox 953 659 1092 683; x_wconf 86' lang='lat' dir='ltr'>manus</span> <span class='ocrx_word' id='word_1_53' title='bbox 1114 644 1290 682; x_wconf 87' lang='lat' dir='ltr'>caluitur.</span> 
     </span>
     <span class='ocr_line' id='line_1_9' title="bbox 15 709 1250 762; baseline -0.006 -9"><span class='ocrx_word' id='word_1_54' title='bbox 15 728 123 762; x_wconf 91' lang='lat' dir='ltr'>17o-1</span> <span class='ocrx_word' id='word_1_55' title='bbox 201 714 322 753; x_wconf 89' lang='lat' dir='ltr'>iussin</span> <span class='ocrx_word' id='word_1_56' title='bbox 344 715 475 752; x_wconf 90' lang='lat' dir='ltr'>colum</span> <span class='ocrx_word' id='word_1_57' title='bbox 497 713 584 751; x_wconf 88' lang='lat' dir='ltr'>ferri</span> <span class='ocrx_word' id='word_1_58' title='bbox 606 712 732 750; x_wconf 82' lang='lat' dir='ltr'>mihi?</span> <span class='ocrx_word' id='word_1_59' title='bbox 790 713 861 751; x_wconf 86' lang='lat' dir='ltr'>CL.</span> <span class='ocrx_word' id='word_1_60' title='bbox 896 709 1108 760; x_wconf 77' lang='lat' dir='ltr'>Myrrhina,</span> <span class='ocrx_word' id='word_1_61' title='bbox 1133 710 1250 747; x_wconf 86' lang='lat' dir='ltr'>salue.</span> 
     </span>
     <span class='ocr_line' id='line_1_10' title="bbox 17 773 1517 826; baseline -0.005 -9"><span class='ocrx_word' id='word_1_62' title='bbox 17 791 126 826; x_wconf 82' lang='lat'>172-3</span> <span class='ocrx_word' id='word_1_63' title='bbox 203 781 285 816; x_wconf 81' lang='lat' dir='ltr'>Mv.</span> <span class='ocrx_word' id='word_1_64' title='bbox 318 780 426 816; x_wconf 88' lang='lat' dir='ltr'>salue</span> <span class='ocrx_word' id='word_1_65' title='bbox 447 785 650 822; x_wconf 78' lang='lat' dir='ltr'>mecastor.</span> <span class='ocrx_word' id='word_1_66' title='bbox 711 778 780 815; x_wconf 87' lang='lat' dir='ltr'>sed</span> <span class='ocrx_word' id='word_1_67' title='bbox 803 776 898 826; x_wconf 86' lang='lat' dir='ltr'>quid</span> <span class='ocrx_word' id='word_1_68' title='bbox 919 783 960 813; x_wconf 94' lang='lat' dir='ltr'>tu</span> <span class='ocrx_word' id='word_1_69' title='bbox 982 789 1022 813; x_wconf 86' lang='lat' dir='ltr'>es</span> <span class='ocrx_word' id='word_1_70' title='bbox 1044 773 1170 821; x_wconf 81' lang='lat' dir='ltr'>tristis,</span> <span class='ocrx_word' id='word_1_71' title='bbox 1194 773 1367 811; x_wconf 86' lang='lat' dir='ltr'>amabo?</span> <span class='ocrx_word' id='word_1_72' title='bbox 1499 786 1517 817; x_wconf 86' lang='lat'>5</span> 
     </span>
    </p>
   </div>
   <div class='ocr_carea' id='block_1_7' title="bbox 17 842 1542 1350">
    <p class='ocr_par' dir='ltr' id='par_1_7' title="bbox 17 842 1542 1350">
     <span class='ocr_line' id='line_1_11' title="bbox 17 842 1156 892; baseline -0.004 -11"><span class='ocrx_word' id='word_1_73' title='bbox 17 854 125 890; x_wconf 79' lang='lat'>174-5</span> <span class='ocrx_word' id='word_1_74' title='bbox 149 845 218 883; x_wconf 90' lang='lat' dir='ltr'>CL.</span> <span class='ocrx_word' id='word_1_75' title='bbox 248 843 302 881; x_wconf 83' lang='lat' dir='ltr'>ita</span> <span class='ocrx_word' id='word_1_76' title='bbox 322 845 450 882; x_wconf 82' lang='lat' dir='ltr'>solent</span> <span class='ocrx_word' id='word_1_77' title='bbox 470 856 609 881; x_wconf 91' lang='lat' dir='ltr'>omnes</span> <span class='ocrx_word' id='word_1_78' title='bbox 631 856 732 892; x_wconf 85' lang='lat' dir='ltr'>quae</span> <span class='ocrx_word' id='word_1_79' title='bbox 753 849 843 880; x_wconf 86' lang='lat' dir='ltr'>sunt</span> <span class='ocrx_word' id='word_1_80' title='bbox 864 842 966 879; x_wconf 89' lang='lat' dir='ltr'>male</span> <span class='ocrx_word' id='word_1_81' title='bbox 987 847 1156 890; x_wconf 82' lang='lat' dir='ltr'>nuptae:</span> 
     </span>
     <span class='ocr_line' id='line_1_12' title="bbox 17 905 1212 958; baseline -0.006 -10"><span class='ocrx_word' id='word_1_82' title='bbox 17 909 126 952; x_wconf 87' lang='lat'>176-7</span> <span class='ocrx_word' id='word_1_83' title='bbox 202 908 311 947; x_wconf 90' lang='lat' dir='ltr'>domi</span> <span class='ocrx_word' id='word_1_84' title='bbox 332 916 370 946; x_wconf 86' lang='lat' dir='ltr'>et</span> <span class='ocrx_word' id='word_1_85' title='bbox 391 907 482 946; x_wconf 89' lang='lat' dir='ltr'>foris</span> <span class='ocrx_word' id='word_1_86' title='bbox 503 921 616 958; x_wconf 83' lang='lat' dir='ltr'>aegre</span> <span class='ocrx_word' id='word_1_87' title='bbox 639 908 747 957; x_wconf 85' lang='lat' dir='ltr'>quod</span> <span class='ocrx_word' id='word_1_88' title='bbox 769 906 841 944; x_wconf 89' lang='lat' dir='ltr'>siet</span> <span class='ocrx_word' id='word_1_89' title='bbox 863 905 945 944; x_wconf 86' lang='lat' dir='ltr'>sati&#39;</span> <span class='ocrx_word' id='word_1_90' title='bbox 968 918 1121 955; x_wconf 84' lang='lat' dir='ltr'>semper</span> <span class='ocrx_word' id='word_1_91' title='bbox 1145 911 1212 942; x_wconf 89' lang='lat' dir='ltr'>est.</span> 
     </span>
     <span class='ocr_line' id='line_1_13' title="bbox 309 968 1394 1022; baseline -0.005 -11"><span class='ocrx_word' id='word_1_92' title='bbox 309 986 401 1010; x_wconf 89' lang='lat' dir='ltr'>nam</span> <span class='ocrx_word' id='word_1_93' title='bbox 423 986 496 1022; x_wconf 85' lang='lat' dir='ltr'>ego</span> <span class='ocrx_word' id='word_1_94' title='bbox 515 972 622 1010; x_wconf 83' lang='lat' dir='ltr'>ibam</span> <span class='ocrx_word' id='word_1_95' title='bbox 643 973 694 1010; x_wconf 80' lang='lat' dir='ltr'>ad</span> <span class='ocrx_word' id='word_1_96' title='bbox 716 979 761 1009; x_wconf 90' lang='lat' dir='ltr'>te.</span> <span class='ocrx_word' id='word_1_97' title='bbox 826 973 909 1008; x_wconf 75' lang='lat' dir='ltr'>Mv.</span> <span class='ocrx_word' id='word_1_98' title='bbox 941 977 979 1008; x_wconf 83' lang='lat' dir='ltr'>et</span> <span class='ocrx_word' id='word_1_99' title='bbox 1000 971 1065 1019; x_wconf 91' lang='lat' dir='ltr'>pol</span> <span class='ocrx_word' id='word_1_100' title='bbox 1087 982 1159 1019; x_wconf 82' lang='lat' dir='ltr'>ego</span> <span class='ocrx_word' id='word_1_101' title='bbox 1180 968 1254 1007; x_wconf 91' lang='lat' dir='ltr'>isto</span> <span class='ocrx_word' id='word_1_102' title='bbox 1274 969 1325 1007; x_wconf 90' lang='lat' dir='ltr'>ad</span> <span class='ocrx_word' id='word_1_103' title='bbox 1346 975 1394 1006; x_wconf 91' lang='lat' dir='ltr'>te.</span> 
     </span>
     <span class='ocr_line' id='line_1_14' title="bbox 309 1034 1274 1087; baseline -0.004 -12"><span class='ocrx_word' id='word_1_104' title='bbox 309 1039 379 1076; x_wconf 89' lang='lat' dir='ltr'>sed</span> <span class='ocrx_word' id='word_1_105' title='bbox 400 1037 496 1087; x_wconf 82' lang='lat' dir='ltr'>quid</span> <span class='ocrx_word' id='word_1_106' title='bbox 517 1044 575 1075; x_wconf 89' lang='lat' dir='ltr'>est</span> <span class='ocrx_word' id='word_1_107' title='bbox 596 1037 705 1087; x_wconf 85' lang='lat' dir='ltr'>quod</span> <span class='ocrx_word' id='word_1_108' title='bbox 726 1043 794 1074; x_wconf 88' lang='lat' dir='ltr'>tuo</span> <span class='ocrx_word' id='word_1_109' title='bbox 815 1049 921 1073; x_wconf 91' lang='lat' dir='ltr'>nunc</span> <span class='ocrx_word' id='word_1_110' title='bbox 941 1034 1075 1073; x_wconf 89' lang='lat' dir='ltr'>animo</span> <span class='ocrx_word' id='word_1_111' title='bbox 1095 1035 1274 1083; x_wconf 80' lang='lat' dir='ltr'>aegrest?</span> 
     </span>
     <span class='ocr_line' id='line_1_15' title="bbox 17 1097 1542 1152; baseline -0.004 -11"><span class='ocrx_word' id='word_1_112' title='bbox 17 1108 125 1141; x_wconf 90' lang='lat'>180—1</span> <span class='ocrx_word' id='word_1_113' title='bbox 364 1116 455 1141; x_wconf 88' lang='lat' dir='ltr'>nam</span> <span class='ocrx_word' id='word_1_114' title='bbox 477 1102 586 1152; x_wconf 80' lang='lat' dir='ltr'>quod</span> <span class='ocrx_word' id='word_1_115' title='bbox 606 1101 677 1140; x_wconf 78' lang='lat' dir='ltr'>tibi</span> <span class='ocrx_word' id='word_1_116' title='bbox 697 1109 755 1140; x_wconf 79' lang='lat' dir='ltr'>est</span> <span class='ocrx_word' id='word_1_117' title='bbox 775 1100 900 1151; x_wconf 69' lang='lat' dir='ltr'>aegre,</span> <span class='ocrx_word' id='word_1_118' title='bbox 924 1100 1030 1139; x_wconf 88' lang='lat' dir='ltr'>idem</span> <span class='ocrx_word' id='word_1_119' title='bbox 1052 1099 1142 1136; x_wconf 86' lang='lat' dir='ltr'>mist</span> <span class='ocrx_word' id='word_1_120' title='bbox 1163 1097 1346 1137; x_wconf 88' lang='lat' dir='ltr'>diuidiae.</span> <span class='ocrx_word' id='word_1_121' title='bbox 1503 1114 1542 1136; x_wconf 90' lang='lat'>10</span> 
     </span>
     <span class='ocr_line' id='line_1_16' title="bbox 148 1163 1480 1217; baseline -0.006 -8"><span class='ocrx_word' id='word_1_122' title='bbox 148 1171 218 1210; x_wconf 86' lang='lat' dir='ltr'>CL.</span> <span class='ocrx_word' id='word_1_123' title='bbox 250 1169 381 1216; x_wconf 92' lang='lat' dir='ltr'>credo,</span> <span class='ocrx_word' id='word_1_124' title='bbox 422 1175 587 1217; x_wconf 79' lang='lat' dir='ltr'>ecastor,</span> <span class='ocrx_word' id='word_1_125' title='bbox 626 1182 718 1206; x_wconf 91' lang='lat' dir='ltr'>nam</span> <span class='ocrx_word' id='word_1_126' title='bbox 757 1167 929 1206; x_wconf 88' lang='lat' dir='ltr'>uicinam</span> <span class='ocrx_word' id='word_1_127' title='bbox 968 1164 1169 1204; x_wconf 88' lang='lat' dir='ltr'>neminem</span> <span class='ocrx_word' id='word_1_128' title='bbox 1208 1178 1299 1202; x_wconf 83' lang='lat' dir='ltr'>amo</span> <span class='ocrx_word' id='word_1_129' title='bbox 1342 1163 1480 1202; x_wconf 82' lang='lat' dir='ltr'>merito</span> 
     </span>
     <span class='ocr_line' id='line_1_17' title="bbox 1167 1229 1480 1279; baseline -0.003 -11"><span class='ocrx_word' id='word_1_130' title='bbox 1167 1229 1280 1279; x_wconf 84' lang='lat' dir='ltr'>magi’</span> <span class='ocrx_word' id='word_1_131' title='bbox 1301 1243 1421 1279; x_wconf 85' lang='lat' dir='ltr'>quam</span> <span class='ocrx_word' id='word_1_132' title='bbox 1442 1236 1480 1267; x_wconf 92' lang='lat' dir='ltr'>te</span> 
     </span>
     <span class='ocr_line' id='line_1_18' title="bbox 419 1298 894 1350; baseline -0.004 -12"><span class='ocrx_word' id='word_1_133' title='bbox 419 1314 493 1338; x_wconf 92' lang='lat' dir='ltr'>nec</span> <span class='ocrx_word' id='word_1_134' title='bbox 512 1312 591 1350; x_wconf 84' lang='lat' dir='ltr'>qua</span> <span class='ocrx_word' id='word_1_135' title='bbox 611 1298 651 1337; x_wconf 91' lang='lat' dir='ltr'>in</span> <span class='ocrx_word' id='word_1_136' title='bbox 672 1300 782 1349; x_wconf 87' lang='lat' dir='ltr'>plura</span> <span class='ocrx_word' id='word_1_137' title='bbox 802 1305 894 1337; x_wconf 91' lang='lat' dir='ltr'>sunt</span> 
     </span>
    </p>
   </div>
   <div class='ocr_carea' id='block_1_8' title="bbox 18 1363 1540 1546">
    <p class='ocr_par' dir='ltr' id='par_1_8' title="bbox 18 1363 1540 1546">
     <span class='ocr_line' id='line_1_19' title="bbox 48 1363 881 1415; baseline -0.004 -11"><span class='ocrx_word' id='word_1_138' title='bbox 48 1371 131 1413; x_wconf 68' lang='lat' dir='ltr'>183a</span> <span class='ocrx_word' id='word_1_139' title='bbox 420 1364 516 1403; x_wconf 90' lang='lat' dir='ltr'>mihi</span> <span class='ocrx_word' id='word_1_140' title='bbox 536 1378 638 1414; x_wconf 82' lang='lat' dir='ltr'>quae</span> <span class='ocrx_word' id='word_1_141' title='bbox 658 1378 731 1415; x_wconf 86' lang='lat' dir='ltr'>ego</span> <span class='ocrx_word' id='word_1_142' title='bbox 751 1363 881 1402; x_wconf 90' lang='lat' dir='ltr'>uelim.</span> 
     </span>
     <span class='ocr_line' id='line_1_20' title="bbox 366 1425 1378 1479; baseline -0.005 -11"><span class='ocrx_word' id='word_1_143' title='bbox 366 1432 450 1468; x_wconf 76' lang='lat' dir='ltr'>Mv.</span> <span class='ocrx_word' id='word_1_144' title='bbox 480 1443 572 1468; x_wconf 88' lang='lat' dir='ltr'>amo</span> <span class='ocrx_word' id='word_1_145' title='bbox 592 1437 641 1476; x_wconf 90' lang='lat' dir='ltr'>te,</span> <span class='ocrx_word' id='word_1_146' title='bbox 663 1437 782 1479; x_wconf 86' lang='lat' dir='ltr'>atque</span> <span class='ocrx_word' id='word_1_147' title='bbox 802 1428 902 1467; x_wconf 89' lang='lat' dir='ltr'>istuc</span> <span class='ocrx_word' id='word_1_148' title='bbox 922 1435 1064 1478; x_wconf 89' lang='lat' dir='ltr'>expeto</span> <span class='ocrx_word' id='word_1_149' title='bbox 1085 1426 1182 1466; x_wconf 89' lang='lat' dir='ltr'>scire</span> <span class='ocrx_word' id='word_1_150' title='bbox 1202 1425 1299 1476; x_wconf 86' lang='lat' dir='ltr'>quid</span> <span class='ocrx_word' id='word_1_151' title='bbox 1320 1425 1378 1464; x_wconf 89' lang='lat' dir='ltr'>sit.</span> 
     </span>
     <span class='ocr_line' id='line_1_21' title="bbox 18 1492 1540 1546; baseline -0.004 -11"><span class='ocrx_word' id='word_1_152' title='bbox 18 1499 129 1544; x_wconf 82' lang='lat'>185—6</span> <span class='ocrx_word' id='word_1_153' title='bbox 202 1497 273 1535; x_wconf 88' lang='lat' dir='ltr'>CL.</span> <span class='ocrx_word' id='word_1_154' title='bbox 306 1494 499 1546; x_wconf 85' lang='lat' dir='ltr'>pessumis</span> <span class='ocrx_word' id='word_1_155' title='bbox 519 1508 583 1532; x_wconf 89' lang='lat' dir='ltr'>me</span> <span class='ocrx_word' id='word_1_156' title='bbox 604 1493 733 1532; x_wconf 89' lang='lat' dir='ltr'>modis</span> <span class='ocrx_word' id='word_1_157' title='bbox 754 1493 978 1543; x_wconf 88' lang='lat' dir='ltr'>despicatur</span> <span class='ocrx_word' id='word_1_158' title='bbox 999 1492 1118 1531; x_wconf 90' lang='lat' dir='ltr'>domi.</span> <span class='ocrx_word' id='word_1_159' title='bbox 1304 1520 1312 1523; x_wconf 87' lang='lat'>-</span> <span class='ocrx_word' id='word_1_160' title='bbox 1503 1505 1540 1538; x_wconf 89' lang='lat'>15</span> 
     </span>
    </p>
   </div>
   <div class='ocr_carea' id='block_1_9' title="bbox 66 1556 1541 1933">
    <p class='ocr_par' dir='ltr' id='par_1_9' title="bbox 201 1556 1403 1738">
     <span class='ocr_line' id='line_1_22' title="bbox 202 1556 1403 1609; baseline -0.003 -11"><span class='ocrx_word' id='word_1_161' title='bbox 202 1562 285 1598; x_wconf 73' lang='lat' dir='ltr'>Mv.</span> <span class='ocrx_word' id='word_1_162' title='bbox 319 1561 422 1607; x_wconf 87' lang='lat' dir='ltr'>hem,</span> <span class='ocrx_word' id='word_1_163' title='bbox 445 1559 541 1609; x_wconf 88' lang='lat' dir='ltr'>quid</span> <span class='ocrx_word' id='word_1_164' title='bbox 561 1560 650 1597; x_wconf 87' lang='lat' dir='ltr'>est?</span> <span class='ocrx_word' id='word_1_165' title='bbox 679 1558 744 1597; x_wconf 87' lang='lat' dir='ltr'>dic</span> <span class='ocrx_word' id='word_1_166' title='bbox 765 1557 873 1597; x_wconf 88' lang='lat' dir='ltr'>idem</span> <span class='ocrx_word' id='word_1_167' title='bbox 895 1558 1001 1608; x_wconf 86' lang='lat' dir='ltr'>(nam</span> <span class='ocrx_word' id='word_1_168' title='bbox 1023 1559 1089 1607; x_wconf 94' lang='lat' dir='ltr'>pol</span> <span class='ocrx_word' id='word_1_169' title='bbox 1109 1558 1187 1594; x_wconf 78' lang='lat' dir='ltr'>hau</span> <span class='ocrx_word' id='word_1_170' title='bbox 1209 1556 1292 1595; x_wconf 88' lang='lat' dir='ltr'>sati’</span> <span class='ocrx_word' id='word_1_171' title='bbox 1313 1570 1403 1595; x_wconf 92' lang='lat' dir='ltr'>meo</span> 
     </span>
     <span class='ocr_line' id='line_1_23' title="bbox 201 1623 1027 1674; baseline -0.005 -11"><span class='ocrx_word' id='word_1_172' title='bbox 201 1626 320 1664; x_wconf 90' lang='lat' dir='ltr'>corde</span> <span class='ocrx_word' id='word_1_173' title='bbox 340 1624 476 1674; x_wconf 87' lang='lat' dir='ltr'>accepi</span> <span class='ocrx_word' id='word_1_174' title='bbox 497 1625 689 1674; x_wconf 80' lang='lat' dir='ltr'>querellas</span> <span class='ocrx_word' id='word_1_175' title='bbox 711 1623 828 1674; x_wconf 77' lang='lat' dir='ltr'>tuas),</span> <span class='ocrx_word' id='word_1_176' title='bbox 852 1636 1027 1672; x_wconf 83' lang='lat' dir='ltr'>opsecro.</span> 
     </span>
     <span class='ocr_line' id='line_1_24' title="bbox 202 1686 1227 1738; baseline -0.004 -10"><span class='ocrx_word' id='word_1_177' title='bbox 202 1691 272 1729; x_wconf 86' lang='lat' dir='ltr'>CL.</span> <span class='ocrx_word' id='word_1_178' title='bbox 305 1689 363 1727; x_wconf 90' lang='lat' dir='ltr'>uir</span> <span class='ocrx_word' id='word_1_179' title='bbox 384 1703 447 1727; x_wconf 91' lang='lat' dir='ltr'>me</span> <span class='ocrx_word' id='word_1_180' title='bbox 467 1689 587 1727; x_wconf 88' lang='lat' dir='ltr'>habet</span> <span class='ocrx_word' id='word_1_181' title='bbox 608 1687 801 1738; x_wconf 89' lang='lat' dir='ltr'>pessumis</span> <span class='ocrx_word' id='word_1_182' title='bbox 822 1687 1064 1737; x_wconf 84' lang='lat' dir='ltr'>despicatam</span> <span class='ocrx_word' id='word_1_183' title='bbox 1086 1686 1227 1733; x_wconf 87' lang='lat' dir='ltr'>modis,</span> 
     </span>
    </p>

    <p class='ocr_par' dir='ltr' id='par_1_10' title="bbox 66 1751 1541 1933">
     <span class='ocr_line' id='line_1_25' title="bbox 66 1751 1074 1803; baseline -0.002 -12"><span class='ocrx_word' id='word_1_184' title='bbox 66 1765 131 1800; x_wconf 91' lang='lat'>190</span> <span class='ocrx_word' id='word_1_185' title='bbox 202 1768 275 1793; x_wconf 91' lang='lat' dir='ltr'>nec</span> <span class='ocrx_word' id='word_1_186' title='bbox 296 1753 392 1792; x_wconf 78' lang='lat' dir='ltr'>mihi</span> <span class='ocrx_word' id='word_1_187' title='bbox 413 1754 472 1792; x_wconf 87' lang='lat' dir='ltr'>ius</span> <span class='ocrx_word' id='word_1_188' title='bbox 494 1767 627 1792; x_wconf 91' lang='lat' dir='ltr'>meum</span> <span class='ocrx_word' id='word_1_189' title='bbox 648 1752 855 1803; x_wconf 79' lang='lat' dir='ltr'>optinendi</span> <span class='ocrx_word' id='word_1_190' title='bbox 876 1751 985 1802; x_wconf 89' lang='lat' dir='ltr'>optio</span> <span class='ocrx_word' id='word_1_191' title='bbox 1006 1759 1074 1790; x_wconf 88' lang='lat' dir='ltr'>est.</span> 
     </span>
     <span class='ocr_line' id='line_1_26' title="bbox 203 1815 1541 1868; baseline -0.004 -11"><span class='ocrx_word' id='word_1_192' title='bbox 203 1821 286 1857; x_wconf 65' lang='lat' dir='ltr'>Mv.</span> <span class='ocrx_word' id='word_1_193' title='bbox 319 1819 416 1857; x_wconf 84' lang='lat' dir='ltr'>mira</span> <span class='ocrx_word' id='word_1_194' title='bbox 435 1826 540 1866; x_wconf 83' lang='lat' dir='ltr'>sunt,</span> <span class='ocrx_word' id='word_1_195' title='bbox 560 1832 653 1857; x_wconf 87' lang='lat' dir='ltr'>uera</span> <span class='ocrx_word' id='word_1_196' title='bbox 673 1817 705 1856; x_wconf 90' lang='lat' dir='ltr'>si</span> <span class='ocrx_word' id='word_1_197' title='bbox 726 1817 944 1868; x_wconf 77' lang='lat' dir='ltr'>praedicas,</span> <span class='ocrx_word' id='word_1_198' title='bbox 965 1830 1056 1854; x_wconf 82' lang='lat' dir='ltr'>nam</span> <span class='ocrx_word' id='word_1_199' title='bbox 1078 1815 1150 1854; x_wconf 90' lang='lat' dir='ltr'>uiri</span> <span class='ocrx_word' id='word_1_200' title='bbox 1501 1830 1541 1852; x_wconf 81' lang='lat'>20</span> 
     </span>
     <span class='ocr_line' id='line_1_27' title="bbox 200 1883 1148 1933; baseline -0.003 -11"><span class='ocrx_word' id='word_1_201' title='bbox 200 1884 260 1922; x_wconf 91' lang='lat' dir='ltr'>ius</span> <span class='ocrx_word' id='word_1_202' title='bbox 280 1898 394 1922; x_wconf 89' lang='lat' dir='ltr'>suom</span> <span class='ocrx_word' id='word_1_203' title='bbox 414 1885 465 1922; x_wconf 86' lang='lat' dir='ltr'>ad</span> <span class='ocrx_word' id='word_1_204' title='bbox 486 1883 668 1922; x_wconf 83' lang='lat' dir='ltr'>mulieres</span> <span class='ocrx_word' id='word_1_205' title='bbox 689 1883 867 1933; x_wconf 87' lang='lat' dir='ltr'>optinere</span> <span class='ocrx_word' id='word_1_206' title='bbox 888 1884 966 1921; x_wconf 90' lang='lat' dir='ltr'>hau</span> <span class='ocrx_word' id='word_1_207' title='bbox 987 1889 1148 1932; x_wconf 84' lang='lat' dir='ltr'>queunt.</span> 
     </span>
    </p>
   </div>
   <div class='ocr_carea' id='block_1_10' title="bbox 146 1986 1484 2379">
    <p class='ocr_par' dir='ltr' id='par_1_11' title="bbox 146 1986 1484 2379">
     <span class='ocr_line' id='line_1_28' title="bbox 193 1986 1477 2030; baseline -0.002 -9"><span class='ocrx_word' id='word_1_208' title='bbox 193 1991 254 2029; x_wconf 88' lang='lat'>163</span> <span class='ocrx_word' id='word_1_209' title='bbox 278 1991 352 2030; x_wconf 85' lang='lat' dir='ltr'>ipsa</span> <span class='ocrx_word' id='word_1_210' title='bbox 368 1989 402 2020; x_wconf 88' lang='lat' dir='ltr'><em>A</em></span> <span class='ocrx_word' id='word_1_211' title='bbox 421 2002 428 2021; x_wconf 70' lang='grc' dir='ltr'>ε</span> <span class='ocrx_word' id='word_1_212' title='bbox 452 2000 494 2021; x_wconf 89' lang='lat' dir='ltr'>ea</span> <span class='ocrx_word' id='word_1_213' title='bbox 512 1990 586 2029; x_wconf 90' lang='lat' dir='ltr'>ipsa</span> <span class='ocrx_word' id='word_1_214' title='bbox 601 1990 635 2020; x_wconf 85' lang='lat' dir='ltr'><em>P</em></span> <span class='ocrx_word' id='word_1_215' title='bbox 743 1999 822 2020; x_wconf 85' lang='lat' dir='ltr'>ecca</span> <span class='ocrx_word' id='word_1_216' title='bbox 840 1988 874 2018; x_wconf 98' lang='lat' dir='ltr'><em>A</em></span> <span class='ocrx_word' id='word_1_217' title='bbox 984 1987 1158 2026; x_wconf 85' lang='lat' dir='ltr'>egreditur</span> <span class='ocrx_word' id='word_1_218' title='bbox 1178 1987 1265 2018; x_wconf 83' lang='lat' dir='ltr'>foras</span> <span class='ocrx_word' id='word_1_219' title='bbox 1282 1986 1316 2017; x_wconf 88' lang='lat' dir='ltr'><em>P</em></span> <span class='ocrx_word' id='word_1_220' title='bbox 1330 1986 1381 2027; x_wconf 87' lang='lat' dir='ltr'>(cs.</span> <span class='ocrx_word' id='word_1_221' title='bbox 1398 1987 1477 2027; x_wconf 77' lang='lat'>630)</span> 
     </span>
     <span class='ocr_line' id='line_1_29' title="bbox 150 2030 1480 2075; baseline -0.005 -9"><span class='ocrx_word' id='word_1_222' title='bbox 150 2033 176 2075; x_wconf 71' lang='lat'>(2</span> <span class='ocrx_word' id='word_1_223' title='bbox 188 2034 427 2074; x_wconf 74' lang='lat' dir='ltr'>troch.septen.)</span> <span class='ocrx_word' id='word_1_224' title='bbox 565 2034 623 2072; x_wconf 88' lang='lat'>164</span> <span class='ocrx_word' id='word_1_225' title='bbox 650 2033 704 2073; x_wconf 92' lang='lat' dir='ltr'>pol</span> <span class='ocrx_word' id='word_1_226' title='bbox 722 2044 788 2063; x_wconf 84' lang='lat' dir='ltr'>om.</span> <span class='ocrx_word' id='word_1_227' title='bbox 805 2033 839 2063; x_wconf 87' lang='lat' dir='ltr'><em>A</em></span> <span class='ocrx_word' id='word_1_228' title='bbox 932 2032 998 2062; x_wconf 86' lang='lat' dir='ltr'>huc</span> <span class='ocrx_word' id='word_1_229' title='bbox 1015 2042 1082 2062; x_wconf 81' lang='lat' dir='ltr'>om.</span> <span class='ocrx_word' id='word_1_230' title='bbox 1101 2031 1133 2061; x_wconf 91' lang='lat' dir='ltr'><em>P</em></span> <span class='ocrx_word' id='word_1_231' title='bbox 1146 2041 1153 2060; x_wconf 90' lang='lat'>:</span> <span class='ocrx_word' id='word_1_232' title='bbox 1167 2031 1250 2069; x_wconf 84' lang='lat' dir='ltr'>fort.</span> <span class='ocrx_word' id='word_1_233' title='bbox 1270 2030 1334 2061; x_wconf 93' lang='lat' dir='ltr'>hoc</span> <span class='ocrx_word' id='word_1_234' title='bbox 1347 2033 1480 2072; x_wconf 76' lang='lat' dir='ltr'>(pron.)</span> 
     </span>
     <span class='ocr_line' id='line_1_30' title="bbox 152 2073 1479 2117; baseline -0.003 -9"><span class='ocrx_word' id='word_1_235' title='bbox 152 2079 213 2108; x_wconf 91' lang='lat'>166</span> <span class='ocrx_word' id='word_1_236' title='bbox 236 2077 399 2116; x_wconf 89' lang='lat' dir='ltr'>loquarP</span> <span class='ocrx_word' id='word_1_237' title='bbox 502 2079 563 2117; x_wconf 90' lang='lat'>169</span> <span class='ocrx_word' id='word_1_238' title='bbox 587 2087 688 2107; x_wconf 84' lang='lat' dir='ltr'>manu</span> <span class='ocrx_word' id='word_1_239' title='bbox 706 2076 868 2115; x_wconf 85' lang='lat' dir='ltr'>scalpitur</span> <span class='ocrx_word' id='word_1_240' title='bbox 884 2075 917 2105; x_wconf 87' lang='lat' dir='ltr'><em>P</em></span> <span class='ocrx_word' id='word_1_241' title='bbox 1026 2076 1087 2114; x_wconf 89' lang='lat'>178</span> <span class='ocrx_word' id='word_1_242' title='bbox 1112 2074 1198 2105; x_wconf 89' lang='lat' dir='ltr'>istuc</span> <span class='ocrx_word' id='word_1_243' title='bbox 1219 2073 1305 2105; x_wconf 84' lang='lat' dir='ltr'>codd.</span> <span class='ocrx_word' id='word_1_244' title='bbox 1422 2075 1479 2104; x_wconf 82' lang='lat'>181</span> 
     </span>
     <span class='ocr_line' id='line_1_31' title="bbox 149 2117 1482 2160; baseline -0.003 -9"><span class='ocrx_word' id='word_1_245' title='bbox 149 2122 286 2152; x_wconf 88' lang='lat' dir='ltr'>diuidue</span> <span class='ocrx_word' id='word_1_246' title='bbox 302 2120 336 2150; x_wconf 92' lang='lat' dir='ltr'><em>P</em></span> <span class='ocrx_word' id='word_1_247' title='bbox 424 2122 495 2160; x_wconf 87' lang='lat'>182,</span> <span class='ocrx_word' id='word_1_248' title='bbox 519 2122 579 2160; x_wconf 88' lang='lat'>183</span> <span class='ocrx_word' id='word_1_249' title='bbox 603 2131 671 2151; x_wconf 84' lang='lat' dir='ltr'>uno</span> <span class='ocrx_word' id='word_1_250' title='bbox 690 2131 784 2151; x_wconf 82' lang='lat' dir='ltr'>versu</span> <span class='ocrx_word' id='word_1_251' title='bbox 806 2119 927 2150; x_wconf 80' lang='lat' dir='ltr'>exhibet</span> <span class='ocrx_word' id='word_1_252' title='bbox 941 2118 973 2148; x_wconf 92' lang='lat' dir='ltr'><em>A</em></span> <span class='ocrx_word' id='word_1_253' title='bbox 1084 2119 1144 2148; x_wconf 86' lang='lat'>182</span> <span class='ocrx_word' id='word_1_254' title='bbox 1168 2117 1217 2148; x_wconf 84' lang='lat' dir='ltr'>vel</span> <span class='ocrx_word' id='word_1_255' title='bbox 1230 2127 1329 2157; x_wconf 86' lang='lat' dir='ltr'>mage</span> <span class='ocrx_word' id='word_1_256' title='bbox 1421 2119 1482 2157; x_wconf 89' lang='lat'>183</span> 
     </span>
     <span class='ocr_line' id='line_1_32' title="bbox 149 2162 1482 2206; baseline -0.003 -11"><span class='ocrx_word' id='word_1_257' title='bbox 149 2164 261 2195; x_wconf 85' lang='lat' dir='ltr'>sintA</span> <span class='ocrx_word' id='word_1_258' title='bbox 374 2165 434 2195; x_wconf 90' lang='lat'>186</span> <span class='ocrx_word' id='word_1_259' title='bbox 458 2164 543 2206; x_wconf 87' lang='lat' dir='ltr'>[uir]</span> <span class='ocrx_word' id='word_1_260' title='bbox 562 2175 651 2204; x_wconf 87' lang='lat' dir='ltr'>pess.</span> <span class='ocrx_word' id='word_1_261' title='bbox 672 2164 706 2194; x_wconf 92' lang='lat' dir='ltr'><em>A</em></span> <span class='ocrx_word' id='word_1_262' title='bbox 721 2163 773 2203; x_wconf 78' lang='lat' dir='ltr'>(cf</span> <span class='ocrx_word' id='word_1_263' title='bbox 786 2174 815 2194; x_wconf 89' lang='lat' dir='ltr'>v.</span> <span class='ocrx_word' id='word_1_264' title='bbox 834 2162 911 2201; x_wconf 58' lang='lat'>189)</span> <span class='ocrx_word' id='word_1_265' title='bbox 997 2167 1060 2202; x_wconf 80' lang='lat' dir='ltr'>pro</span> <span class='ocrx_word' id='word_1_266' title='bbox 1082 2162 1142 2192; x_wconf 82' lang='lat' dir='ltr'>hoc</span> <span class='ocrx_word' id='word_1_267' title='bbox 1155 2171 1248 2191; x_wconf 82' lang='lat' dir='ltr'>versu</span> <span class='ocrx_word' id='word_1_268' title='bbox 1266 2172 1314 2192; x_wconf 86' lang='lat' dir='ltr'>vv.</span> <span class='ocrx_word' id='word_1_269' title='bbox 1333 2162 1404 2200; x_wconf 85' lang='lat'>189,</span> <span class='ocrx_word' id='word_1_270' title='bbox 1422 2171 1482 2200; x_wconf 90' lang='lat'>190</span> 
     </span>
     <span class='ocr_line' id='line_1_33' title="bbox 146 2204 1482 2249; baseline -0.004 -10"><span class='ocrx_word' id='word_1_271' title='bbox 146 2208 239 2249; x_wconf 67' lang='lat' dir='ltr'>pontt</span> <span class='ocrx_word' id='word_1_272' title='bbox 253 2208 292 2238; x_wconf 89' lang='grc' dir='ltr'>Ρ.</span> <span class='ocrx_word' id='word_1_273' title='bbox 341 2207 443 2239; x_wconf 82' lang='lat' dir='ltr'>Credo</span> <span class='ocrx_word' id='word_1_274' title='bbox 466 2209 499 2238; x_wconf 89' lang='lat' dir='ltr'>in</span> <span class='ocrx_word' id='word_1_275' title='bbox 517 2219 694 2239; x_wconf 77' lang='lat' dir='ltr'>recenstone</span> <span class='ocrx_word' id='word_1_276' title='bbox 706 2208 820 2246; x_wconf 83' lang='lat' dir='ltr'>aliqua</span> <span class='ocrx_word' id='word_1_277' title='bbox 831 2217 882 2237; x_wconf 85' lang='lat' dir='ltr'>vv.</span> <span class='ocrx_word' id='word_1_278' title='bbox 901 2206 1120 2244; x_wconf 80' lang='lat' dir='ltr'>185—8e1&#39;eclos</span> <span class='ocrx_word' id='word_1_279' title='bbox 1130 2205 1240 2244; x_wconf 80' lang='lat' dir='ltr'>fuisse</span> <span class='ocrx_word' id='word_1_280' title='bbox 1330 2204 1482 2244; x_wconf 85' lang='lat' dir='ltr'>despicat</span> 
     </span>
     <span class='ocr_line' id='line_1_34' title="bbox 149 2247 1484 2325; baseline -0.004 -43"><span class='ocrx_word' id='word_1_281' title='bbox 149 2252 202 2325; x_wconf 46' lang='lat' dir='ltr'>gir</span> <span class='ocrx_word' id='word_1_282' title='bbox 216 2251 258 2325; x_wconf 38' lang='lat'>(²⁴4)</span> <span class='ocrx_word' id='word_1_283' title='bbox 272 2250 339 2282; x_wconf 82' lang='lat' dir='ltr'>Leo</span> <span class='ocrx_word' id='word_1_284' title='bbox 347 2294 378 2324; x_wconf 84' lang='lat' dir='ltr'>d</span> <span class='ocrx_word' id='word_1_285' title='bbox 497 2253 568 2291; x_wconf 77' lang='lat'>187,</span> <span class='ocrx_word' id='word_1_286' title='bbox 586 2252 646 2282; x_wconf 88' lang='lat'>188</span> <span class='ocrx_word' id='word_1_287' title='bbox 664 2262 730 2281; x_wconf 85' lang='lat' dir='ltr'>uno</span> <span class='ocrx_word' id='word_1_288' title='bbox 748 2261 840 2281; x_wconf 52' lang='lat' dir='ltr'>vet-su</span> <span class='ocrx_word' id='word_1_289' title='bbox 857 2249 890 2279; x_wconf 87' lang='lat' dir='ltr'><em>A</em></span> <span class='ocrx_word' id='word_1_290' title='bbox 1035 2250 1092 2288; x_wconf 88' lang='lat'>187</span> <span class='ocrx_word' id='word_1_291' title='bbox 1119 2248 1197 2288; x_wconf 87' lang='lat' dir='ltr'>quid</span> <span class='ocrx_word' id='word_1_292' title='bbox 1215 2252 1266 2278; x_wconf 85' lang='lat' dir='ltr'>est</span> <span class='ocrx_word' id='word_1_293' title='bbox 1286 2247 1484 2298; x_wconf 61' lang='lat' dir='ltr'>Cleus{ratae</span> 
     </span>
     <span class='ocr_line' id='line_1_35' title="bbox 152 2291 1480 2379; baseline -0.005 -52"><span class='ocrx_word' id='word_1_294' title='bbox 152 2299 301 2378; x_wconf 43' lang='lat' dir='ltr'>rga-534</span> <span class='ocrx_word' id='word_1_295' title='bbox 326 2295 551 2368; x_wconf 50' lang='lat' dir='ltr'>dloegthffioc]</span> <span class='ocrx_word' id='word_1_296' title='bbox 569 2294 889 2379; x_wconf 43' lang='lat' dir='ltr'>{gzd‘pfbgitssguss&#39;</span> <span class='ocrx_word' id='word_1_297' title='bbox 903 2303 1033 2333; x_wconf 74' lang='lat' dir='ltr'>genens</span> <span class='ocrx_word' id='word_1_298' title='bbox 1048 2303 1113 2323; x_wconf 81' lang='lat' dir='ltr'>esse</span> <span class='ocrx_word' id='word_1_299' title='bbox 1135 2291 1341 2332; x_wconf 79' lang='lat' dir='ltr'>mtellegatur</span> <span class='ocrx_word' id='word_1_300' title='bbox 1353 2316 1360 2330; x_wconf 93' lang='lat'><strong><em>,</em></strong></span> <span class='ocrx_word' id='word_1_301' title='bbox 1384 2302 1426 2323; x_wconf 83' lang='lat' dir='ltr'>iv.</span> <span class='ocrx_word' id='word_1_302' title='bbox 1445 2291 1480 2331; x_wconf 87' lang='lat'>2)</span> 
     </span>
    </p>
   </div>
  </div>
 </body>
</html>
