1814 2723
221 40 276 79 ΙΙ.
298 41 343 77 111
716 41 762 78 T.
797 39 977 79 MACCI
1009 39 1213 76 PLAVTI

299 151 370 190 Cv.
407 151 485 188 hau
524 149 646 200 magis
685 148 796 199 cupis
835 162 954 199 quam
994 161 1066 198 ego
1105 155 1144 186 te
1181 147 1309 198 cupio.
1370 149 1445 186 PH.
1482 160 1508 186 o
1540 159 1629 185 mea
1647 157 1712 195 305

1343 209 1626 262 opportunitas,

300 279 485 318 Curculio
507 286 699 328 exoptate,
722 280 840 317 salue.
902 279 973 318 CV.
1007 279 1123 316 salue.
1184 279 1258 314 PH.
1291 278 1443 315 saluom
1462 276 1616 326 gaudeo

298 351 336 382 te
356 343 553 382 aduenire.
605 344 705 381 cedo
721 350 828 380 tuam
846 342 899 380 mi
920 344 1129 381 dexteram.
1180 341 1248 380 ubi
1269 348 1360 379 sunt
1381 353 1469 390 spes
1487 341 1629 378 meae?

298 410 492 459 eloquere,
530 422 694 458 opsecro
735 409 874 446 hercle.
936 408 1007 446 CV.
1040 408 1236 456 eloquere,
1272 405 1311 444 te
1349 405 1523 455 opsecro,
1560 404 1628 442 ubi

1378 477 1468 507 sunt
1488 470 1628 507 meae?

236 556 278 587 30
299 542 372 578 PH.
405 539 501 590 quid
539 539 675 577 tibist?
733 538 804 578 Cv.
837 538 1022 576 tenebrae
1055 535 1297 583 oboriuntur,
1332 548 1461 585 genua
1498 533 1629 572 inedia

1406 599 1624 638 succidunt.

298 672 371 708 PH.
394 669 626 708 lassitudine
641 670 772 707 hercle
792 669 921 707 credo.
975 668 1046 706 Cv.
1068 666 1201 713 retine,
1217 665 1340 704 retine
1357 679 1431 712 me,
1451 677 1625 714 opsecro.
1647 673 1715 708 310

297 737 372 772 PH.
404 735 524 773 uiden
545 742 587 772 ut
607 734 824 784 expalluit?
853 732 963 771 datin
984 731 1046 769 isti
1066 733 1213 778 sellam,
1236 730 1305 769 ubi
1324 729 1489 776 adsidat‚
1514 728 1592 767 cito

296 808 334 838 et
371 792 563 849 aqualem*
593 813 683 837 cum
722 799 854 848 aqua?
900 796 1124 847 properatin
1163 796 1302 834 ocius?
1378 796 1448 834 CV.
1494 794 1627 832 animo

1434 860 1536 897 male
1555 866 1623 896 est.

296 931 368 967 ΡΑ.
397 929 465 967 11111
485 931 660 980 aquarn?
717 930 788 968 CV.
822 927 853 966 si
873 929 1103 966 frustulenta
1124 934 1195 974 est,
1216 927 1280 973 da,
1300 937 1464 975 opsecro
1483 925 1623 970 hercle,

1379 989 1626 1039 opsorbeam.

237 1073 273 1104 35
297 1062 365 1098 ΡΑ.
397 1073 471 1098 1136
500 1059 619 1109 capiti
648 1062 740 1097 tuo!
785 1059 857 1098 Cv.
890 1070 1054 1108 opsecro
1083 1057 1228 1104 hercle,
1248 1055 1364 1093 facite
1393 1061 1557 1092 uentum
1583 1062 1626 1091 ut

1418 1120 1622 1169 gaudeam.

296 1191 366 1227 PA.
402 1203 596 1228 maxume.
673 1189 745 1229 Cv.
778 1188 874 1239 quid
912 1187 1048 1234 facitis,
1090 1188 1267 1236 quaeso?
1343 1186 1410 1222 PA.
1447 1191 1621 1222 uentum.
1644 1192 1709 1228 315

1105 1253 1176 1291 CV.
1208 1252 1303 1289 nolo
1324 1249 1508 1299 equidem
1529 1247 1625 1286 mihi

295 1320 376 1360 fieri
397 1322 612 1360 uentulum.
664 1322 739 1358 PH.
763 1319 859 1369 quid
879 1318 993 1368 igitur
1015 1314 1138 1370 [uis]?
1186 1317 1257 1355 CV.
1281 1328 1379 1362 esse,
1399 1322 1442 1352 ut
1461 1321 1624 1352 uentum

1418 1379 1621 1429 gaudeam.

294 1454 363 1490 PA.
396 1451 573 1502 Iuppiter
593 1459 631 1489 te
652 1450 772 1500 dique
792 1450 982 1499 perdant!
1027 1448 1099 1487 CV.
1130 1446 1240 1497 perii,
1255 1444 1453 1495 prospicio
1472 1456 1624 1494 parurn,

292 1531 511 1568 gramarum
532 1517 662 1555 habeo
682 1517 821 1554 dentes
841 1516 990 1564 plenos,
1014 1512 1183 1562 lippiunt
1202 1512 1335 1549 fauces
1355 1511 1468 1555 fame,

230 1599 273 1631 40
293 1582 346 1621 ita
365 1582 444 1621 cibi
464 1581 675 1620 uaciuitate
694 1579 814 1619 uenio
833 1578 943 1617 lassis
963 1577 1141 1617 lactibus.

294 1650 368 1686 PH.
400 1647 477 1686 iam
513 1648 606 1686 edes
639 1645 799 1696 aliquid.
860 1645 931 1684 Cv.
968 1644 1062 1682 nolo
1096 1643 1226 1680 hercle
1258 1641 1431 1690 aliquid:
1472 1647 1621 1678 eertum
1641 1652 1709 1686 320

1142 1719 1261 1756 quam
1281 1705 1430 1754 aliquid
1450 1706 1620 1742 mauolo.

294 1780 362 1817 PA.
404 1777 528 1816 immo
562 1776 594 1815 si
628 1775 727 1815 scias
761 1773 948 1824 reliquiae
982 1786 1083 1823 quae
1122 1771 1221 1809 sint!
1280 1771 1351 1809 CV.
1389 1769 1486 1807 scire
1515 1768 1622 1806 nimi’

1513 1834 1622 1872 lubet

293 1907 362 1946 ubi
381 1907 492 1954 sient,
515 1920 608 1944 nam
627 1905 703 1943 illis
723 1903 931 1943 conuentis
952 1916 1046 1941 sane
1066 1914 1165 1951 opus
1186 1907 1244 1939 est
1264 1899 1362 1938 meis
1382 1898 1578 1937 dentibus.

293 1975 368 2011 PH.
399 1985 576 2022 pernam,
599 1972 812 2017 abdomen,
841 1982 980 2007 sumen
1007 1967 1100 2014 suis,
1122 1965 1454 2016 glandium—CV.
1486 1963 1550 2001 ain
1578 1970 1620 2001 tu

1343 2028 1477 2067 omnia
1495 2029 1622 2066 haec?

337 2152 400 2183 305
424 2143 523 2182 magi'
551 2140 648 2184 (me)
674 2140 849 2172 Fleckessen
1005 2139 1069 2178 308
1103 2142 1136 2168 te
1162 2136 1304 2167 obsecro
1330 2133 1491 2177 (hercle)
1518 2133 1622 2164 Bothe

292 2198 355 2226 311
381 2187 458 2217 uide
475 2190 511 2216 ut
527 2185 665 2225 Pylades
753 2184 872 2224 palluit
892 2182 928 2223 V,
950 2182 1098 2213 usitatior
1101 2181 1217 2220 forma
1349 2179 1413 2216 316
1425 2177 1506 2218 four.
1527 2181 1617 2208 uent.

273 2250 281 2259 x
295 2232 379 2270 fieri,
400 2240 481 2260 nam
498 2229 651 2259 uemlum
669 2227 919 2267 nonserendum
975 2226 1026 2256 uis
1043 2224 1100 2256 del.
1121 2223 1253 2261 Bentley
1340 2223 1404 2261 318
1429 2230 1618 2260 gramarum

294 2275 486 2306 Buecheler:
510 2283 548 2303 os
565 2282 714 2302 amarum
731 2271 795 2302 cod.
812 2270 928 2311 <Opro
939 2269 979 2307 G,
993 2274 1075 2309 spro
1085 2268 1115 2309 r)
1247 2275 1310 2304 323
1334 2265 1444 2296 sueris
1461 2263 1614 2304 Scaliger,

294 2320 346 2350 cuz·
359 2319 430 2350 suis
446 2317 588 2357 displicet
675 2315 725 2346 vel
737 2320 793 2346 a'i'n
