1742 2718
122 196 182 232 155

124 655 191 689 160

128 978 189 1022 165

109 1411 193 1446 166a

130 1684 195 1718 170

84 1750 195 1785 171—2

731 73 993 111 EPIDICVS
1497 71 1526 107 Ι.
1547 71 1576 106 ii

205 185 395 224 continuo
415 192 452 223 te
473 184 598 222 orabit
620 185 720 221 ultro
741 190 783 221 ut
804 183 909 220 illam
931 181 1120 220 tramittas
1141 180 1227 219 sibi.

205 252 276 289 sed
292 250 359 288 ubi
380 250 444 288 illa
464 257 521 288 est
538 262 657 300 quam
678 256 719 286 tu
740 247 938 286 adduxisti
956 247 1116 285 tecum?
1173 247 1234 284 ST.
1267 244 1343 283 iam
1361 246 1447 283 faxo
1469 244 1532 282 hic

1451 309 1529 347 erit.

205 383 283 421 CH.
317 381 412 432 quid
433 380 497 418 hic
517 392 622 417 nunc
643 378 824 428 agimus?
882 379 944 416 ST.
978 389 1113 416 eamus
1134 375 1235 414 intro
1256 376 1332 413 huc
1353 376 1403 412 ad
1420 382 1467 420 te,
1492 382 1533 412 ut

1163 442 1267 478 hunc
1289 440 1406 479 hodie
1427 439 1532 477 diem

208 518 404 555 luculente
424 516 780 554 habeamus.-—EP.
814 513 866 551 ite
886 513 999 559 intro,
1024 525 1096 562 ego
1117 512 1167 550 de
1188 525 1227 549 re
1247 510 1461 560 argentaria

208 581 284 619 iam
306 590 485 619 senatum
506 581 740 618 conuocabo
762 579 800 616 in
822 579 942 617 corde
962 577 1240 623 consiliarium,

208 646 300 696 quoi
321 646 582 696 potissumum
601 645 795 683 indicatur
816 645 975 690 bellum,
995 644 1101 681 unde
1124 649 1328 691 argentum
1348 643 1532 679 auferam.

210 710 384 761 Epidice,
408 710 500 748 uide
520 709 616 759 quid
637 723 738 759 agas,
762 709 815 746 ita
835 722 894 746 res
916 707 1046 746 subito
1068 708 1164 745 haec
1185 706 1375 744 obiectast
1396 706 1464 743 tibi
1483 721 1492 752 5

208 789 288 813 non
309 775 414 813 enim
434 788 540 812 nunc
560 774 631 828 tibi
652 773 892 813 dormitandi
913 786 1042 822 neque
1063 771 1276 811 cunctandi
1297 771 1410 821 copia
1431 779 1497 809 est.

208 842 450 879 adeundum.
507 853 642 878 senem
663 852 890 889 oppugnare
911 845 1098 876 certumst
1118 836 1326 875 consilium
1348 836 1453 873 mihi.

264 905 330 943 ibo
351 905 453 942 intro
473 912 592 954 atque
611 903 857 942 adulescenti
878 903 1008 941 dicam
1030 909 1164 940 nostro
1185 900 1266 939 erili
1288 900 1382 948 filio,

264 983 313 1008 ne
334 971 425 1007 hl'nc
446 970 547 1008 foras
569 969 792 1008 exambulet
813 982 914 1007 neue
935 966 1095 1006 obuiam
1117 966 1249 1004 ueniat
1270 965 1421 1004 seni.—

701 1155 938 1203 ACTVS
992 1155 1040 1201 ΙΙ

479 1258 804 1294 APOEcloEs
903 1256 1271 1292 PERIPHANES

320 1346 391 1382 Ap,
424 1343 604 1392 Plerique
624 1343 817 1389 homines,
841 1354 940 1391 quos
961 1354 1083 1391 quom
1104 1340 1158 1379 nil
1179 1342 1293 1378 refert
1312 1341 1446 1390 pudet,

320 1408 386 1447 ubi
408 1409 639 1459 pudendum
661 1415 719 1445 est
739 1407 793 1445 ibi
814 1420 881 1445 eos
903 1405 1045 1444 deserit
1066 1406 1203 1456 pudor,

481 1486 603 1522 quom
625 1480 733 1510 usust
754 1479 796 1509 ut
816 1472 973 1521 pudeat.

321 1539 352 1577 is
372 1540 473 1577 adeo
494 1539 576 1576 tu's.
637 1537 733 1587 quid
754 1544 812 1575 est
832 1537 941 1586 quod
961 1536 1194 1586 pudendum
1215 1534 1296 1581 siet,
1316 1524 1324 1528 .

320 1617 462 1654 genere
481 1610 640 1653 gnatam
662 1603 769 1640 bono
789 1614 1002 1651 pauperem
1028 1601 1193 1638 domum

483 1669 627 1706 ducere
647 1675 685 1706 te
706 1668 900 1705 uxorem?

214 1736 439 1786 praesertim
475 1748 573 1783 earn,
606 1747 683 1784 qua
716 1747 762 1771 ex
791 1732 862 1771 tibi
897 1743 1184 1770 commemores
1213 1731 1316 1769 hanc
1347 1744 1448 1780 quae
1479 1731 1545 1769 do-

1049 1795 1140 1833 mist
1161 1795 1280 1833 filiam
1301 1803 1542 1845 prognatam.

322 1868 390 1904 PE.
424 1878 603 1904 reuereor
622 1864 759 1902 filiurn.
816 1865 889 1901 ΑΡ.
920 1870 959 1900 at
979 1863 1046 1912 pol
1067 1874 1140 1910 ego
1160 1868 1198 1899 te
1218 1859 1367 1899 credidi
1388 1874 1451 1898 ux-

322 1944 441 1977 orem,
464 1943 583 1980 quarn
604 1937 646 1967 tu
667 1928 846 1975 extulisti,
870 1929 1021 1978 pudore
1042 1926 1212 1976 exsequi,

261 2036 322 2074 158
346 2035 515 2066 luculente
531 2034 570 2071 P,
589 2038 626 2065 ut
641 2033 706 2065 vid.
726 2035 825 2075 (·tem
842 2034 904 2072 131)
923 2045 930 2065 :
949 2033 1158 2064 luculentum
1175 2033 1209 2063 A
1352 2034 1413 2064 160
1436 2033 1492 2073 qui
1508 2032 1542 2063 A

218 2080 278 2109 162
296 2078 545 2109 dormitandum
560 2078 594 2108 P
679 2082 731 2108 est
749 2077 840 2119 [tibi]
853 2076 951 2118 P(ex
961 2088 990 2108 v.
1009 2077 1084 2116 161)
1203 2078 1262 2116 163
1285 2077 1475 2107 adeundem
1492 2075 1544 2106 P:

214 2123 266 2152 ad.
287 2127 339 2153 est
354 2122 428 2152 Ital.
521 2122 602 2152 mihi
622 2132 686 2151 om.
706 2121 739 2151 P
838 2123 908 2160 164,
932 2121 991 2160 165
1017 2120 1168 2151 trochaice
1183 2120 1217 2150 P
1302 2121 1321 2159 i,
1342 2121 1361 2158 i,
1381 2120 1433 2150 abi
1456 2119 1544 2151 intro

214 2169 317 2204 atque
340 2165 548 2196 adolescenti
574 2166 626 2196 dic
651 2165 715 2194 iam
741 2169 856 2195 nostro
882 2163 979 2195 herili
1007 2164 1076 2194 filio
1098 2162 1102 2204 Ι
1125 2163 1177 2194 Ne
1203 2163 1292 2205 (Nec
1314 2163 1360 2203 Β)
1385 2164 1439 2194 hic
1464 2164 1544 2203 (pro

214 2208 308 2249 hinc)
335 2208 423 2239 foras
450 2208 598 2239 ambulet
625 2218 714 2238 neue
742 2218 882 2247 usquam
910 2207 1042 2238 obuiam
1075 2208 1187 2238 ueniat
1215 2208 1288 2238 seni
1312 2207 1346 2237 P
1371 2207 1420 2247 (in
1449 2217 1542 2247 quem

216 2256 333 2282 nostro
356 2262 396 2282 ex
410 2253 508 2282 altera
525 2252 667 2283 versione
685 2261 717 2281 se
736 2251 930 2286 insinuavit)
1047 2250 1258 2291 Retractator,
1282 2251 1378 2287 credo,
1401 2254 1542 2281 memma

215 2296 402 2335 exaequavit
412 2299 441 2326 et
453 2296 584 2326 hiatum
599 2295 658 2337 (ne
679 2294 683 2336 Ι
704 2295 797 2335 hine)
811 2294 919 2324 abiecit
1015 2295 1074 2333 167
1089 2303 1170 2324 usus
1186 2300 1238 2325 est
1254 2293 1288 2324 P
1378 2296 1437 2325 168
1461 2293 1541 2333 quid

215 2338 283 2380 est]
299 2339 355 2378 qui
373 2338 476 2369 desP
574 2340 635 2378 169
659 2347 774 2378 parem
791 2341 820 2368 et
833 2338 867 2368 in
884 2347 952 2377 mg.
974 2346 1156 2376 pauperem
1169 2338 1201 2367 A
1309 2348 1369 2376 170
1385 2343 1418 2368 te
1431 2348 1494 2369 om.
1511 2336 1542 2367 P

219 2392 288 2422 171,
312 2392 371 2420 172
396 2383 526 2413 domost
544 2382 576 2413 A
670 2381 790 2422 filiam]
808 2380 966 2411 familiam
984 2379 1017 2410 P
1032 2382 1073 2421 (v.
1096 2381 1131 2421 8)

1551 522 1593 553 55

1558 833 1601 865 60

1563 1252 1616 1290 II.
1640 1252 1652 1287 i
