1742 2718
679 78 1007 117 AVLVLARIA
1466 80 1519 118 II.
1541 82 1553 118 i

287 190 340 228 ita
359 203 529 240 aequom
550 196 607 227 est
628 190 737 239 quod
758 188 796 225 in
819 201 899 226 rem
921 200 1006 225 esse
1027 185 1180 236 utrique
1200 185 1431 224 arbitremur
1530 200 1566 221 10

95 269 162 304 130
287 263 325 294 et
346 255 441 293 mihi
463 262 500 293 te
521 262 558 293 et
580 253 650 292 tibi
670 251 769 306 (me)
791 253 995 292 consulere
1016 259 1053 289 et
1075 265 1260 298 monere3

340 333 470 370 neque
492 320 691 358 occultum
716 318 755 356 id
778 317 911 356 haberi
934 330 1063 366 neque
1084 330 1152 366 per
1174 324 1320 354 metum
1344 316 1506 355 mussari

286 385 380 436 quin
402 384 631 435 participem
652 383 794 433 pariter
814 396 887 432 ego
908 390 945 420 te
967 390 1004 420 et
1026 389 1066 419 tu
1089 394 1151 419 me
1173 379 1249 433 [ut]
1271 380 1398 419 facias.

341 463 388 488 eo
408 463 514 488 nunc
534 463 607 500 ego
628 457 778 488 secreto
799 449 865 486 ted
887 449 964 485 huc
985 449 1086 485 foras
1107 445 1257 493 seduxi,

287 522 329 553 ut
349 523 455 553 tuam
477 515 558 553 re‘m
579 527 652 565 ego
673 522 803 552 tecum
825 513 888 550 hic
910 514 1088 562 loquerer
1108 510 1346 548 familiarem.
1531 530 1566 561 ¹5

96 587 159 623 135
396 582 478 618 ME.
511 581 562 618 da
582 579 645 626 mi,
669 587 832 629 optuma
853 577 1009 624 femina,
1033 589 1205 614 manum.

396 646 499 682 EVN.
531 644 600 683 ubi
620 658 666 682 ea
686 645 773 682 est?
803 642 890 693 quis
911 655 957 680 ea
977 649 1035 680 est
1056 654 1146 678 nam
1169 642 1361 690 optuma?

397 711 479 747 ΜΕ.
512 716 564 747 tu.
625 710 729 747 EVN.
762 716 857 746 tune
876 707 961 745 ais?
1021 708 1104 744 ΜΕ.
1137 705 1168 744 si
1189 705 1318 755 ne'gas‚
1343 718 1455 755 nego.

396 776 498 812 EVN.
532 775 646 820 decet
668 773 871 823 te'quidem
892 785 985 810 uera
1004 770 1187 822 proloqui
1203 785 1214 819 3

394 853 486 878 nam
506 847 670 889 optuma
689 840 796 876 nulla
816 844 946 888 potest
967 836 1079 887 eligi:
1530 853 1568 874 20

96 920 162 954 140
233 905 308 943 alia
327 904 402 943 a'iia
421 904 539 955 peior,
563 905 688 951 frater,
712 911 780 942 est.
842 904 924 941 ΜΕ.
958 891 1064 940 idem
1086 915 1158 952 ego
1179 901 1354 948 arbitror,

179 983 254 1009 nee
287 970 358 1009 tibi
405 969 605 1009 aduorsari
643 977 794 1008 certum
832 976 891 1008 est
929 969 980 1007 de
1023 967 1120 1006 istae
1166 965 1270 1020 re<d)
1307 980 1506 1017 umquam,

1389 1045 1506 1070 soror.

502 1103 606 1139 EVN.
637 1102 689 1139 da
709 1099 806 1138 mihi

73 1179 161 1214 142²
341 1180 501 1217 operam
520 1166 676 1204 amabo.
737 1167 822 1203 ME.
854 1171 968 1212 mast,
990 1171 1100 1203 utere
1118 1170 1239 1213 atque

448 1231 606 1282 impera,
629 1230 660 1269 si
681 1230 778 1281 quid
797 1230 869 1268 uis.
1531 1245 1568 1276 ²5

344 1299 446 1336 EVN.
478 1297 519 1336 id
539 1297 649 1347 quod
670 1295 709 1333 in
729 1309 811 1334 rem
832 1302 941 1333 tuam
962 1295 1171 1345 optumum
1190 1306 1277 1332 esse
1296 1292 1474 1340 arbitror,

96 1375 159 1411 145
449 1363 516 1401 ted
536 1361 577 1400 id
597 1361 793 1400 monitum
813 1361 999 1399 aduento.

235 1429 318 1466 ME.
351 1440 470 1476 soror,
493 1427 601 1466 more
621 1434 690 1465 tuo
710 1425 806 1464 faei’.
867 1427 970 1464 EVN.
1002 1426 1104 1472 faeta
1124 1425 1227 1462 uolo.

287 1494 370 1531 ΜΕ.
403 1492 499 1543 quid
521 1500 578 1531 est
598 1491 650 1539 id,
673 1493 810 1530 soror?
867 1492 971 1529 EVN.
1005 1491 1113 1540 quod
1134 1488 1206 1527 tibi
1226 1487 1508 1539 sempiternum

287 1559 453 1597 salutare
474 1557 522 1596 sit
539 1574 545 1596 :
576 1556 706 1595 liberis
727 1555 1034 1606 procreandis—
1530 1572 1570 1603 30

234 1625 319 1662 ΜΕ.
350 1623 404 1662 ita
423 1622 464 1661 di
484 1622 767 1661 faxint—EVN.
799 1623 893 1660 uolo
913 1628 951 1659 te
971 1623 1132 1659 uxorem

96 1700 161 1737 150
232 1691 398 1727 domum
419 1689 574 1727 ducere.
635 1689 718 1726 ME.
751 1688 786 1725 ei
806 1686 958 1725 occidi!
1016 1687 1120 1724 EVN.
1153 1684 1249 1736 quid
1269 1684 1352 1724 ita?

234 1756 318 1793 ΜΕ.
350 1753 443 1804 quia
463 1753 517 1792 mi
538 1753 680 1792 misero
701 1753 906 1792 cerebrum
927 1751 1131 1791 excutiunt

233 1826 300 1858 tua
319 1819 434 1866 dicta,
454 1832 585 1858 soror:
614 1817 765 1869 lapides
785 1817 967 1868 loqueris.

180 1885 285 1923 EVN.
317 1884 416 1932 heia,
448 1885 525 1923 hoc
554 1885 639 1922 face
669 1884 778 1934 quod
807 1890 846 1922 te
875 1882 984 1921 iubet
1014 1894 1132 1920 soror.
1193 1882 1278 1920 ΜΕ.
1311 1881 1511 1932 sQubeat,
1529 1897 1569 1928 35

1354 1946 1506 1985 faciam.

225 2064 285 2094 129
309 2055 355 2085 ita
381 2054 590 2086 Lambinus:
623 2059 660 2085 ut
684 2054 753 2086 cod.
906 2063 965 2092 132
989 2057 1025 2083 ut
1041 2053 1100 2084 del.
1120 2051 1335 2083 Lambinus:
1359 2056 1394 2082 ut
1411 2050 1510 2081 incul-

180 2102 289 2129 catum
313 2101 361 2129 est
380 2099 479 2129 etiam
496 2098 592 2130 Merc.
611 2100 685 2137 894.
706 2108 769 2137 911
793 2097 845 2137 (cf.
870 2096 1008 2138 Seyffert
1022 2096 1106 2128 Berl.
1121 2095 1207 2128 Phil.
1232 2095 1342 2126 Woch.
1362 2096 1410 2134 16,
1430 2094 1508 2133 849)

183 2150 243 2180 134
266 2141 316 2172 vel
345 2142 391 2172 uti
550 2152 610 2181 135
635 2152 770 2172 manum
803 2141 930 2171 femina
960 2145 1096 2180 optuma
1128 2142 1168 2179 (2)
1194 2138 1272 2178 Leo,
1306 2139 1359 2170 cui
1385 2138 1510 2178 syllaba

180 2190 294 2225 anceps
320 2189 373 2216 mi
400 2185 434 2215 in
456 2186 529 2224 fine
557 2185 751 2216 hemistichii
773 2183 916 2224 dzlsplz'ret
1093 2185 1156 2222 136
1179 2182 1280 2225 (aut)
1305 2183 1380 2222 quis
1403 2182 1509 2215 Gom.

180 2238 256 2258 nam
282 2233 333 2259 est
356 2229 497 2268 (namst)
521 2229 703 2267 Francken,
728 2229 880 2258 evitantes
902 2227 1001 2257 ambo
1024 2227 1153 2258 hiatum
1176 2227 1211 2257 in
1226 2227 1300 2266 fine
1323 2225 1514 2256 hemistichii

183 2272 243 2309 138
271 2272 443 2311 tequidem
470 2272 597 2303 Bothe:
636 2278 670 2304 te
703 2271 861 2312 equidem
893 2270 960 2302 cod.
1133 2280 1190 2310 141
1213 2271 1294 2309 fort.
1328 2278 1509 2309 numquam

183 2319 259 2354 142⁰
284 2325 420 2355 operam
436 2314 548 2359 (iam)
565 2316 606 2357 (ζ’)
624 2315 690 2346 Leo
705 2319 743 2345 ut
755 2318 884 2345 tetram.
892 2315 961 2354 fiat
1095 2323 1159 2353 150
1177 2314 1304 2344 occidis
1325 2312 1425 2343 Wez'se
