1814 2723
176 59 255 98 III.
275 70 308 97 v
694 59 740 96 T.
774 58 953 97 MACCI
985 58 1188 95 PLAVTI

275 168 457 207 miserere
477 175 627 206 certum
648 174 717 214 est,
740 166 833 216 quia
852 166 929 204 mei
951 165 1107 205 miseret
1127 165 1395 204 neminem.-—
1629 169 1694 215 765

274 234 350 271 AR.
384 231 633 282 exauspicaui
654 246 701 270 ex
721 230 871 269 uinclis.
932 244 1038 269 nunc
1058 229 1242 281 intellego

274 298 633 349 redauspicandum
654 309 739 335 esse
759 295 800 334 in
820 303 979 335 catenas
1000 296 1201 334 denuo.—

750 500 1006 547 ACTVS
1059 501 1136 547 IV

153 598 255 636 1V.i
788 602 1108 638 ERGAlevs

330 692 402 728 ER.
439 688 614 738 Iuppiter
636 701 829 738 supreme,
853 701 984 726 seruas
1006 701 1069 725 me
1089 700 1277 737 measque
1296 700 1416 737 auges
1437 700 1543 738 opeS‚

328 767 532 793 maxumas
553 752 779 803 opimitates
801 752 1062 802 opiparasque
1083 753 1198 790 offers
1218 752 1326 799 mihi,

275 821 445 866 laudem,
468 820 631 864 lucrum,
655 819 804 863 ludum,
829 817 972 864 iocum,
996 816 1259 864 festiuitatem‚
1282 817 1406 863 ferias,
1630 829 1699 865 770

274 898 476 936 pompam,
496 897 655 934 penum,
678 882 912 932 potationes,
936 882 1191 930 saturitatem,
1211 882 1410 932 gaudium,

235 962 252 993 5
381 963 455 988 nec
476 949 693 999 quoiquam
714 948 865 987 homini
887 949 1106 998 supplicare
1127 962 1233 986 nunc
1249 955 1399 986 certum
1415 955 1474 987 est
1489 947 1586 987 mihi
1602 962 1612 996 3

274 1029 364 1053 nam
386 1016 448 1053 uel
469 1015 657 1064 prodesse
677 1013 806 1052 amico
826 1027 988 1063 possum
1010 1015 1073 1051 uel
1094 1012 1297 1051 inimicum
1318 1014 1492 1063 perdere,

272 1080 325 1118 ita
344 1080 408 1118 hic
428 1094 493 1118 me
512 1078 751 1117 amoenitate
770 1092 939 1117 amoena
957 1092 1149 1116 amoenus
1169 1078 1346 1117 onerauit
1366 1078 1461 1117 dies.

327 1145 411 1184 sine
433 1144 550 1183 sacris
571 1144 831 1182 hereditatem
853 1157 940 1181 sum
961 1151 1076 1193 aptus
1097 1143 1417 1182 ecfertissumam.
1630 1155 1694 1193 775

272 1225 378 1249 nunc
397 1212 449 1249 ad
465 1224 600 1249 senem
618 1223 775 1248 cursum
797 1222 1001 1259 capessam
1017 1210 1124 1246 hunc
1147 1208 1383 1258 Hegionem,
1399 1208 1494 1259 quoi
1515 1207 1610 1247 boni

214 1290 252 1312 10
272 1285 425 1315 tantum
439 1278 574 1315 adfero
587 1283 781 1325 quantum
795 1275 902 1325 ipsus
917 1289 940 1312 a
953 1274 1014 1313 dis
1028 1281 1150 1325 optat,
1163 1282 1282 1323 atque
1295 1274 1412 1312 etiam
1428 1273 1607 1324 amplius.

271 1356 378 1380 nunc
399 1349 505 1380 certa
524 1354 584 1379 res
614 1348 683 1387 est,
706 1341 851 1379 eodem
871 1348 987 1390 pacto
1008 1347 1051 1378 ut
1071 1339 1213 1378 comici
1235 1339 1334 1377 serui
1356 1340 1495 1386 solent,
1531 1378 1534 1381 Δ

271 1407 466 1446 coniciam
500 1405 540 1444 in
576 1407 722 1444 collum
754 1404 928 1455 pallium,
960 1405 1088 1455 primo
1123 1418 1169 1443 ex
1198 1405 1290 1442 med
1322 1405 1424 1441 hanc
1456 1417 1536 1442 rem
1567 1411 1609 1441 ut

1451 1469 1583 1507 audiat
1598 1483 1609 1516 3

272 1551 467 1588 speroque
488 1536 551 1575 me'
572 1537 626 1575 ob
645 1538 752 1574 hunc
773 1535 957 1574 nuntium
976 1542 1179 1574 aeternum
1205 1535 1440 1583 adepturum
1460 1532 1606 1571 cibum.
1629 1537 1698 1578 780

224 1652 253 1688 ii
630 1648 818 1684 HEG1o
930 1647 1251 1682 ERGAsers

329 1733 408 1769 HE.
442 1732 605 1779 Quanto
625 1729 665 1767 in
686 1735 846 1779 pectore
867 1729 969 1766 hanc
991 1740 1072 1765 rem
1094 1739 1185 1764 meo
1204 1725 1317 1775 magi'
1338 1727 1486 1772 uoluto,

328 1803 438 1834 tanto
458 1794 511 1833 mi
531 1794 736 1844 aegritudo
756 1793 908 1832 auctior
928 1800 986 1831 est
1008 1792 1047 1830 in
1068 1791 1212 1830 animo.

326 1862 377 1900 ad
398 1861 507 1899 illum
528 1862 693 1899 modum
715 1859 903 1898 sublitum
925 1872 969 1897 os
990 1872 1074 1896 esse
1096 1857 1149 1895 mi
1169 1854 1313 1895 hodie!

381 1939 512 1976 neque
532 1925 572 1964 id
592 1924 811 1975 perspicere
832 1923 952 1974 quiui.

239 2011 256 2042 5
329 1992 437 2041 quod
459 2004 580 2040 quom
601 1990 773 2036 scibitur,
795 1988 915 2041 (tum)
935 2002 1004 2038 per
1023 1988 1161 2027 urbem
1182 1986 1392 2026 inridebor.
1628 1989 1692 2033 785

328 2070 450 2107 quom
471 2057 669 2105 extemplo
689 2056 739 2094 ad
761 2056 887 2093 forum
908 2056 1119 2100 aduenero,
1143 2066 1280 2091 omnes
1301 2054 1535 2102 loquentur:

319 2161 382 2200 765
406 2159 560 2190 misereri
586 2159 664 2198 cod,
681 2159 757 2189 item
777 2158 865 2190 codd.
881 2156 1185 2198 grammaticorum
1210 2156 1334 2195 aliquot
1360 2156 1415 2195 (cf.
1439 2155 1488 2187 ad
1513 2156 1608 2187 Truc.

275 2205 354 2243 223)
442 2203 588 2233 neminis
604 2213 658 2233 me
676 2203 814 2233 miseret
830 2212 907 2233 narn
927 2201 992 2231 mei
1011 2211 1053 2231 m.
1069 2211 1100 2231 n.
1121 2199 1212 2230 codd.
1230 2199 1335 2230 Nont'i
1353 2201 1516 2239 143,sort.
1534 2211 1609 2231 vera

249 2243 257 2252 Χ
275 2248 414 2287 antiqua
435 2247 521 2277 lectio
656 2257 715 2285 771
743 2246 925 2285 potationis
948 2244 1014 2275 cod.
1148 2253 1209 2282 772
1222 2243 1305 2281 sort.
1333 2241 1558 2286 (quicquam)
1580 2254 1608 2275 s.

276 2295 314 2322 ut
327 2290 525 2331 septenarius
532 2291 600 2329 fiat
665 2290 821 2320 nunciam
842 2289 1000 2329 Gepperl‘
1073 2297 1134 2326 774
1158 2287 1232 2317 dies
1249 2286 1410 2326 Pylades:
1436 2287 1516 2317 mihi
1540 2286 1605 2318 cod.

276 2344 336 2374 777
361 2335 434 2374 ipse
451 2333 520 2364 cod.
610 2343 674 2372 779
696 2343 749 2363 me
762 2332 829 2363 cod.
921 2333 981 2371 781
1004 2331 1158 2370 velmage
1249 2331 1311 2368 783
1332 2330 1493 2361 sublitum
1506 2329 1583 2361 Ital.
1601 2342 1609 2361 ε

274 2378 419 2410 subitum
430 2377 494 2409 cod.
558 2377 659 2408 hodie
675 2376 753 2406 mihi
767 2375 833 2407 cod.
854 2386 860 2405 :
884 2375 957 2406 trai.
971 2375 1051 2405 Reiz
1140 2375 1203 2414 785
1221 2378 1290 2404 tum
1302 2373 1379 2405 add.
1397 2374 1607 2405 Lindemann
