1742 2718
679 46 996 85 MERCATOR
1447 46 1499 82 II.
1521 45 1565 81 iii

89 171 157 215 380
177 160 288 215 [iam]
311 175 389 201 non
407 176 543 201 uereor
563 175 612 199 ne
633 160 737 198 illam
761 174 823 198 me
843 173 974 198 amare
995 159 1058 198 hic
1079 159 1247 210 potuerit
1268 159 1474 198 resciscere
1492 174 1502 207 ,·
1520 174 1560 205 45

174 228 321 278 quippe
342 229 447 266 haud
469 227 585 266 etiam
608 225 819 276 quicquam
843 224 974 275 inepte
995 224 1068 263 feci
1088 231 1266 263 amantes
1286 232 1328 263 ut
1349 226 1486 263 solent.

174 294 251 331 CH.
285 306 344 331 res
365 294 496 331 adhuc
526 291 688 341 quidem
720 292 850 329 hercle
880 290 919 328 in
951 296 1083 336 tumst,
1107 303 1198 328 nam
1223 290 1328 327 hunc
1354 290 1502 328 nescire

1342 362 1399 392 sat
1420 354 1502 393 scio

172 423 222 460 de
244 422 307 460 illa
327 421 453 460 amica
472 437 480 469 3
509 422 617 471 quod
639 420 669 458 si
692 420 820 467 sciret,
840 427 942 459 esset
962 420 1037 458 alia
1057 419 1192 459 oratio.

174 489 248 525 DE.
281 486 376 537 quin
398 500 471 536 ego
492 488 597 524 hunc
621 486 829 536 adgredior
857 487 907 524 de
938 485 1034 523 illa?
1090 486 1167 525 CH.
1200 484 1295 535 quin
1317 498 1389 534 ego
1410 484 1502 522 hinc

1220 564 1283 589 me
1303 550 1469 588 amolior
1484 552 1501 588 ?

84 625 149 669 385
172 631 220 656 eo
240 630 323 666 egO,
344 624 384 654 ut
406 630 506 666 quae
528 617 715 654 mandata
734 615 885 654 amicus
901 614 1037 654 amicis
1054 616 1216 653 tradam.
1279 617 1353 652 DE.
1376 614 1499 653 immo
1519 629 1560 659 50

1361 694 1500 728 mane;

170 749 337 798 paucula
359 747 476 786 etiam
497 747 695 786 sciscitare
716 747 811 797 priu’
833 749 938 785 uolo.
997 747 1074 785 CH.
1106 745 1171 784 dic
1192 745 1288 796 quid
1309 745 1416 784 uelis.

171 815 246 850 DE.
280 812 448 862 usquine
478 808 668 850 ualuisti?
725 813 802 851 CH.
840 818 1031 862 perpetuo
1062 817 1175 857 recte,
1210 812 1306 849 dum
1339 810 1500 860 quidem

1321 875 1398 914 illic
1419 875 1474 914 fui
1490 891 1501 924 3

144 957 305 983 ‘uerum
334 942 373 981 in
404 950 561 994 portum
591 944 669 981 huc
700 950 742 981 ut
771 956 857 980 sum
888 943 1091 988 aduectus,
1113 940 1317 991 nescioqui
1343 941 1498 979 animus

1259 1006 1354 1044 mihi
1375 1008 1495 1045 dolet.

170 1076 245 1112 DE.
278 1087 425 1113 nausea
453 1074 597 1124 edepol
627 1075 773 1112 factum
803 1073 923 1111 credo
938 1087 947 1119 3
977 1085 1114 1110 uerum
1143 1078 1319 1110 actutum
1347 1085 1499 1122 apsces-

1392 1143 1494 1175 serit.

80 1219 150 1254 390
169 1205 238 1243 sed
263 1203 359 1254 quid
393 1203 480 1242 ais?
518 1217 686 1254 ecquam
721 1210 763 1241 tu
797 1202 956 1242 aduexti
991 1209 1081 1240 tuae
1115 1201 1227 1240 matri
1261 1201 1444 1240 ancillam
1476 1216 1497 1240 e
1518 1214 1556 1247 55

1316 1268 1465 1306 Rhodo
1481 1269 1497 1305 ?

168 1334 244 1374 CH.
276 1333 429 1373 aduexi.
490 1335 565 1372 DE.
598 1333 725 1384 quid?
753 1346 799 1371 ea
825 1339 868 1371 ut
893 1332 1050 1372 uidetur
1077 1331 1247 1370 mulier?
1305 1332 1382 1371 CH.
1415 1346 1495 1370 non

1216 1397 1359 1446 edepol
1381 1398 1493 1434 mala.

167 1465 243 1502 DE.
275 1470 318 1501 ut
338 1465 554 1502 moratast?
610 1464 687 1503 CH.
720 1463 868 1501 nullam
889 1461 972 1501 uidi
994 1461 1133 1501 melius
1155 1475 1244 1500 mea
1263 1461 1468 1500 sententia.

167 1531 242 1567 DE.
276 1528 373 1567 mihi
402 1528 566 1579 quidem
587 1529 731 1578 edepol
751 1527 872 1566 uisast
893 1541 1016 1578 quom
1037 1527 1143 1566 illam
1164 1526 1384 1567 uidi—CH.
1418 1529 1494 1566 eho

1116 1607 1167 1631 an
1188 1592 1334 1640 uidisti,
1356 1595 1495 1643 pater?

167 1661 243 1698 DE.
276 1659 369 1698 uidi.
430 1673 567 1698 uerum
589 1672 670 1698 non
691 1673 737 1697 ex
757 1672 830 1697 usu
852 1665 1022 1697 nostrost
1043 1671 1174 1708 neque
1193 1659 1295 1697 adeo
1316 1659 1454 1708 placet.

79 1731 145 1768 395
166 1726 244 1764 CH.
275 1723 343 1774 qui
363 1726 489 1763 uero?
546 1725 622 1762 DE.
654 1721 929 1775 quia—(quia)
948 1737 1028 1762 non
1044 1730 1177 1762 nostra
1190 1725 1355 1762 formam
1376 1723 1497 1762 habet
1514 1727 1556 1761 60

1177 1787 1338 1838 dignam
1359 1789 1492 1828 domo.

165 1853 261 1891 nihil
283 1860 400 1903 opust
421 1853 536 1892 nobis
554 1853 698 1891 ancilla
718 1853 793 1891 nisi
814 1866 915 1903 quae
935 1860 1051 1900 texat,
1074 1866 1176 1903 quae
1196 1854 1330 1900 molat,

164 1917 313 1968 lignum
334 1918 487 1964 caedat,
508 1930 675 1967 pensum
696 1917 822 1963 faciat,
845 1916 955 1956 aedis
976 1925 1117 1965 uorrat,
1141 1918 1312 1967 uapulet,

164 1983 265 2032 quae
286 1982 429 2020 habeat
449 1981 711 2020 cottidianum
731 1981 902 2020 familiae
922 1988 1081 2020 coctum
1102 1981 1236 2020 cibum
1256 1997 1263 2020 :

163 2048 316 2086 horunc
329 2045 394 2084 illa
406 2045 573 2084 nihilum
588 2045 801 2096 quicquam
815 2047 942 2084 facere
958 2045 1110 2096 poterit.
1159 2047 1236 2086 CH.
1259 2046 1490 2084 admodum.

206 2149 272 2189 380
294 2149 359 2179 iam
376 2148 435 2181 del.
451 2148 558 2179 Bnlx:
581 2148 636 2179 vix
652 2148 752 2179 iamn'
772 2149 1028 2190 (interrogative)
1155 2149 1219 2188 385
1244 2149 1370 2180 amicus
1389 2148 1492 2189 (PCD)

161 2193 212 2224 vel
224 2192 368 2223 amicum
386 2193 500 2232 (genet.
515 2192 604 2233 plur.
619 2192 644 2233 ἓ)
668 2192 727 2233 (Β)
745 2191 811 2222 cod.
869 2190 998 2223 amicus
1015 2190 1130 2222 amicis
1155 2196 1340 2233 suspectum
1429 2193 1495 2230 386

162 2237 212 2267 vel
232 2236 392 2267 sciscitari
411 2236 504 2277 (-rei)
639 2237 792 2275 390—406
809 2240 919 2276 pauca
944 2236 978 2266 in
999 2246 1155 2266 versuum
1179 2236 1280 2266 initiis
1301 2236 1440 2266 servavit
1457 2235 1491 2265 A

162 2290 228 2320 390
244 2291 262 2310 e
279 2290 343 2310 om.
361 2279 394 2309 Β
518 2288 582 2319 395
605 2279 684 2318 quia
700 2278 834 2312 addidi:
858 2278 937 2321 <qui
949 2278 982 2321 ἓ)
998 2279 1076 2319 quia
1092 2279 1193 2310 Bothe
1274 2279 1360 2319 non]
1380 2289 1492 2310 noenu

161 2323 286 2354 Ritschl
414 2324 480 2363 396
501 2333 587 2363 opus
613 2322 653 2362 P,
680 2322 714 2353 A
740 2333 771 2354 n.
791 2323 811 2354 l.
945 2332 1009 2363 399
1031 2323 1115 2354 nihil
1147 2332 1305 2362 umquam
1337 2322 1377 2364 Β,
1407 2322 1494 2353 unde

160 2376 343 2407 numquam
359 2366 537 2406 quicquam
550 2365 667 2407 Lange
