1742 2718
707 46 970 85 EPIDICVS
1471 44 1497 81 Ι.
1522 42 1536 81 i

177 159 296 210 quein]
316 159 356 198 id
375 165 589 210 argentum,
613 157 722 206 quod
742 155 909 193 debetur
930 167 1000 203 pro
1020 153 1095 199 illa,
1119 151 1433 190 dinumerauerit.

179 227 246 262 ΕΡ.
264 239 312 263 eu
326 225 467 274 edepol
481 236 540 261 res
553 222 796 260 turbulentas
814 222 820 257 l
851 221 929 257 ΤΗ.
949 217 1060 257 mitte
1074 230 1137 256 me
1151 224 1193 255 ut
1206 230 1291 255 eam
1306 215 1501 254 nunciam.

340 291 409 326 ΕΡ.
440 286 604 325 haecine
625 285 692 324 ubi
713 283 828 323 scibit
850 296 984 331 senex,

337 352 479 404 puppis
500 351 701 402 pereunda
720 357 778 387 est
799 349 933 399 probe.

112 431 153 466 75
391 419 469 455 ΤΗ.
502 416 598 466 quid
618 415 718 453 istuc
738 415 788 453 ad
811 427 874 452 me
894 412 1044 459 attinet,
1530 419 1566 453 75

391 496 470 532 quo
491 489 532 519 tu
553 480 721 519 intereas
743 480 897 517 modo?

177 550 247 587 ΕΡ.
279 547 372 598 quia
392 546 515 597 perire
536 547 642 583 solus
662 546 768 591 nolo,
792 551 830 582 te
851 542 970 592 cupio
990 541 1114 593 perire
1134 555 1303 589 mecum,

178 614 419 652 beneuolens
440 624 530 649 cum
552 611 825 648 beneuolente.
885 610 965 646 ΤΗ.
998 607 1062 646 abi
1092 607 1131 645 in
1163 608 1305 645 malam
1325 619 1407 645 rem
1428 619 1504 644 ma-

1221 685 1378 710 xumam
1398 685 1421 709 a
1441 684 1504 709 me

178 756 269 781 cum
285 742 381 780 istac
397 740 644 779 condicione.
691 741 760 777 ΕΡ.
783 738 795 777 i
816 737 1177 787 sane,—-siquidem
1193 736 1352 775 festinas
1369 735 1501 787 magis.

115 813 161 846 80
179 809 257 845 TH.
289 819 505 856 numquam
533 804 736 844 hominem
757 816 1000 854 quemquam
1021 801 1190 841 conueni
1217 802 1323 840 unde
1342 800 1504 839 abierim
1524 806 1566 837 So

1240 865 1505 905 lubentius.—

179 940 247 976 Ep,
280 937 358 976 illie
377 937 469 975 hinc
489 936 594 974 Abiit.
654 936 760 974 solus
787 947 893 972 nune
920 947 972 972 es.
1031 931 1110 983 qu6
1138 932 1177 970 in
1204 933 1293 970 loco
1322 932 1419 969 haec
1446 944 1505 968 res

1314 995 1361 1034 sit
1381 994 1491 1034 uides

178 1068 368 1118 Epidice:
396 1066 470 1105 nisi
491 1065 587 1117 quid
607 1064 679 1104 tibi
700 1063 741 1103 in
762 1070 841 1103 tete
861 1062 980 1102 auxili
1001 1071 1070 1109 est,
1092 1068 1324 1112 apsumptus
1345 1073 1396 1099 es.

176 1141 306 1171 tantae
327 1132 367 1170 in
388 1139 425 1170 te
444 1131 676 1182 impendent
697 1129 832 1168 ruinae
851 1144 858 1167 ε
889 1127 963 1166 nisi
984 1126 1158 1165 suffulcis
1178 1125 1348 1172 firmiter,

178 1211 259 1236 non
278 1204 390 1247 potes
410 1195 641 1246 supsistere:
671 1194 804 1244 itaque
823 1193 864 1232 in
885 1200 923 1232 te
943 1192 1101 1231 inruont
1120 1198 1274 1229 montes
1295 1188 1396 1228 mali.

116 1267 157 1309 85
446 1274 575 1311 neque
591 1273 664 1310 ego
684 1272 791 1297 nunc
1528 1257 1566 1295 85

446 1339 527 1376 quo
548 1325 669 1363 modo

179 1406 242 1432 me
262 1392 488 1443 expeditum
509 1405 556 1430 ex
575 1388 769 1441 impedito
788 1388 941 1433 faciam,
965 1387 1173 1427 consilium
1194 1388 1332 1438 placet.

445 1470 518 1507 ego
538 1455 655 1495 miser

444 1521 596 1573 perpuli

180 1589 276 1628 meis
296 1588 397 1628 dolis
418 1601 552 1627 senem
574 1594 617 1626 ut
636 1593 815 1627 censeret
835 1598 945 1624 suam
968 1598 1054 1623 sese
1074 1596 1204 1622 emere
1225 1581 1368 1620 filiam:

446 1652 477 1691 is
498 1666 569 1691 suo

447 1717 527 1756 filio

117 1800 162 1834 90
181 1783 380 1822 fidicinam
395 1782 499 1830 emit,
515 1796 633 1833 quam
649 1782 733 1833 ipse
746 1788 864 1830 amat,
879 1794 999 1832 quam
1014 1779 1151 1818 eibiens
1164 1776 1369 1817 mandauit
1384 1774 1490 1816 mihi.
1526 1793 1570 1826 90

95 1857 161 1897 90²²
395 1847 427 1886 si
447 1847 521 1886 sibi
542 1861 648 1886 nunc
667 1848 829 1886 alteram

181 1913 231 1951 ab
251 1911 405 1963 legione
424 1911 588 1951 abduxit
606 1911 728 1950 animi
748 1924 896 1958 caussa,
919 1909 1069 1949 corium
1085 1907 1248 1960 perdidi.

449 1990 541 2015 nam
561 1976 630 2015 ubi
649 1990 769 2015 senex

98 2053 163 2093 92⁰0
449 2041 612 2080 senserit

183 2106 258 2147 sibi
277 2108 369 2146 data
388 2120 473 2146 esse
492 2108 623 2155 uerba,
646 2106 763 2156 uirgis
783 2107 944 2145 dorsum
965 2104 1148 2155 dispoliet
1168 2117 1311 2142 meum.

230 2221 269 2251 72
294 2211 362 2241 heu
376 2210 421 2241 Β3
512 2211 596 2249 73-6
619 2210 763 2249 quinque
778 2219 889 2240 versus
905 2209 997 2240 discr.
1009 2208 1042 2238 A
1058 2208 1153 2248 (fort.
1164 2218 1193 2238 v.
1209 2217 1248 2247 75
1264 2207 1309 2238 sic
1322 2205 1512 2238 dividendus

185 2255 274 2294 Quid
291 2254 377 2285 istuc
394 2254 436 2284 ad
456 2251 462 2295 Ι
484 2253 538 2284 Me
551 2254 707 2286 attinetb
799 2254 840 2292 78
863 2253 944 2283 ben.
959 2262 1033 2283 sum
1051 2251 1266 2282 beneuolenti
1285 2250 1382 2281 Goetz
1470 2259 1511 2288 79

185 2298 295 2337 siquid
308 2297 341 2328 P
413 2307 457 2335 90
480 2296 613 2328 amabat
625 2307 656 2336 q.
676 2296 810 2327 Guietus
826 2307 834 2326 ε
857 2295 1038 2326 emundam
1055 2294 1178 2335 Ussing
1255 2295 1314 2332 90²·
1336 2294 1364 2324 si
1377 2303 1442 2324 om.
1457 2291 1509 2322 PE

185 2341 327 2373 adduxit
351 2339 427 2372 Ital.
515 2340 628 2371 anima
643 2339 696 2370 PE
785 2349 827 2379 93
852 2337 1019 2380 despoliet
1040 2337 1131 2369 cod.:
1156 2337 1305 2378 depoliet
1321 2335 1511 2369 Palmarius

230 2394 348 2416 PLAVT.
368 2394 379 2415 1
1383 2380 1423 2411 23
