1742 2718
716 55 943 94 CAPTIVI
1452 52 1504 88 ΙΙ.
1527 52 1570 88 iii

81 181 151 215 400
170 171 254 208 HE.
285 169 386 207 meu’
407 166 514 214 mihi,
538 166 621 204 suo’
642 163 816 214 quoique
837 170 895 201 est
922 175 1044 200 carus.
1106 162 1277 199 PfflLoc.
1310 159 1505 208 numquid
1528 178 1569 208 40

1200 225 1307 263 aliud
1328 223 1388 262 uis
1408 222 1507 274 patri

170 298 369 338 nuntiari?
425 300 496 336 ΤΥ.
530 310 593 335 me
614 295 678 334 hic
699 295 828 333 ualere
850 300 888 331 et
910 292 1009 342 (tute
1028 292 1216 330 audacter
1236 289 1371 337 dicito„

172 364 373 414 Tyndare)
395 363 495 401 inter
515 375 587 400 nos
608 359 726 398 fuisse
746 358 906 409 ingenio
928 359 1004 395 hau
1027 355 1292 402 discordabili‚

174 443 303 480 neque
324 436 361 468 te
381 426 662 468 commeruisse
683 426 839 475 culpam
862 424 1009 474 (neque
1029 436 1093 461 me
1112 423 1366 460 aduorsatum
1388 418 1477 470 tibi)

176 495 358 545 beneque
379 507 446 532 ero
465 491 630 542 gessisse
651 503 802 528 morem
824 488 864 526 in
885 487 1002 526 tantis
1023 485 1221 526 aerumnis
1242 493 1373 524 tamen
1390 500 1400 532 ;

88 570 155 608 405
176 574 307 611 neque
328 560 420 598 med
440 570 630 608 umquam
651 554 871 595 deseruisse
892 561 930 592 te
951 567 1080 603 neque
1101 551 1213 590 factis
1233 564 1364 601 neque
1384 551 1474 597 fide,
1532 568 1573 600 45

176 626 292 665 rebus
313 624 353 663 in
374 623 515 669 dubiis,
539 621 683 672 egenis.
743 620 841 658 haec
861 625 972 669 pater
992 618 1154 668 quando
1175 615 1282 662 sciet,

177 691 371 740 Tyndare,
394 696 437 727 ut
456 687 573 726 fueris
594 685 791 724 animatus
812 697 902 734 erga
922 696 1036 722 suom
1058 689 1220 732 gnatum
1241 688 1360 731 atque
1381 694 1433 727 se,

178 769 396 805 numquam
417 753 487 792 erit
507 761 588 791 tam
608 765 749 790 auarus
771 750 867 800 quin
888 756 926 788 te
946 748 1076 799 gratiis
1097 747 1250 786 emittat
1270 760 1389 785 manu
1408 761 1415 785 :

179 828 218 860 et
239 834 327 859 mea
346 833 474 870 opera,
498 818 530 857 si
549 818 642 856 hinc
663 816 801 862 rebito,
825 814 966 854 faciam
988 821 1029 852 ut
1050 812 1167 852 faciat
1187 811 1349 851 facilius.

93 902 163 936 410
181 901 273 925 nam
293 894 361 924 tua
380 898 499 936 opera
518 892 556 922 et
576 883 762 922 comitate
783 889 822 921 et
842 880 985 920 uirtute
1006 887 1044 918 et
1065 878 1257 930 sapientia
1538 896 1582 928 50

180 950 305 991 fecisti
325 958 368 989 ut
388 950 514 989 redire
533 948 649 987 liceat
669 949 719 986 ad
741 953 922 997 parentes
943 946 1087 990 denuo,

180 1017 301 1068 quom
323 1017 429 1066 apud
450 1017 557 1053 hunc
577 1015 780 1053 confessus
801 1025 842 1050 es
863 1019 902 1050 et
921 1024 1044 1061 genus
1065 1017 1103 1048 et
1123 1009 1280 1049 diuitias
1301 1023 1432 1048 meas:

181 1096 263 1134 quo
282 1089 399 1134 pacto
419 1079 581 1121 emisisti
601 1094 623 1118 e
643 1078 784 1118 uinclis
804 1085 915 1116 tuom
935 1090 1045 1115 erum
1065 1083 1133 1114 tua
1153 1075 1354 1125 sapientia.

185 1151 357 1187 PHILOC.
387 1146 461 1186 feci
490 1160 563 1196 ego
592 1145 646 1184 ita
674 1152 717 1183 ut
746 1155 1048 1189 commemoraS,
1078 1149 1116 1180 et
1146 1148 1184 1179 te
1218 1140 1444 1180 meminisse
1479 1140 1519 1179 id

1158 1213 1310 1256 gratum
1331 1213 1390 1244 est
1409 1204 1516 1244 mihi.

97 1293 164 1330 415
185 1279 325 1318 merito
345 1277 415 1316 tibi
437 1291 483 1315 ea
501 1277 720 1315 euenerunt
740 1288 763 1312 a
783 1287 847 1312 me
861 1288 871 1321 3
900 1287 994 1311 nam
1015 1285 1133 1318 nunc,
1157 1271 1411 1317 Philocrates,
1541 1287 1581 1320 55

184 1344 216 1383 si
237 1357 311 1394 ego
330 1343 424 1382 item
446 1354 662 1381 memorem
684 1353 785 1390 quae
807 1340 899 1377 med
920 1352 1010 1388 erga
1031 1339 1155 1376 multa
1173 1335 1300 1375 fecisti
1320 1336 1434 1383 bene,

184 1424 263 1449 nox
291 1409 398 1448 diem
426 1408 600 1455 adimat3
638 1419 731 1444 nam
760 1404 873 1455 quasi
902 1417 1037 1443 seruos
1069 1400 1219 1456 [meus]
1250 1415 1366 1449 esses,
1398 1400 1523 1440 nihilo

1401 1465 1522 1504 setius

184 1539 262 1593 (tu)
299 1538 396 1578 mihi
443 1536 704 1588 opsequiosus
751 1548 906 1586 semper
944 1533 1060 1572 fuisti.
1140 1535 1220 1571 HE.
1262 1520 1309 1570 di'
1348 1537 1521 1570 uostram

1387 1596 1520 1642 fidem,

188 1670 393 1710 hominum
415 1668 617 1720 ingenium
638 1667 796 1706 liberale
813 1669 820 1705 Ξ
860 1673 902 1705 ut
922 1667 1115 1704 lacrumas
1135 1662 1338 1703 excutiunt
1358 1660 1478 1700 mihi!

102 1749 172 1782 420
188 1736 324 1775 uideas
345 1736 464 1774 corde
483 1747 614 1773 amare
636 1733 735 1771 inter
755 1746 806 1770 se.
839 1730 996 1782 quantis
1019 1729 1035 1749 ’³‘
1059 1728 1243 1768 laudibus
1543 1732 1587 1764 60

190 1816 303 1841 suom
324 1814 432 1840 erum
455 1813 589 1839 seruos
613 1796 892 1838 conlaudauit!
951 1798 1122 1834 P1-11Loc.
1155 1795 1222 1844 pol
1247 1793 1335 1832 istic
1356 1806 1419 1831 me
1445 1793 1523 1830 hau

1233 1866 1523 1898 centessumam

190 1940 338 1983 partem
360 1933 494 1971 laudat
514 1944 633 1981 quam
655 1930 739 1980 ipse
759 1928 938 1968 meritust
957 1934 1001 1966 ut
1021 1927 1202 1965 laudetur
1221 1924 1417 1963 laudibus.

234 2047 297 2075 403
322 2041 355 2067 te
380 2036 596 2067 aduorsatum
629 2034 712 2064 mihi
740 2033 827 2064 Brix
958 2032 1023 2070 408
1052 2035 1168 2070 gratus
1200 2029 1266 2060 cod.
1301 2029 1352 2071 (cf.
1387 2028 1478 2060 Curc.
1503 2029 1523 2058 6

191 2081 343 2119 ingratus
354 2084 417 2120 pro
434 2078 604 2118 ingratiis)
675 2087 777 2108 manu
795 2076 927 2107 emittat
944 2075 1062 2115 gratiis
1073 2074 1171 2112 Brz'x,
1186 2085 1235 2104 cuz
1252 2075 1370 2112 gratiis
1385 2072 1527 2112 displicet

191 2134 255 2163 413
279 2123 432 2154 exemisti
455 2122 548 2163 TU),
560 2123 641 2161 sort.
663 2125 739 2152 recte
871 2129 935 2158 414
961 2118 1005 2150 ita
1028 2118 1154 2148 Bothe:
1179 2118 1243 2148 ista
1262 2116 1328 2147 cod.
1348 2116 1400 2155 (cs.
1430 2116 1520 2147 Trin

195 2177 278 2206 1170
302 2167 399 2198 istast
423 2171 486 2206 pro
517 2166 622 2203 itast),
641 2165 759 2204 forma
790 2163 847 2194 vix
875 2162 1036 2192 Plautina
1180 2170 1244 2200 415
1267 2159 1372 2203 (sed)
1404 2160 1522 2190 merito

191 2210 279 2240 Brix
385 2211 449 2248 416
473 2219 527 2240 me
544 2208 608 2240 cod.
718 2217 781 2246 417
807 2206 902 2246 quasi
918 2205 1118 2236 Feckeisen:
1139 2205 1168 2236 si
1183 2204 1249 2235 cod.
1339 2213 1437 2234 meus
1459 2202 1519 2233 del.

195 2254 348 2285 Guietus:
372 2263 416 2283 mi
428 2253 560 2291 Bentley
647 2250 693 2282 sis
716 2250 888 2281 Fleckeisen
977 2259 1042 2287 420
1056 2248 1139 2286 sort.
1157 2249 1176 2279 i.
1190 2258 1266 2279 sese
1281 2259 1307 2279 c.
1327 2259 1355 2279 a.
1418 2246 1523 2277 laudi-

192 2298 254 2328 bus
273 2296 346 2338 (3³)
364 2307 410 2327 an
424 2295 573 2327 laudauit
589 2294 700 2336 (PBD)
719 2293 783 2325 cod.
802 2295 933 2324 mcm.·
926 2316 933 2323 .
947 2292 1028 2332 sort.
1045 2291 1147 2334 <erus
1163 2291 1275 2334 hunc)
1290 2291 1446 2323 laudibus
