1742 2718
677 45 995 84 MERCATOR
1447 47 1499 82 II.
1522 44 1566 82 iii

175 160 250 196 DE.
283 158 350 197 ibo
383 158 434 196 ad
468 163 635 207 portum.
696 169 745 193 ne
780 155 843 194 hic
878 155 1060 194 resciscat
1095 164 1211 194 cauto
1244 164 1359 206 opust
1379 172 1386 194 :
1421 169 1501 195 non

1255 221 1337 270 ipse
1359 234 1499 267 emam,

169 287 239 325 sed
262 286 498 336 Lysimacho
517 285 646 324 amico
668 284 878 323 mandabo.
939 284 970 322 is
992 298 1032 322 se
1048 285 1099 323 ad
1120 292 1277 335 portum
1299 285 1471 324 deixerat

170 350 223 389 ire
247 351 410 389 dudum.
470 364 533 388 me
561 363 691 388 moror
719 363 840 399 quom
866 349 953 388 heic
973 350 1207 389 asto—CH.
1241 351 1370 387 nullus
1401 364 1500 397 sum,
1525 365 1588 397 130

1359 415 1498 454 occidi.

484 482 780 520 CHARINVS
894 481 1191 518 Evrvchs
1520 481 1566 518 iv

170 548 247 587 CH.
282 548 502 585 Pentheum
524 545 730 596 diripuisse
750 545 874 583 aiiunt
896 546 1072 583 Bacchas
1091 561 1097 583 :
1128 559 1250 595 nugas
1272 559 1474 584 maxumas

80 621 152 656 470
169 612 288 651 fuisse
308 613 437 659 credo,
460 619 597 662 praeut
617 625 698 661 quo
718 619 835 661 pacto
856 613 929 660 ego
950 611 1132 649 diuorsus
1153 610 1357 650 distrahor.

167 691 241 727 qur
261 691 334 727 ego
355 677 505 716 ueiuo?
534 690 607 726 qur
631 690 712 714 non
733 676 909 715 morior?
938 675 1035 725 quid
1056 676 1190 714 mihist
1211 677 1248 714 in
1271 676 1352 714 uita
1373 676 1467 715 boni
1485 679 1501 715 ?

167 749 368 789 certumst,
387 741 454 780 ibo
474 743 525 780 ad
547 741 745 780 medicum
766 748 884 790 atque
905 739 959 778 ibi
981 754 1044 779 me
1065 741 1195 779 toxico
1217 741 1332 780 morti
1353 742 1469 788 dabo,

168 808 330 857 quando
350 806 391 845 id
412 806 466 844 mi
485 805 672 845 adimitur
693 820 772 856 qua
791 819 931 844 caussa
950 805 1072 844 uitam
1094 806 1212 855 cupio
1233 806 1376 845 uiuere.
1519 824 1536 854 5

170 873 241 910 Ev.
274 885 401 918 mane,
427 885 543 909 mane
568 885 743 922 opsecro,
769 871 950 910 Charine.
1011 872 1089 911 CH.
1123 871 1189 921 qui
1220 885 1283 910 me
1311 873 1499 910 reuocat?

1176 939 1248 974 Ev.
1282 938 1496 987 Eutychus,

79 1013 124 1048 47
130 1013 146 1050 5
168 1009 256 1040 tuos
276 1001 427 1040 amicus
447 1009 486 1040 et
506 1001 662 1048 sodalis,
686 1001 802 1040 simul
824 1001 979 1040 uicinus
999 1015 1224 1051 proxumus.

168 1067 245 1106 CH.
277 1080 359 1105 non
386 1074 427 1104 tu
454 1066 529 1105 scis
550 1074 743 1116 quantum
764 1068 955 1105 malarum
983 1080 1111 1105 rerum
1141 1067 1366 1106 sustineam.
1425 1070 1497 1106 Εν.

1392 1132 1476 1171 scio
1488 1147 1498 1180 3

166 1195 301 1234 omnia
321 1209 395 1246 ego
415 1195 536 1235 istaec
557 1196 776 1235 auscultaui
797 1197 847 1235 ab
869 1196 981 1244 ostio,
1005 1210 1166 1235 omnem
1187 1211 1269 1235 rem
1290 1197 1382 1236 scio.

168 1263 245 1301 CH.
277 1261 374 1312 quid
394 1261 435 1300 id
455 1270 514 1300 est
534 1263 644 1312 quod
667 1261 773 1301 scis?
830 1264 902 1300 Ev.
935 1264 1015 1300 tuo'
1037 1269 1146 1312 pater
1166 1264 1250 1301 uolt
1271 1264 1499 1302 uendere—
1521 1280 1557 1301 10

978 1329 1056 1368 CH.
1089 1341 1250 1366 omnem
1270 1342 1351 1366 rem
1373 1336 1494 1367 tenes.

166 1394 238 1431 Ev.
271 1400 379 1432 tuam
399 1395 578 1432 amicam.
648 1395 729 1434 CH.
758 1393 926 1432 nimium
948 1394 1116 1431 multum
1138 1392 1224 1431 scis.
1291 1395 1363 1431 Ev.
1397 1393 1497 1432 tueis

1286 1458 1494 1509 ingratieis.

76 1527 148 1571 480
166 1524 243 1563 CH.
259 1524 485 1574 plurumum
499 1531 541 1562 tu
557 1523 644 1562 scis.
678 1525 748 1563 sed
762 1524 829 1574 qui
843 1523 918 1563 scis
934 1537 1020 1562 esse
1032 1522 1201 1562 amicam
1217 1523 1323 1562 illam
1338 1538 1466 1562 meam
1480 1526 1498 1562 ?

167 1590 239 1627 Ev.
271 1596 353 1627 tute
374 1588 456 1627 heri
477 1589 584 1639 ipsus
604 1589 700 1627 mihi
722 1589 894 1628 narrasti.
955 1590 1032 1628 CH.
1065 1588 1190 1627 satine
1211 1596 1254 1627 ut
1275 1589 1421 1628 oblitus
1441 1589 1495 1627 fui

165 1654 236 1693 tibi
256 1667 320 1693 me
340 1654 587 1693 narrauisse?
630 1657 701 1693 Ev.
724 1656 803 1693 hau
823 1654 1003 1693 mirumst
1024 1654 1181 1692 factum.
1230 1655 1308 1694 CH.
1331 1661 1369 1692 te
1389 1668 1496 1694 nune

1316 1721 1492 1758 consulo.

165 1785 385 1834 responde:
415 1797 496 1834 quo
515 1786 595 1823 leto
615 1798 752 1823 censes
774 1798 837 1823 me
858 1791 900 1822 ut
920 1797 1078 1834 peream
1099 1783 1394 1834 potissumum?
1517 1798 1554 1830 15

168 1850 239 1886 Ev.
271 1862 352 1887 non
382 1851 517 1887 taces?
549 1862 648 1887 caue
671 1856 713 1887 tu
744 1848 844 1887 istuc
874 1848 1008 1888 deixis.
1080 1850 1158 1888 CH.
1191 1848 1289 1898 quid
1319 1848 1402 1888 ueis
1432 1863 1496 1888 me

1177 1913 1293 1965 igitur
1313 1914 1467 1954 deicere
1479 1917 1497 1953 ?

77 1980 144 2025 485
167 1980 238 2016 Ev.
270 1978 338 2017 uin
358 1978 457 2028 patri
477 1978 674 2018 sublinere
694 1979 856 2029 pulchre
877 1992 941 2017 me
961 1992 1005 2017 os
1025 1980 1123 2017 tuo?
1171 1980 1248 2019 CH.
1273 1993 1367 2018 sane
1387 1981 1492 2019 uolo.

166 2045 237 2082 Ev.
269 2043 381 2082 uisne
410 2057 496 2082 eam
525 2045 577 2082 ad
606 2045 898 2094 portum—CH.
931 2043 999 2093 qui
1032 2043 1163 2094 potius
1199 2057 1319 2094 quam
1353 2046 1494 2084 uoles?

1080 2110 1152 2147 EV.
1183 2117 1304 2160 atque
1323 2109 1492 2148 eximam

207 2208 272 2246 466
289 2206 352 2248 [et]
365 2206 460 2248 (3pro
470 2208 517 2246 at)
533 2217 576 2237 ne
588 2206 622 2238 P
705 2217 766 2246 471
785 2217 867 2246 ergo
878 2206 911 2236 A
1003 2216 1065 2245 474
1082 2206 1156 2246 quis
1167 2206 1201 2237 A
1292 2216 1355 2247 475
1373 2207 1490 2249 simul]

165 2254 200 2281 et
213 2250 246 2280 A
372 2252 436 2289 480
458 2251 546 2281 sceis
564 2250 596 2280 A
616 2249 694 2289 (bis)
783 2260 891 2281 meam
913 2259 990 2280 esse
1006 2250 1146 2280 amicam
1168 2250 1256 2282 illam
1272 2251 1305 2280 A
1428 2252 1492 2290 482

164 2294 284 2324 mirum
301 2293 457 2324 factumst
473 2293 506 2323 P
521 2294 573 2334 (cf
591 2292 639 2323 ad
651 2304 681 2324 v.
699 2294 776 2333 330)
913 2294 976 2332 483
1001 2304 1120 2324 censes
1140 2304 1194 2325 me
1212 2299 1248 2325 ut
1265 2304 1403 2334 peream
1420 2304 1491 2326 sus-

158 2341 306 2378 pectum:
322 2347 442 2369 censes
453 2337 641 2369 interimam
651 2335 793 2368 Mueller
801 2336 934 2376 (Rhein.
950 2336 1039 2367 Mus.
1053 2346 1105 2377 54,
1120 2338 1199 2378 395)
1284 2338 1349 2377 486
1360 2338 1445 2412 5>c'lgin
1455 2338 1488 2368 A

210 2390 328 2412 PLAvr.
349 2391 362 2411 1
