1814 2723
283 45 331 85 V.
352 47 380 84 ii
779 46 825 83 T.
859 41 1041 84 MACCI
1071 45 1275 82 PLAVTI

290 167 332 200 45
355 159 424 195 ΕΡ.
458 156 574 196 etiam
600 155 821 195 inclamitor
841 154 952 206 quasi
981 156 1143 193 seruos?
1205 156 1273 192 PE.
1306 166 1427 204 quom
1455 161 1496 192 tu
1521 167 1561 192 es
1585 152 1683 192 liber

1515 220 1680 269 gaudeo.

356 290 424 327 ΕΡ.
459 287 581 326 merui
609 294 649 324 ut
671 288 814 325 fierem.
888 287 954 323 ΡΕ.
988 292 1029 323 tu
1061 284 1263 323 meruisti?
1332 286 1402 323 ΕΡ.
1434 283 1538 322 uisse
1558 283 1683 322 intro:

1385 362 1459 399 ego
1477 350 1565 387 faxo
1585 348 1684 387 scies

357 420 431 457 hoc
463 417 516 455 ita
550 430 645 456 esse.
724 418 792 454 PE.
835 415 930 465 quid
965 422 1023 454 est
1057 414 1218 464 negoti?
1287 416 1355 452 ΕΡ.
1392 413 1470 452 iam
1503 413 1588 464 ipsa
1625 427 1685 452 res

1477 479 1581 518 dicet
1600 478 1682 517 tibi.

355 548 418 587 abi
452 549 572 586 modo
602 546 712 584 intro.
773 548 845 583 ΑΡ.
879 545 900 592 i,
934 545 1025 583 illuc
1056 558 1135 583 non
1167 551 1359 583 temerest.
1420 545 1488 581 PE.
1520 544 1686 582 adserua

1242 609 1374 657 istum,
1394 608 1687 659 Apoecides.-

358 681 428 717 ΑΡ.
446 678 541 729 quid
556 678 658 724 illue,
671 675 847 727 Epidice‚
859 683 917 715 est
930 675 1092 726 negoti?
1123 677 1192 713 ΕΡ.
1210 688 1393 712 maxuma
1406 675 1535 712 hercle
1548 673 1687 712 iniuria
1707 686 1772 722 715

297 759 338 792 50
358 745 514 784 uinctus
536 751 632 790 asto,
658 742 798 793 quoius
819 743 918 780 haee
937 741 1057 779 hodie
1078 754 1197 791 opera
1217 740 1414 778 inuentast
1435 738 1523 777 filia.

358 814 429 849 ΑΡ.
453 810 517 848 ain
540 817 580 847 tu
603 816 640 847 te
656 808 758 846 illius
775 806 974 845 inuenisse
991 806 1141 844 filiam?
1194 808 1262 844 ΕΡ.
1287 804 1421 843 inueni
1438 812 1475 843 et
1491 803 1601 843 domi
1616 811 1684 843 est.

359 877 429 915 sed
446 883 487 913 ut
502 875 689 913 acerbum
708 880 766 912 est
782 886 852 922 pro
870 872 972 910 bene
990 871 1100 910 factis
1118 884 1239 921 quom
1254 869 1347 908 mali
1363 869 1522 908 messim
1539 876 1663 908 metas
1680 872 1686 907 1

358 944 431 980 ΑΡ.
450 953 621 991 quamne
638 940 757 977 hodie
771 951 840 988 per
854 938 992 976 urbem
1007 945 1171 987 uterque
1185 937 1310 975 sumu'
1324 935 1467 975 defessi
1480 936 1688 985 quaerere?

360 1009 429 1045 ΕΡ.
462 1019 534 1056 ego
555 1019 642 1044 sum
665 1005 841 1043 defessus
862 1003 1038 1053 reperire,
1062 1016 1134 1041 uos
1154 1001 1298 1041 defessi
1318 1014 1513 1051 quaerere.
1708 1012 1776 1047 720

299 1086 338 1117 55
360 1075 428 1110 PE.
461 1071 557 1121 quid
578 1069 640 1108 isti
663 1068 779 1108 oratis
801 1082 919 1119 opere
940 1075 1050 1106 tanto
1064 1070 1081 1105 ?
1108 1066 1209 1119 (me)
1228 1066 1416 1105 meruisse
1436 1066 1620 1116 intellego

358 1145 401 1176 ut
421 1137 535 1175 liceat
557 1134 695 1173 merito
717 1134 847 1172 huiius
869 1135 1004 1172 facere.
1052 1134 1152 1171 cedo
1173 1140 1215 1171 tu
1235 1140 1278 1170 ut
1299 1133 1497 1170 exsoluam
1519 1144 1669 1170 manus.

361 1204 430 1241 ΕΡ.
463 1214 513 1239 ne
541 1199 690 1250 attigas.
764 1200 832 1236 PE.
866 1199 1031 1237 ostende
1062 1211 1166 1236 uero.
1237 1199 1307 1235 ΕΡ.
1340 1198 1443 1235 nolo.
1509 1198 1577 1234 PE.
1609 1209 1690 1234 non

1393 1275 1562 1312 aequom
1582 1260 1687 1299 facis.

362 1336 430 1373 EP.
463 1344 682 1382 numquam
714 1331 844 1369 hercle
874 1328 1004 1375 hodie,
1028 1327 1102 1367 nisi
1132 1327 1368 1379 supplicium
1399 1326 1494 1365 mihi
1524 1328 1605 1373 das,
1627 1340 1691 1364 me

1432 1391 1531 1430 solui
1552 1390 1688 1429 sinam.

363 1466 430 1503 PE.
463 1470 671 1514 optumum
703 1467 823 1510 atque
852 1458 1149 1509 aequissumum
1177 1472 1274 1497 oras.
1334 1471 1482 1504 soccos,
1505 1456 1689 1503 tunicam,
1712 1468 1776 1506 725

1558 1522 1691 1561 allium

303 1602 346 1634 60
364 1594 435 1635 tibi
456 1595 572 1634 dabo.
608 1606 616 1611 ·
635 1594 705 1631 ΕΡ.
738 1592 834 1643 quid
855 1591 1001 1631 deinde
1027 1594 1172 1642 porro?
1229 1593 1297 1629 PE.
1330 1537 1560 1629 libertatern).
1620 1590 1690 1626 ΕΡ.

1470 1663 1509 1694 at
1528 1655 1693 1706 postea?

365 1738 472 1763 nouo
492 1724 632 1763 liberto
654 1737 753 1775 opus
775 1731 832 1762 est
853 1724 962 1774 quod
989 1730 1144 1773 pappet.
1206 1724 1273 1760 PE.
1306 1720 1473 1767 dabitur,
1494 1719 1693 1771 praebebo

1547 1784 1692 1823 cibum.

367 1858 436 1894 ΕΡ.
469 1868 687 1905 numquam
720 1855 850 1893 hercle
880 1853 1014 1902 hodie,
1044 1853 1117 1892 nisi
1149 1867 1212 1892 me
1241 1852 1392 1899 orassis,
1425 1852 1564 1889 solues.
1624 1851 1692 1888 PE.

1354 1930 1423 1956 oro
1443 1924 1491 1963 te,
1516 1914 1693 1966 Epidice,

368 1985 463 2025 mihi
484 1993 526 2024 ut
546 1985 725 2036 ignoscas
748 1985 878 2036 siquid
900 1985 1115 2036 inprudens
1137 1985 1253 2034 culpa
1272 1981 1436 2034 peccaui
1456 1995 1553 2020 mea.

413 2100 538 2129 711—24
559 2094 718 2130 perpauca
746 2089 901 2129 leguntur
921 2088 954 2118 A
1114 2097 1170 2126 711
1196 2086 1382 2117 inclamitor
1404 2084 1502 2124 quasi
1525 2083 1620 2115 Ital.:
1646 2083 1696 2114 in-

369 2135 513 2165 damitor
529 2144 594 2172 que
621 2133 649 2163 si
665 2132 699 2162 Ρ
716 2132 750 2163 (d
769 2137 830 2173 pro
850 2132 904 2169 cli,
924 2131 956 2161 A
977 2142 1008 2163 n.
1027 2131 1047 2162 l.
1207 2140 1268 2169 714
1295 2129 1337 2159 ibi
1360 2128 1394 2159 P
1411 2129 1477 2168 (abi
1492 2128 1548 2168 J),
1569 2127 1602 2156 A
1623 2138 1656 2158 n.
1671 2128 1692 2159 l.

369 2179 398 2209 ei
415 2177 457 2216 P,
473 2177 506 2207 A
526 2188 559 2207 ιι.
576 2176 595 2208 l.
689 2177 767 2206 illuc
789 2186 857 2206 non
876 2176 916 2216 (3)
933 2174 1019 2205 Leo:
1045 2184 1112 2205 non
1130 2174 1206 2204 illuc
1223 2173 1263 2212 P,
1282 2173 1314 2202 A
1335 2184 1367 2204 n.
1386 2174 1404 2204 I.
1534 2172 1596 2210 718
1619 2171 1697 2201 mali

368 2221 472 2252 qus:
497 2221 591 2251 malis
607 2219 647 2259 Ρ,
667 2220 699 2250 Α
720 2231 750 2250 n.
772 2219 792 2250 l.
931 2229 989 2256 721
1018 2229 1071 2248 me
1088 2217 1163 2249 add.
1185 2217 1326 2257 Geppert,
1351 2215 1464 2246 Weber
1484 2214 1615 2254 (Philol.
1642 2224 1694 2253 57,

370 2268 447 2305 231)
477 2264 522 2305 (A
542 2275 574 2294 n.
590 2263 650 2302 l.):
683 2262 913 2303 promeruisse
937 2262 1074 2302 Seyffert
1205 2271 1266 2299 722
1290 2260 1339 2290 vel
1358 2260 1403 2291 sic
1427 2259 1589 2299 distingue
1614 2258 1697 2288 cedo

369 2314 417 2346 tu,
434 2313 471 2339 ut
487 2318 569 2347 exs.‚
588 2317 707 2337 manus
841 2316 903 2345 723
926 2305 1044 2336 attic‘as
1065 2304 1099 2335 P
1120 2305 1162 2347 (C
1173 2309 1235 2345 pro
1251 2304 1296 2343 G)
1410 2304 1473 2342 728
1496 2301 1640 2333 orasseis
1661 2300 1694 2330 A

372 2363 435 2392 ¹229
457 2352 638 2392 ignoscans
654 2350 687 2380 A
779 2351 889 2389 siquid
905 2352 1086 2390 suspectum
1101 2359 1108 2379 ι
1133 2358 1178 2379 an
1194 2348 1281 2387 siqui
1295 2349 1305 2378 2
