1814 2723
224 77 271 112 V.
294 75 323 111 ii
709 72 755 107 T.
790 69 970 107 MACCI
1004 67 1206 104 PLAVTI

234 194 276 224 60
296 200 389 223 Sane
410 186 486 223 hoc
507 198 588 222 non
609 183 648 221 in
671 189 845 221 mentem
868 179 977 218 uenit
997 180 1161 224 dudum,
1185 184 1227 215 ut
1248 176 1316 215 ubi
1336 175 1402 227 (sit
1422 170 1624 225 dicerem).
1646 185 1718 219 900

297 253 374 289 CH.
406 249 471 288 dic
496 248 620 299 igitur,
644 247 711 285 ubi
739 246 803 284 illa
827 246 915 283 est?
973 246 1044 282 Ev.
1077 242 1117 280 in
1144 241 1286 280 nostris
1312 240 1488 279 aedibus,
1548 240 1626 278 CH.

1344 304 1452 343 aedis
1472 304 1627 354 probas,

297 380 327 419 si
349 388 390 418 tu
412 393 504 417 uera
524 377 632 423 dicis,
657 377 819 426 pulchre
839 373 1065 412 aedificatas
1085 371 1241 410 arbitro.

298 446 367 483 sed
388 444 484 494 quid
506 445 579 492 ego
600 442 700 479 istuc
721 440 909 478 credam?
939 436 1072 476 uidisti
1093 450 1143 474 an
1164 437 1214 474 de
1234 434 1371 474 audito
1391 432 1578 472 nuntias?

300 513 371 549 EV.
404 515 561 559 egomet
590 505 682 544 uidi.
753 505 830 544 CH.
863 502 951 553 quis
982 515 1069 540 eam
1101 500 1265 540 adduxit
1299 501 1350 538 ad
1384 512 1469 547 uos,
1498 498 1628 548 inque.

1287 567 1360 602 Ev.
1392 562 1471 616 (tu)
1492 565 1633 613 rogas?

238 641 278 679 65
299 642 376 681 CH.
410 653 502 678 uera
533 637 642 677 dicis.
724 638 794 674 Ev.
833 634 897 680 nil,
935 632 1118 678 Charine,
1153 639 1190 670 te
1223 630 1384 681 quidem
1420 629 1633 679 quicquam
1652 635 1718 672 905

1498 694 1631 744 pudet.

300 771 396 822 quid
418 778 484 808 tua
506 770 619 806 refert
639 766 706 817 qui
728 779 818 804 cum
841 764 937 802 istac
958 763 1138 801 uenerit?
1196 762 1274 800 CH.
1307 760 1402 798 dum
1425 758 1510 797 istic
1531 757 1615 796 siet.

302 840 373 875 EV.
407 843 465 874 est
492 834 678 884 profecto.
744 832 822 869 CH.
855 836 949 880 opta
980 842 1071 877 ergo
1097 828 1150 865 ob
1172 826 1301 865 istunc
1328 824 1509 863 nuntium
1540 822 1636 873 quid

1473 889 1532 927 uis
1553 888 1634 926 tibi.

305 970 376 1006 Ev.
401 965 496 1016 quid
518 964 548 1003 si
569 963 748 1014 optabo?
793 963 869 1000 CH.
895 961 991 998 deos
1008 966 1118 997 orato
1136 964 1176 995 ut
1198 956 1281 995 eius
1302 956 1447 995 faciant
1467 954 1635 1004 copiam.

306 1035 377 1071 Ev.
409 1030 575 1070 derides,
638 1030 715 1068 CH.
748 1034 902 1065 seruata
922 1039 981 1063 res
1003 1031 1061 1063 est
1082 1025 1260 1069 demum,
1281 1021 1312 1060 si
1333 1021 1439 1059 illam
1460 1019 1608 1058 uidero.

247 1109 286 1142 70
305 1099 375 1136 sed
402 1096 496 1146 quin
527 1101 709 1133 ornatum
731 1094 837 1130 hunc
858 1089 1008 1129 reicio?
1034 1090 1157 1127 heus!
1186 1086 1327 1137 aliquis
1355 1092 1532 1124 actutum
1561 1085 1640 1122 huc
1658 1094 1728 1129 910

1538 1151 1640 1188 foras

308 1228 419 1274 exite,
443 1226 549 1265 illinc
570 1224 732 1276 pallium
755 1222 807 1261 mi
829 1223 982 1261 ecferte.
1017 1222 1088 1258 EV.
1113 1233 1187 1265 em,
1204 1231 1311 1256 nunc
1326 1223 1368 1255 tu
1384 1215 1481 1254 mihi
1497 1216 1639 1266 places.

309 1295 387 1333 CH.
419 1299 582 1342 optume
602 1288 779 1335 aduenis,
802 1301 933 1338 puere,
952 1298 1049 1336 cape
1069 1284 1319 1333 chlamydem
1339 1288 1458 1331 atque
1478 1279 1564 1318 istic
1585 1286 1644 1318 sta

1540 1344 1642 1391 ilico,

310 1431 363 1470 ut,
387 1422 418 1462 si
439 1424 537 1460 haec
565 1434 646 1459 non
676 1419 754 1458 sint
777 1431 880 1464 uera,
904 1416 1107 1466 inceptum
1129 1415 1206 1453 hoc
1233 1412 1347 1451 itiner
1375 1412 1562 1462 perficere
1585 1423 1646 1449 ex-

1493 1489 1643 1527 sequar.

314 1557 385 1594 Ev.
418 1567 499 1592 non
534 1551 630 1611 mihi
664 1550 820 1590 credis?
889 1550 967 1589 CH.
1000 1546 1135 1586 omnia
1167 1544 1353 1595 equidem
1387 1543 1506 1581 credo
1545 1531 1646 1592 quae

1065 1611 1076 1620 ¹
1418 1607 1516 1647 dicis
1536 1605 1643 1645 mihi.

254 1694 294 1731 75
315 1687 385 1726 sed
406 1684 501 1736 quin
522 1683 625 1722 intro
645 1681 757 1722 ducis
780 1694 843 1720 me
863 1680 914 1719 ad
936 1692 1035 1726 eam,
1051 1684 1093 1716 ut
1114 1676 1304 1716 uideam?
1342 1676 1415 1713 EV.
1438 1671 1648 1724 paullisper
1666 1685 1732 1722 915

1519 1751 1646 1776 mane.

358 1866 424 1895 900
448 1860 484 1886 ut
511 1854 553 1885 ob
584 1853 684 1893 (PCD)
714 1852 763 1883 vel
785 1856 820 1882 ut
845 1851 903 1881 tibi
929 1848 990 1888 (B)
1006 1848 1100 1880 cod.:
1136 1852 1170 1878 ut
1193 1847 1249 1878 ubi
1269 1846 1313 1878 sit
1335 1846 1481 1877 dicerem
1504 1843 1586 1875 Leo:
1613 1848 1650 1873 ut

316 1900 438 1930 oblitus
455 1898 501 1929 fui
519 1897 656 1929 Ribbeck
733 1906 795 1936 901
824 1895 873 1926 vel
887 1894 1042 1925 aedibust
1122 1902 1187 1931 903
1210 1891 1266 1930 qui
1291 1889 1429 1929 Pylades
1516 1887 1651 1918 uidistis

316 1943 402 1974 cod.:
437 1942 501 1973 -tin
518 1942 592 1972 Ital.
708 1951 751 1971 an
775 1940 816 1970 de
839 1938 1074 1970 Camerarius:
1099 1939 1178 1966 ante
1203 1934 1268 1966 cod.
1393 1932 1529 1963 nuntias
1552 1930 1652 1962 Ital.:

318 1987 442 2018 inotias
452 1985 518 2016 cod.
609 1995 674 2024 904
692 1984 794 2023 inque
808 1982 867 2019 (ita
878 1980 1016 2021 Schoell)
1030 1980 1091 2010 Ev.
1105 1984 1140 2009 tu
1153 1978 1294 2017 (velqui)
1307 1976 1437 2016 scrt'pSz':
1462 1976 1522 2006 EV.
1538 1974 1652 2014 inique

318 2030 383 2062 cod.
399 2041 406 2062 t
425 2030 486 2060 EV.
506 2028 561 2071 (i)
578 2029 693 2068 inique
710 2026 848 2058 Nencz'm'
946 2034 1011 2063 905
1032 2026 1107 2064 post
1121 2023 1187 2062 906
1202 2021 1331 2051 collocat
1341 2019 1407 2051 Leo
1508 2020 1574 2058 906
1597 2022 1653 2048 tua

317 2074 411 2105 Ital.:
430 2074 495 2104 ima
512 2075 601 2113 (ama
613 2072 659 2110 B)
674 2071 739 2102 cod.
758 2083 765 2102 :
782 2070 899 2101 amabo
912 2067 1054 2098 Nencim'
1118 2067 1204 2096 istuc
1215 2065 1258 2095 sit
1270 2064 1334 2095 cod.
1406 2073 1469 2103 907
1487 2063 1574 2093 istuc
1584 2061 1649 2092 cod.

317 2119 383 2158 908
407 2118 507 2148 faciat
525 2117 624 2155 copia
640 2115 704 2145 cod.
785 2124 850 2153 909
874 2113 962 2142 illam
979 2111 1097 2142 uidero
1113 2108 1191 2140 Ital.
1206 2121 1213 2139 :
1237 2108 1293 2139 illa
1311 2108 1430 2138 uideor
1440 2105 1507 2138 cod.
1586 2115 1653 2144 910

318 2162 440 2202 aliquis
451 2160 534 2204 [est]
558 2159 622 2190 cod.
641 2170 648 2189 ε
673 2163 726 2189 est
749 2157 807 2189 del.
824 2155 961 2197 Pylades
1042 2154 1131 2184 hunc
1154 2151 1220 2184 cod.
1309 2161 1371 2191 911
1398 2149 1448 2181 vel
1471 2150 1551 2180 illim
1616 2153 1651 2178 tu

321 2206 401 2236 mihi
420 2204 486 2247 [ut]
506 2203 571 2235 cod.
591 2215 597 2233 ;
628 2206 664 2232 ut
686 2201 749 2232 del.
768 2200 944 2231 Acidalz'us
1073 2208 1139 2237 912
1162 2195 1305 2227 aduenis
1323 2194 1519 2225 Acidalius:
1549 2192 1651 2223 adue-

276 2253 284 2262 *
321 2250 418 2280 niens
451 2247 516 2279 cod.
558 2248 636 2287 (pro
671 2246 760 2276 -neis
772 2245 799 2285 ἵ)
931 2247 1032 2282 atque
1065 2239 1184 2282 [haec]
1210 2239 1309 2270 istinc
1338 2243 1389 2269 sat
1417 2237 1482 2268 cod.
1516 2236 1564 2277 (ii.
1596 2235 1650 2275 7):

321 2294 406 2324 haec
423 2292 481 2324 del.
497 2291 608 2330 Bothe,
627 2289 702 2320 istic
718 2293 770 2320 sta
789 2287 999 2319 Camerarius
1007 2285 1084 2326 {isti
1101 2288 1173 2315 asta
1185 2282 1334 2323 Seyfflrt)
1444 2289 1509 2321 913
1533 2279 1652 2310 itinere

322 2337 391 2368 cod.
524 2345 587 2375 914
613 2344 699 2373 quae
717 2332 799 2364 dicis
815 2330 890 2362 Ital.
909 2342 916 2361 ε
939 2330 1016 2370 quia
1032 2328 1135 2360 edicis
1150 2327 1217 2358 cod.
1313 2325 1372 2356 tibi
1388 2324 1429 2364 B,
1437 2325 1518 2364 sort.
1537 2325 1612 2354 recte
