1742 2718
702 96 1029 134 AVLVLARIA
1455 100 1529 137 III.

209 220 380 257 namque
400 208 476 245 hoc
496 205 563 256 qui
584 206 689 245 dicat
713 207 813 256 ‘quo
834 207 921 245 illae
942 207 1092 245 nubent
1112 205 1256 247 diuites

122 285 191 320 490
209 273 378 318 dotatae,
402 271 432 309 si
454 271 552 309 istuc
573 271 632 309 ius
653 271 890 321 pauperibus
911 271 1118 322 poniturP'

208 350 288 387 quo
309 337 469 375 lubeant
490 337 652 384 nubant,
675 338 770 375 dum
793 338 864 375 dos
886 351 935 375 ne
957 338 1021 375 fiat
1042 350 1186 377 comes.

208 404 283 441 hoc
304 403 335 440 si
356 401 408 439 ita
429 403 505 449 fiat,
529 415 656 440 mores
678 402 858 440 meliores
879 402 953 440 sibi

206 474 353 517 parent,
376 480 446 516 pro
467 468 560 506 dote
580 481 680 517 quos
701 469 835 514 ferant,
859 481 976 517 quam
999 481 1104 506 nunc
1124 469 1264 517 ferunt,

207 545 279 582 ego
300 532 416 570 faxim
438 532 543 579 muli,
566 533 691 583 pretio
712 532 778 583 qui
800 542 985 582 superant
1006 547 1141 583 equOS,

119 608 186 644 495
209 598 308 636 sient
328 598 484 636 uiliores
506 598 666 637 Gallicis
687 599 906 637 cantheriis.

209 665 306 701 Evc.
338 663 391 701 ita
411 676 474 701 me
494 663 534 702 di
554 664 745 702 amabunt
766 672 806 702 ut
828 678 900 714 ego
921 666 1027 703 hunc
1048 665 1227 702 ausculto
1248 664 1399 703 lubens.

207 727 312 765 nimi'
333 728 462 778 lepide
482 728 573 766 fecit
593 729 713 767 uerba
732 730 782 767 ad
804 729 1094 779 parsimoniam.

209 794 291 830 ΜΕ.
324 794 430 831 nulla
450 792 566 843 igitur-
584 793 689 832 dicat
713 797 721 812 ‘
735 793 918 843 equidem
942 795 1075 832 dotem
1098 795 1148 832 ad
1170 802 1207 832 te
1227 792 1340 832 attuli

208 857 395 895 maiorem
417 859 542 896 multo
562 871 681 907 quam
703 858 773 896 tibi
795 867 875 896 erat
896 858 1089 908 pecunia3

122 931 189 967 500
208 922 311 959 enim
334 922 430 960 mihi
450 922 612 972 quidem
632 931 840 972 aequomst
861 936 1073 973 purpuram
1094 931 1213 973 atque
1233 936 1372 962 aurum
1393 921 1488 971 dari,

208 986 378 1034 ancillas,
401 989 540 1034 mulos,
564 987 770 1034 muliones,
794 988 1045 1038 pedisequos,

208 1050 476 1101 salutigerulos
496 1065 650 1101 pueros,
673 1052 828 1091 uehicla
847 1052 915 1103 qui
935 1054 1080 1092 uehar.'

209 1117 308 1154 Evc.
341 1124 383 1154 ut
403 1125 670 1155 matronarum
691 1117 755 1156 hie
777 1119 879 1156 facta
900 1118 1081 1168 pernouit
1101 1119 1249 1170 probel

207 1182 372 1221 moribu'
392 1184 632 1233 praefectum
654 1183 861 1222 mulierum
882 1185 988 1223 hunc
1008 1186 1155 1223 factum
1176 1185 1306 1224 uelim.

123 1257 185 1294 505
209 1248 291 1285 ΜΕ.
324 1261 430 1286 nunc
450 1261 613 1298 quoquo
633 1248 768 1287 uenias
788 1251 875 1300 plus
896 1251 1157 1300 plaustrorum
1178 1251 1218 1288 in
1239 1250 1404 1290 aedibus

207 1313 342 1352 uideas
363 1327 481 1364 quam
502 1314 589 1362 ruri,
613 1316 774 1364 quando
794 1316 845 1353 ad
866 1316 999 1354 uillam
1021 1316 1185 1355 ueneris.

207 1379 276 1417 sed
297 1380 373 1417 hoc
394 1379 511 1417 e'tiarn
532 1381 739 1429 pulchrum
762 1388 819 1419 est
840 1394 1053 1431 praequam
1075 1381 1144 1421 ubi
1165 1389 1344 1433 sumptus
1365 1389 1514 1433 petunt.

206 1450 280 1482 stat
300 1444 407 1492 fullo,
429 1444 602 1495 phyrgio,
626 1447 796 1493 aurufex‚
820 1446 988 1485 lanarius
1003 1461 1015 1495 ,·

205 1522 404 1559 caupones
424 1510 634 1560 patagiarii‚
657 1510 867 1559 indusiarii,

119 1584 188 1621 510
206 1575 421 1622 flammarii,
445 1575 605 1624 uiolarii‚
629 1577 805 1615 carinarii
819 1592 830 1625 3

205 1647 272 1678 aut
292 1640 531 1688 manulearii,
553 1649 619 1680 aut
640 1642 931 1690 murobatharii‚

203 1706 391 1755 propolae
400 1704 615 1753 linteones,
639 1706 856 1745 calceolarii
870 1722 880 1755 3

204 1769 414 1808 sedentarii
435 1778 585 1809 sutores
606 1771 868 1819 diabathrarii,

203 1835 356 1874 solearii
377 1843 518 1884 astant,
538 1844 666 1875 astant
687 1837 930 1876 molocinarii
944 1852 955 1885 3

118 1909 182 1947 515
203 1908 343 1950 petunt
363 1902 542 1949 fullones,
565 1902 820 1941 sarcinatores
840 1911 980 1952 petunt
996 1918 1005 1950 3

204 1965 423 2016 strophiarii
443 1975 582 2014 astant,
605 1975 734 2006 astant
754 1970 879 2007 semul
900 1967 1054 2006 zonarii.

246 2081 310 2110 490
334 2072 448 2102 dotata
472 2082 509 2102 es
533 2072 622 2102 istud
650 2072 700 2103 uis
723 2072 783 2102 cod
808 2084 815 2103 :
851 2082 929 2102 corr.
956 2071 1167 2102 Camerarius
1191 2071 1257 2102 (ius
1275 2070 1337 2104 V25
1471 2082 1530 2111 491

201 2113 338 2145 iubeant
354 2114 418 2145 cod.
441 2113 595 2153 (iubeant
611 2114 671 2148 Bl)
692 2117 738 2153 (v.
765 2116 819 2150 12)
953 2125 1017 2154 507
1041 2120 1196 2154 sumptus
1218 2116 1273 2145 ubi
1300 2115 1453 2146 Guz‘etus:
1479 2115 1534 2145 ubi

201 2158 410 2197 sumptifices
427 2159 467 2199 (2)
483 2159 546 2190 Leo
678 2159 742 2197 508
759 2159 900 2190 linarius
915 2158 959 2189 Βι
1072 2167 1136 2197 510
1160 2159 1292 2190 cariarii
1309 2159 1441 2189 Nonius
1457 2169 1529 2198 541,

202 2210 277 2240 549,
296 2201 355 2241 qui
366 2201 397 2233 h.
417 2212 548 2233 versum
563 2206 637 2243 post
660 2212 720 2242 521
747 2203 782 2233 in
806 2203 985 2242 exemplari
1005 2213 1066 2233 suo
1086 2202 1243 2233 thvenisse
1264 2202 1397 2233 videtur.
1450 2202 1535 2232 Citat

201 2244 316 2274 saltem
333 2255 384 2276 vv.
401 2255 476 2285 519,
497 2255 557 2285 521
577 2250 652 2277 ante
668 2257 733 2285 510
752 2246 803 2285 (cf.
822 2246 959 2287 adsrag
985 2246 1009 2278 ii
1144 2256 1206 2284 511
1230 2245 1470 2285 myrobaptarii
1487 2246 1529 2285 (2)

200 2285 268 2318 Leo
365 2298 429 2328 513
453 2289 652 2320 diobatharii
673 2289 762 2320 cod.:
785 2300 863 2320 corr.
890 2289 1057 2320 Turnebus
1143 2292 1209 2329 516
1231 2289 1444 2321 semisonarii
1461 2287 1526 2319 cod.

202 2330 252 2371 (ul
263 2335 326 2371 per
334 2332 498 2372 compend.
521 2334 678 2374 scriptum
694 2333 775 2373 erat)
795 2343 803 2363 t
825 2342 903 2364 corr.
920 2331 986 2363 Leo

1553 111 1583 136 V

1554 545 1595 568 20

1561 867 1600 898 25

1556 1200 1596 1232 30

1554 1528 1593 1560 35

1551 1852 1596 1883 40
