1742 2718
79 319 142 355 145

76 837 142 873 150

33 1162 139 1199 154-5

72 1735 140 1771 160

648 67 965 105 MERCATOR
1457 67 1487 104 I.
1507 70 1537 106 ii

217 178 294 217 CH.
327 176 386 215 sin
407 176 519 215 saluti
541 177 651 226 quod
674 176 744 215 tibi
766 190 851 215 esse
871 190 1026 223 censeo,
1050 175 1090 215 id
1111 176 1370 214 consuadeo?

215 244 287 280 Ac.
306 255 429 292 apage
445 241 667 280 istiusmodi
686 243 851 281 salutem
865 239 992 293 (cum)
1009 240 1182 280 cruciatu
1199 254 1300 291 quae
1315 239 1487 279 aduenit.
1511 254 1550 287 35

216 308 294 346 CH.
326 307 390 345 dic
412 306 518 354 mihi,
540 320 590 345 an
613 307 706 346 boni
728 307 824 357 quid
852 315 1055 357 usquamst
1076 307 1184 356 quod
1205 305 1414 356 quisquam
1436 305 1492 344 uti

1344 371 1492 421 possiet

215 437 298 475 sine
316 438 419 475 malo
435 437 555 484 omni,
573 445 640 475 aut
657 451 706 476 ne
723 439 897 477 laborem
915 436 1046 487 capias
1062 450 1184 487 quom
1201 436 1267 474 illo
1281 435 1337 474 uti
1353 437 1493 474 uoles?

214 504 286 540 AC.
319 502 454 541 nescio
493 516 566 553 ego
605 502 725 541 istaec
749 518 756 541 :
805 502 1074 553 philosophari
1112 515 1329 552 numquam
1368 501 1490 540 didici

1243 580 1373 616 neque
1393 566 1487 605 scio.

213 645 287 681 ego
308 632 469 678 bonum,
494 633 640 670 malum
663 645 743 682 quo
764 632 928 679 accedit,
948 631 1042 670 mihi
1064 631 1145 670 dari
1168 633 1245 670 hau
1267 631 1460 669 desidero.

213 698 291 735 CH.
323 697 424 735 cedo
455 705 560 735 tuam
591 696 688 735 mihi
714 698 928 744 dexteram,
947 698 1129 747 agedum,
1153 695 1361 734 Acanthio.
1413 697 1486 733 Ac.
1508 706 1551 738 40

566 808 569 810 ,
1111 775 1172 799 em
1195 760 1361 807 dabitur,
1386 768 1486 798 tene.

214 827 291 866 CH.
324 826 390 864 uin
426 834 466 865 tu
498 835 536 866 te
569 827 665 865 mihi
694 835 980 878 opsequentem
1015 841 1100 866 esse
1131 841 1181 865 an
1215 826 1356 865 neuis?
1413 828 1486 864 AC.

1260 904 1379 941 opera
1399 890 1489 929 licet

211 956 385 1006 experiri,
408 957 476 1006 qui
497 971 560 996 me
580 956 666 1007 rupi
686 971 824 995 caussa
844 958 1038 996 currendo
1059 965 1135 1003 tua,

212 1029 254 1059 ut
274 1035 376 1071 quae
396 1022 535 1060 scirem
556 1022 654 1060 scire
673 1030 851 1061 actutum
872 1022 943 1061 tibi
963 1022 1105 1061 liceret.
1166 1024 1243 1061 CH.
1277 1021 1442 1060 liberum

213 1094 332 1136 caput
353 1086 423 1125 tibi
443 1086 584 1126 faciam
608 1103 626 1122 *
649 1101 796 1138 paucos
818 1087 974 1126 mensis.
1033 1089 1105 1125 Ac.
1138 1088 1256 1137 palpo
1277 1085 1458 1137 percutis.

215 1152 294 1191 CH.
338 1165 440 1201 egon
470 1151 597 1190 ausim
625 1151 695 1190 tibi
725 1165 893 1203 usquam
923 1151 1137 1202 quicquam
1166 1151 1317 1190 facinus
1347 1152 1489 1189 falsum
1508 1161 1548 1192 45

1276 1216 1490 1267 proloqui?

210 1281 305 1332 quin
334 1281 411 1321 iam
441 1281 538 1333 priu'
565 1296 684 1333 quarn
712 1296 798 1321 sum
820 1285 1009 1330 elocutus,
1032 1282 1108 1321 scis
1129 1281 1184 1321 sei
1205 1281 1361 1321 mentiri
1381 1283 1485 1320 uolo.

1304 1348 1378 1386 Ac.
1409 1347 1488 1385 ah!

210 1411 482 1451 lassitudinem
503 1413 634 1451 hercle
655 1413 776 1452 uerba
796 1420 864 1451 tua
883 1412 979 1451 mihi
1000 1414 1164 1460 addunt,
1188 1412 1331 1451 enicas.

205 1473 283 1512 CH.
314 1472 436 1510 sicine
458 1471 510 1509 mi
532 1485 757 1523 opsequens
778 1476 850 1512 es?
890 1476 962 1513 Ac.
991 1474 1087 1525 quid
1107 1474 1166 1512 uis
1188 1474 1360 1525 faciam?
1400 1474 1481 1515 CH.

1054 1541 1153 1577 tun?
1183 1539 1223 1578 id
1245 1541 1354 1589 quod
1375 1542 1480 1579 uolo.

205 1604 277 1641 Ac.
310 1601 406 1653 quid
425 1600 501 1654 (id)
521 1609 579 1640 est
600 1602 714 1652 igitur
730 1604 838 1653 quod
859 1603 948 1642 uis?
990 1605 1068 1643 CH.
1094 1603 1235 1642 dicam.
1281 1606 1354 1643 Ac.
1381 1604 1482 1644 dice.

904 1668 982 1708 CH.
1014 1676 1054 1707 at
1074 1668 1179 1707 enim
1200 1669 1356 1720 placide
1376 1672 1479 1709 uolo.

204 1734 278 1770 Ac.
310 1731 541 1771 dormientis
562 1740 800 1782 spectatores
822 1733 963 1771 metuis
985 1747 1034 1772 ne
1055 1747 1101 1772 ex
1122 1747 1264 1773 somno
1285 1734 1461 1774 excites?
1501 1749 1547 1784 50

206 1798 286 1836 CH.
315 1810 388 1835 uae
409 1796 504 1836 tibi!
561 1799 633 1836 Ac.
667 1797 736 1836 tibi
762 1798 949 1848 equidem
973 1813 996 1837 a
1015 1806 1131 1849 portu
1156 1800 1325 1850 adporto
1349 1801 1480 1840 hoc—-

923 1864 1000 1903 CH.
1033 1863 1129 1914 quid
1150 1865 1255 1903 fers?
1284 1864 1349 1904 dic
1371 1865 1481 1904 mihi.

205 1928 277 1965 Ac.
309 1925 403 1973 uim,
435 1934 597 1975 metum,
634 1927 861 1975 cruciatum,
895 1941 1040 1976 curam,
1078 1928 1326 1980 iurgiumque
1360 1938 1481 1982 atque

1291 1995 1478 2046 inopiam.

198 2108 259 2137 144
283 2108 357 2129 cum
373 2097 448 2139 (per
467 2099 632 2140 compend.
658 2101 675 2130 ὅ
697 2100 820 2141 script.)
845 2099 922 2132 add.
940 2100 1079 2141 Pylades
1225 2111 1287 2141 149
1310 2102 1479 2141 agendum

150 2141 218 2174 cod.
237 2143 288 2183 (cf.
312 2142 388 2181 112)
478 2143 529 2173 vel
543 2153 616 2174 eme
724 2153 785 2183 150
807 2143 1055 2184 obsequentem
1073 2155 1149 2176 esse
1165 2144 1333 2186 Scaliger:
1358 2145 1479 2176 obesse

150 2190 348 2224 sequentem
366 2185 433 2217 cod.
550 2196 608 2225 151
634 2185 708 2226 qui]
725 2185 825 2226 quam
836 2188 869 2217 B
884 2188 958 2228 (pro
974 2198 1064 2227 qum,
1085 2189 1103 2220 i.
1116 2200 1141 2220 e.
1158 2199 1259 2228 quom
1271 2190 1297 2230 2)
1418 2198 1478 2228 153

150 2228 171 2259 f.
185 2226 280 2270 (eis)
296 2228 486 2260 Acidalius:
511 2230 531 2260 f.
550 2229 674 2272 (ante)
690 2230 830 2261 Mueller
839 2231 968 2271 (Rhein.
984 2230 1074 2263 Mus.
1090 2240 1143 2272 54,
1162 2233 1243 2273 394)
1331 2233 1478 2272 percutit

149 2271 239 2302 codd.
260 2271 367 2302 Nonii
380 2274 441 2311 163
461 2274 644 2314 (neglegens
658 2273 775 2312 n'tatio)
884 2276 945 2313 156
969 2276 1035 2307 scis
1051 2276 1080 2306 si
1097 2275 1310 2307 Camerarius
1326 2288 1333 2307 ε
1357 2276 1478 2308 scisset

150 2314 272 2356 (scisse
288 2314 381 2356 ΡΨ)
399 2315 465 2348 cod.
613 2326 674 2356 159
697 2317 730 2348 id
746 2317 822 2349 add.
841 2317 979 2357 Pylades
