<?xml version="1.0" encoding="UTF-8"?>
<!DOCTYPE html PUBLIC "-//W3C//DTD XHTML 1.0 Transitional//EN"
    "http://www.w3.org/TR/xhtml1/DTD/xhtml1-transitional.dtd">
<html xmlns="http://www.w3.org/1999/xhtml" xml:lang="en" lang="en">
 <head>
  <title>
</title>
<meta http-equiv="Content-Type" content="text/html;charset=utf-8" />
  <meta name='ocr-system' content='tesseract 3.04.00' />
  <meta name='ocr-capabilities' content='ocr_page ocr_carea ocr_par ocr_line ocrx_word'/>
</head>
<body>
  <div class='ocr_page' id='page_1' title='image "./tmacciplauticomo01plauuoft_0300.png"; bbox 0 0 1814 2723; ppageno 0'>
   <div class='ocr_carea' id='block_1_1' title="bbox 218 75 1207 116">
    <p class='ocr_par' dir='ltr' id='par_1_1' title="bbox 218 75 1207 116">
     <span class='ocr_line' id='line_1_1' title="bbox 218 75 1207 116; baseline -0.004 -1"><span class='ocrx_word' id='word_1_1' title='bbox 218 79 265 116; x_wconf 88' lang='lat' dir='ltr'>V.</span> <span class='ocrx_word' id='word_1_2' title='bbox 290 78 319 114; x_wconf 90' lang='lat' dir='ltr'>ii</span> <span class='ocrx_word' id='word_1_3' title='bbox 710 77 756 113; x_wconf 88' lang='lat' dir='ltr'>T.</span> <span class='ocrx_word' id='word_1_4' title='bbox 790 75 970 113; x_wconf 91' lang='lat' dir='ltr'><strong>MACCI</strong></span> <span class='ocrx_word' id='word_1_5' title='bbox 1002 75 1207 112; x_wconf 90' lang='lat' dir='ltr'><strong>PLAVTI</strong></span> 
     </span>
    </p>
   </div>
   <div class='ocr_carea' id='block_1_2' title="bbox 232 181 1783 1148">
    <p class='ocr_par' dir='ltr' id='par_1_2' title="bbox 232 181 1783 1148">
     <span class='ocr_line' id='line_1_2' title="bbox 289 181 1624 233; baseline -0.004 -8"><span class='ocrx_word' id='word_1_6' title='bbox 289 186 356 225; x_wconf 90' lang='lat' dir='ltr'>ubi</span> <span class='ocrx_word' id='word_1_7' title='bbox 378 187 479 225; x_wconf 90' lang='lat' dir='ltr'>intro</span> <span class='ocrx_word' id='word_1_8' title='bbox 499 187 603 224; x_wconf 88' lang='lat' dir='ltr'>hanc</span> <span class='ocrx_word' id='word_1_9' title='bbox 625 197 773 223; x_wconf 89' lang='lat' dir='ltr'>nouam</span> <span class='ocrx_word' id='word_1_10' title='bbox 798 190 963 233; x_wconf 77' lang='lat' dir='ltr'>nuptam</span> <span class='ocrx_word' id='word_1_11' title='bbox 988 182 1143 230; x_wconf 85' lang='lat' dir='ltr'>deduxi,</span> <span class='ocrx_word' id='word_1_12' title='bbox 1166 189 1271 221; x_wconf 86' lang='lat' dir='ltr'>recta</span> <span class='ocrx_word' id='word_1_13' title='bbox 1290 181 1355 220; x_wconf 87' lang='lat' dir='ltr'>uia</span> <span class='ocrx_word' id='word_1_14' title='bbox 1374 181 1414 220; x_wconf 92' lang='lat' dir='ltr'>in</span> <span class='ocrx_word' id='word_1_15' title='bbox 1435 181 1624 220; x_wconf 70' lang='lat' dir='ltr'>conclaue</span> 
     </span>
     <span class='ocr_line' id='line_1_3' title="bbox 1465 245 1622 285; baseline -0.013 0"><span class='ocrx_word' id='word_1_16' title='bbox 1465 245 1622 285; x_wconf 85' lang='lat' dir='ltr'>abduxi.</span> 
     </span>
     <span class='ocr_line' id='line_1_4' title="bbox 290 311 1623 363; baseline -0.005 -7"><span class='ocrx_word' id='word_1_17' title='bbox 290 318 360 357; x_wconf 89' lang='lat' dir='ltr'>sed</span> <span class='ocrx_word' id='word_1_18' title='bbox 399 324 531 356; x_wconf 88' lang='lat' dir='ltr'>tamen</span> <span class='ocrx_word' id='word_1_19' title='bbox 571 315 756 354; x_wconf 78' lang='lat' dir='ltr'>tenebrae</span> <span class='ocrx_word' id='word_1_20' title='bbox 794 314 849 353; x_wconf 89' lang='lat' dir='ltr'>ibi</span> <span class='ocrx_word' id='word_1_21' title='bbox 883 321 993 353; x_wconf 85' lang='lat' dir='ltr'>erant</span> <span class='ocrx_word' id='word_1_22' title='bbox 1030 321 1232 363; x_wconf 80' lang='lat' dir='ltr'><strong>tamquam</strong></span> <span class='ocrx_word' id='word_1_23' title='bbox 1266 311 1307 352; x_wconf 87' lang='lat' dir='ltr'>in</span> <span class='ocrx_word' id='word_1_24' title='bbox 1341 320 1461 362; x_wconf 88' lang='lat' dir='ltr'>puteo</span> <span class='ocrx_word' id='word_1_25' title='bbox 1477 326 1487 359; x_wconf 81' lang='lat'><em>3</em></span> <span class='ocrx_word' id='word_1_26' title='bbox 1528 313 1623 349; x_wconf 90' lang='lat' dir='ltr'>dum</span> 
     </span>
     <span class='ocr_line' id='line_1_5' title="bbox 918 376 1622 427; baseline -0.004 -10"><span class='ocrx_word' id='word_1_27' title='bbox 918 393 1037 417; x_wconf 83' lang='lat' dir='ltr'>senex</span> <span class='ocrx_word' id='word_1_28' title='bbox 1055 379 1167 417; x_wconf 84' lang='lat' dir='ltr'>abest</span> <span class='ocrx_word' id='word_1_29' title='bbox 1190 382 1198 398; x_wconf 95' lang='lat'>‘</span> <span class='ocrx_word' id='word_1_30' title='bbox 1212 377 1408 416; x_wconf 86' lang='lat' dir='ltr'>decumbe</span> <span class='ocrx_word' id='word_1_31' title='bbox 1421 379 1429 394; x_wconf 84' lang='lat'><em>⁷</em></span> <span class='ocrx_word' id='word_1_32' title='bbox 1449 376 1622 427; x_wconf 85' lang='lat' dir='ltr'>inquam.</span> 
     </span>
     <span class='ocr_line' id='line_1_6' title="bbox 398 443 1118 492; baseline -0.007 -6"><span class='ocrx_word' id='word_1_33' title='bbox 398 448 577 492; x_wconf 84' lang='lat' dir='ltr'>conloco,</span> <span class='ocrx_word' id='word_1_34' title='bbox 600 444 730 492; x_wconf 89' lang='lat' dir='ltr'>fulcio,</span> <span class='ocrx_word' id='word_1_35' title='bbox 754 444 900 491; x_wconf 80' lang='lat' dir='ltr'>mollio,</span> <span class='ocrx_word' id='word_1_36' title='bbox 924 443 1118 492; x_wconf 85' lang='lat' dir='ltr'>blandior,</span> 
     </span>
     <span class='ocr_line' id='line_1_7' title="bbox 232 504 1307 561; baseline -0.003 -13"><span class='ocrx_word' id='word_1_37' title='bbox 232 527 271 549; x_wconf 93' lang='lat'>10</span> <span class='ocrx_word' id='word_1_38' title='bbox 398 519 440 550; x_wconf 90' lang='lat' dir='ltr'>ut</span> <span class='ocrx_word' id='word_1_39' title='bbox 460 511 563 561; x_wconf 89' lang='lat' dir='ltr'>prior</span> <span class='ocrx_word' id='word_1_40' title='bbox 583 524 702 560; x_wconf 86' lang='lat' dir='ltr'>quam</span> <span class='ocrx_word' id='word_1_41' title='bbox 724 523 843 547; x_wconf 85' lang='lat' dir='ltr'>senex</span> <span class='ocrx_word' id='word_1_42' title='bbox 863 507 1038 560; x_wconf 80' lang='lat' dir='ltr'>nup(tias</span> <span class='ocrx_word' id='word_1_43' title='bbox 1059 504 1307 559; x_wconf 67' lang='lat' dir='ltr'>perpetrem).</span> 
     </span>
     <span class='ocr_line' id='line_1_8' title="bbox 289 573 1712 624; baseline -0.006 -9"><span class='ocrx_word' id='word_1_44' title='bbox 289 579 423 616; x_wconf 89' lang='lat' dir='ltr'>tardus</span> <span class='ocrx_word' id='word_1_45' title='bbox 444 590 528 615; x_wconf 88' lang='lat' dir='ltr'>esse</span> <span class='ocrx_word' id='word_1_46' title='bbox 548 575 639 614; x_wconf 90' lang='lat' dir='ltr'>ilico</span> <span class='ocrx_word' id='word_1_47' title='bbox 660 574 784 624; x_wconf 86' lang='lat' dir='ltr'>coepi,</span> <span class='ocrx_word' id='word_1_48' title='bbox 808 573 997 624; x_wconf 87' lang='lat' dir='ltr'>quoniam</span> <span class='ocrx_word' id='word_1_49' title='bbox 1056 588 1074 608; x_wconf 75' lang='lat'>21&lt;</span> <span class='ocrx_word' id='word_1_50' title='bbox 1134 586 1152 606; x_wconf 67' lang='grc' dir='ltr'>»κ</span> <span class='ocrx_word' id='word_1_51' title='bbox 1213 587 1231 608; x_wconf 62' lang='grc' dir='ltr'>»κ</span> <span class='ocrx_word' id='word_1_52' title='bbox 1291 585 1309 605; x_wconf 80' lang='lat'>&gt;1&lt;</span> <span class='ocrx_word' id='word_1_53' title='bbox 1648 574 1712 618; x_wconf 82' lang='lat'>885</span> 
     </span>
     <span class='ocr_line' id='line_1_9' title="bbox 398 639 1275 691; baseline -0.005 -12"><span class='ocrx_word' id='word_1_54' title='bbox 398 648 576 691; x_wconf 86' lang='lat' dir='ltr'>respecto</span> <span class='ocrx_word' id='word_1_55' title='bbox 597 639 827 686; x_wconf 79' lang='lat' dir='ltr'>identidem,</span> <span class='ocrx_word' id='word_1_56' title='bbox 851 653 901 677; x_wconf 90' lang='lat' dir='ltr'>ne</span> <span class='ocrx_word' id='word_1_57' title='bbox 922 652 1040 677; x_wconf 88' lang='lat' dir='ltr'>senex</span> <span class='ocrx_word' id='word_1_58' title='bbox 1098 650 1116 671; x_wconf 89' lang='lat'><em>*</em></span> <span class='ocrx_word' id='word_1_59' title='bbox 1178 653 1196 672; x_wconf 58' lang='grc' dir='ltr'>κε</span> <span class='ocrx_word' id='word_1_60' title='bbox 1258 651 1275 672; x_wconf 75' lang='grc'><strong>*</strong></span> 
     </span>
     <span class='ocr_line' id='line_1_10' title="bbox 291 702 1402 756; baseline -0.005 -10"><span class='ocrx_word' id='word_1_61' title='bbox 291 705 530 746; x_wconf 81' lang='lat' dir='ltr'>inlecebram</span> <span class='ocrx_word' id='word_1_62' title='bbox 551 704 673 756; x_wconf 87' lang='lat' dir='ltr'>stupri</span> <span class='ocrx_word' id='word_1_63' title='bbox 694 703 888 755; x_wconf 87' lang='lat' dir='ltr'>principio</span> <span class='ocrx_word' id='word_1_64' title='bbox 908 717 995 742; x_wconf 90' lang='lat' dir='ltr'>eam</span> <span class='ocrx_word' id='word_1_65' title='bbox 1017 702 1170 742; x_wconf 89' lang='lat' dir='ltr'>sauium</span> <span class='ocrx_word' id='word_1_66' title='bbox 1190 715 1313 753; x_wconf 87' lang='lat' dir='ltr'>posco</span> <span class='ocrx_word' id='word_1_67' title='bbox 1371 715 1402 748; x_wconf 83' lang='lat'>*‚</span> 
     </span>
     <span class='ocr_line' id='line_1_11' title="bbox 562 769 1000 821; baseline -0.005 -12"><span class='ocrx_word' id='word_1_68' title='bbox 562 770 731 821; x_wconf 83' lang='lat' dir='ltr'>reppulit</span> <span class='ocrx_word' id='word_1_69' title='bbox 753 769 806 807; x_wconf 91' lang='lat' dir='ltr'>mi</span> <span class='ocrx_word' id='word_1_70' title='bbox 828 783 1000 816; x_wconf 82' lang='lat' dir='ltr'>manum,</span> 
     </span>
     <span class='ocr_line' id='line_1_12' title="bbox 233 834 1027 886; baseline -0.004 -10"><span class='ocrx_word' id='word_1_71' title='bbox 233 850 271 882; x_wconf 89' lang='lat'>15</span> <span class='ocrx_word' id='word_1_72' title='bbox 562 851 692 886; x_wconf 88' lang='lat' dir='ltr'>neque</span> <span class='ocrx_word' id='word_1_73' title='bbox 712 836 818 875; x_wconf 86' lang='lat' dir='ltr'>enim</span> <span class='ocrx_word' id='word_1_74' title='bbox 839 837 932 875; x_wconf 88' lang='lat' dir='ltr'>dare</span> <span class='ocrx_word' id='word_1_75' title='bbox 952 834 1027 874; x_wconf 90' lang='lat' dir='ltr'>sibi</span> 
     </span>
     <span class='ocr_line' id='line_1_13' title="bbox 617 900 1736 940; baseline -0.002 -1"><span class='ocrx_word' id='word_1_76' title='bbox 617 901 770 940; x_wconf 86' lang='lat' dir='ltr'>sauium</span> <span class='ocrx_word' id='word_1_77' title='bbox 793 914 855 939; x_wconf 91' lang='lat' dir='ltr'>me</span> <span class='ocrx_word' id='word_1_78' title='bbox 876 900 976 938; x_wconf 87' lang='lat' dir='ltr'>siuit.</span> <span class='ocrx_word' id='word_1_79' title='bbox 1649 903 1736 937; x_wconf 55' lang='grc' dir='ltr'>888ἃ</span> 
     </span>
     <span class='ocr_line' id='line_1_14' title="bbox 294 960 1783 1017; baseline -0.007 -12"><span class='ocrx_word' id='word_1_80' title='bbox 294 966 399 1006; x_wconf 90' lang='lat' dir='ltr'>enirn</span> <span class='ocrx_word' id='word_1_81' title='bbox 435 966 513 1006; x_wconf 87' lang='lat' dir='ltr'>iam</span> <span class='ocrx_word' id='word_1_82' title='bbox 546 965 668 1017; x_wconf 83' lang='lat' dir='ltr'>magis</span> <span class='ocrx_word' id='word_1_83' title='bbox 700 967 931 1016; x_wconf 79' lang='lat' dir='ltr'>adpropero,</span> <span class='ocrx_word' id='word_1_84' title='bbox 969 964 1082 1015; x_wconf 87' lang='lat' dir='ltr'>magi&#39;</span> <span class='ocrx_word' id='word_1_85' title='bbox 1114 963 1192 1002; x_wconf 88' lang='lat' dir='ltr'>iam</span> <span class='ocrx_word' id='word_1_86' title='bbox 1226 963 1336 1002; x_wconf 89' lang='lat' dir='ltr'>lubet</span> <span class='ocrx_word' id='word_1_87' title='bbox 1369 961 1409 1002; x_wconf 90' lang='lat' dir='ltr'>in</span> <span class='ocrx_word' id='word_1_88' title='bbox 1441 960 1626 1002; x_wconf 81' lang='lat' dir='ltr'>Casinam</span> <span class='ocrx_word' id='word_1_89' title='bbox 1648 963 1783 1006; x_wconf 86' lang='lat'>889-90</span> 
     </span>
     <span class='ocr_line' id='line_1_15' title="bbox 1399 1026 1627 1065; baseline -0.022 0"><span class='ocrx_word' id='word_1_90' title='bbox 1399 1026 1551 1065; x_wconf 91' lang='lat' dir='ltr'>inruere</span> <span class='ocrx_word' id='word_1_91' title='bbox 1609 1039 1627 1060; x_wconf 84' lang='lat'><strong><em>*</em></strong></span> 
     </span>
     <span class='ocr_line' id='line_1_16' title="bbox 292 1091 1628 1148; baseline -0.006 -12"><span class='ocrx_word' id='word_1_92' title='bbox 292 1096 410 1148; x_wconf 90' lang='lat' dir='ltr'>cupio</span> <span class='ocrx_word' id='word_1_93' title='bbox 430 1096 536 1135; x_wconf 87' lang='lat' dir='ltr'>illam</span> <span class='ocrx_word' id='word_1_94' title='bbox 553 1109 713 1146; x_wconf 89' lang='lat' dir='ltr'>operam</span> <span class='ocrx_word' id='word_1_95' title='bbox 735 1094 818 1133; x_wconf 90' lang='lat' dir='ltr'>seni</span> <span class='ocrx_word' id='word_1_96' title='bbox 840 1091 1055 1144; x_wconf 89' lang='lat' dir='ltr'>surrupere&#39;,</span> <span class='ocrx_word' id='word_1_97' title='bbox 1074 1094 1196 1132; x_wconf 88' lang='lat' dir='ltr'>forem</span> <span class='ocrx_word' id='word_1_98' title='bbox 1219 1092 1337 1139; x_wconf 85' lang='lat' dir='ltr'>6bdo,</span> <span class='ocrx_word' id='word_1_99' title='bbox 1356 1105 1406 1130; x_wconf 90' lang='lat' dir='ltr'>ne</span> <span class='ocrx_word' id='word_1_100' title='bbox 1428 1105 1546 1130; x_wconf 83' lang='lat' dir='ltr'>senex</span> <span class='ocrx_word' id='word_1_101' title='bbox 1564 1103 1628 1128; x_wconf 91' lang='lat' dir='ltr'>me</span> 
     </span>
    </p>
   </div>
   <div class='ocr_carea' id='block_1_3' title="bbox 402 1156 1630 1276">
    <p class='ocr_par' dir='ltr' id='par_1_3' title="bbox 402 1156 1630 1276">
     <span class='ocr_line' id='line_1_17' title="bbox 1379 1156 1626 1207; baseline -0.008 -12"><span class='ocrx_word' id='word_1_102' title='bbox 1379 1156 1626 1207; x_wconf 89' lang='lat' dir='ltr'>opprimeret.</span> 
     </span>
     <span class='ocr_line' id='line_1_18' title="bbox 402 1221 1630 1276; baseline -0.006 -10"><span class='ocrx_word' id='word_1_103' title='bbox 402 1228 472 1266; x_wconf 87' lang='lat' dir='ltr'>CL.</span> <span class='ocrx_word' id='word_1_104' title='bbox 504 1227 686 1276; x_wconf 86' lang='lat' dir='ltr'>agedum,</span> <span class='ocrx_word' id='word_1_105' title='bbox 709 1232 751 1263; x_wconf 89' lang='lat' dir='ltr'>tu</span> <span class='ocrx_word' id='word_1_106' title='bbox 770 1223 837 1263; x_wconf 89' lang='lat' dir='ltr'>adi</span> <span class='ocrx_word' id='word_1_107' title='bbox 861 1224 978 1262; x_wconf 90' lang='lat' dir='ltr'>hunc.</span> <span class='ocrx_word' id='word_1_108' title='bbox 1050 1224 1119 1261; x_wconf 89' lang='lat' dir='ltr'>PA.</span> <span class='ocrx_word' id='word_1_109' title='bbox 1151 1236 1328 1273; x_wconf 87' lang='lat' dir='ltr'>opsecro,</span> <span class='ocrx_word' id='word_1_110' title='bbox 1350 1221 1419 1261; x_wconf 89' lang='lat' dir='ltr'>ubi</span> <span class='ocrx_word' id='word_1_111' title='bbox 1439 1228 1506 1260; x_wconf 88' lang='lat' dir='ltr'>tua</span> <span class='ocrx_word' id='word_1_112' title='bbox 1524 1234 1630 1259; x_wconf 91' lang='lat' dir='ltr'>noua</span> 
     </span>
    </p>
   </div>
   <div class='ocr_carea' id='block_1_4' title="bbox 235 1287 1765 1407">
    <p class='ocr_par' dir='ltr' id='par_1_4' title="bbox 235 1287 1765 1407">
     <span class='ocr_line' id='line_1_19' title="bbox 1443 1287 1631 1325; baseline 0 0"><span class='ocrx_word' id='word_1_113' title='bbox 1443 1301 1496 1325; x_wconf 90' lang='lat' dir='ltr'>nu</span> <span class='ocrx_word' id='word_1_114' title='bbox 1528 1287 1631 1325; x_wconf 83' lang='lat' dir='ltr'>tast?</span> 
     </span>
     <span class='ocr_line' id='line_1_20' title="bbox 235 1300 1765 1407; baseline -0.005 -12"><span class='ocrx_word' id='word_1_115' title='bbox 235 1373 275 1395; x_wconf 88' lang='lat'>20</span> <span class='ocrx_word' id='word_1_116' title='bbox 403 1356 477 1396; x_wconf 84' lang='lat' dir='ltr'>OL.</span> <span class='ocrx_word' id='word_1_117' title='bbox 509 1355 606 1407; x_wconf 90' lang='lat' dir='ltr'>perii</span> <span class='ocrx_word' id='word_1_118' title='bbox 625 1356 756 1394; x_wconf 86' lang='lat' dir='ltr'>hercle</span> <span class='ocrx_word' id='word_1_119' title='bbox 775 1357 865 1405; x_wconf 86' lang='lat' dir='ltr'>ego!</span> <span class='ocrx_word' id='word_1_120' title='bbox 894 1355 1115 1393; x_wconf 86' lang='lat' dir='ltr'>manufesta</span> <span class='ocrx_word' id='word_1_121' title='bbox 1135 1366 1195 1392; x_wconf 89' lang='lat' dir='ltr'>res</span> <span class='ocrx_word' id='word_1_122' title='bbox 1216 1350 1319 1406; x_wconf 64' lang='lat' dir='ltr'>[est]</span> <span class='ocrx_word' id='word_1_123' title='bbox 1379 1354 1448 1391; x_wconf 86' lang='lat' dir='ltr'>PA.</span> <span class='ocrx_word' id='word_1_124' title='bbox 1471 1300 1631 1391; x_wconf 65' lang='lat' dir='ltr'>oiimem</span> <span class='ocrx_word' id='word_1_125' title='bbox 1651 1353 1742 1399; x_wconf 89' lang='lat'>893—</span> <span class='ocrx_word' id='word_1_126' title='bbox 1748 1361 1765 1398; x_wconf 85' lang='lat'><strong>5</strong></span> 
     </span>
    </p>
   </div>
   <div class='ocr_carea' id='block_1_5' title="bbox 404 1415 1634 1536">
    <p class='ocr_par' dir='ltr' id='par_1_5' title="bbox 404 1415 1634 1536">
     <span class='ocr_line' id='line_1_21' title="bbox 1393 1415 1632 1455; baseline -0.008 0"><span class='ocrx_word' id='word_1_127' title='bbox 1393 1416 1432 1455; x_wconf 94' lang='lat' dir='ltr'>in</span> <span class='ocrx_word' id='word_1_128' title='bbox 1453 1415 1632 1455; x_wconf 86' lang='lat' dir='ltr'>ordinem</span> 
     </span>
     <span class='ocr_line' id='line_1_22' title="bbox 404 1480 1634 1536; baseline -0.006 -10"><span class='ocrx_word' id='word_1_129' title='bbox 404 1485 512 1526; x_wconf 86' lang='lat' dir='ltr'>fateri</span> <span class='ocrx_word' id='word_1_130' title='bbox 541 1499 632 1536; x_wconf 88' lang='lat' dir='ltr'>ergo</span> <span class='ocrx_word' id='word_1_131' title='bbox 656 1498 825 1536; x_wconf 83' lang='lat' dir='ltr'>aequom</span> <span class='ocrx_word' id='word_1_132' title='bbox 852 1491 920 1523; x_wconf 88' lang='lat' dir='ltr'>est.</span> <span class='ocrx_word' id='word_1_133' title='bbox 981 1483 1076 1533; x_wconf 88' lang='lat' dir='ltr'>quid</span> <span class='ocrx_word' id='word_1_134' title='bbox 1106 1482 1210 1521; x_wconf 87' lang='lat' dir='ltr'>intus</span> <span class='ocrx_word' id='word_1_135' title='bbox 1237 1482 1392 1532; x_wconf 86' lang='lat' dir='ltr'>agitur?</span> <span class='ocrx_word' id='word_1_136' title='bbox 1431 1481 1527 1531; x_wconf 88' lang='lat' dir='ltr'>quid</span> <span class='ocrx_word' id='word_1_137' title='bbox 1556 1480 1634 1534; x_wconf 83' lang='lat' dir='ltr'>agit</span> 
     </span>
    </p>
   </div>
   <div class='ocr_carea' id='block_1_6' title="bbox 297 1546 1766 1668">
    <p class='ocr_par' dir='ltr' id='par_1_6' title="bbox 297 1546 1766 1668">
     <span class='ocr_line' id='line_1_23' title="bbox 1460 1546 1633 1586; baseline -0.012 0"><span class='ocrx_word' id='word_1_138' title='bbox 1460 1546 1633 1586; x_wconf 88' lang='lat' dir='ltr'>Casina?</span> 
     </span>
     <span class='ocr_line' id='line_1_24' title="bbox 297 1605 1766 1668; baseline -0.007 -10"><span class='ocrx_word' id='word_1_139' title='bbox 297 1618 397 1658; x_wconf 86' lang='lat' dir='ltr'>satin</span> <span class='ocrx_word' id='word_1_140' title='bbox 430 1605 621 1668; x_wconf 78' lang='lat' dir='ltr'>morigera</span> <span class='ocrx_word' id='word_1_141' title='bbox 655 1617 742 1655; x_wconf 89' lang='lat' dir='ltr'>est?</span> <span class='ocrx_word' id='word_1_142' title='bbox 800 1616 874 1655; x_wconf 87' lang='lat' dir='ltr'>OL.</span> <span class='ocrx_word' id='word_1_143' title='bbox 910 1611 1049 1666; x_wconf 76' lang='lat' dir='ltr'>pudet&#39;</span> <span class='ocrx_word' id='word_1_144' title='bbox 1069 1614 1209 1653; x_wconf 91' lang='lat' dir='ltr'>dicere.</span> <span class='ocrx_word' id='word_1_145' title='bbox 1270 1615 1341 1651; x_wconf 81' lang='lat' dir='ltr'>PA.</span> <span class='ocrx_word' id='word_1_146' title='bbox 1371 1625 1548 1651; x_wconf 88' lang='lat' dir='ltr'>memora</span> <span class='ocrx_word' id='word_1_147' title='bbox 1575 1625 1633 1649; x_wconf 88' lang='lat' dir='ltr'>or-</span> <span class='ocrx_word' id='word_1_148' title='bbox 1653 1613 1766 1656; x_wconf 83' lang='lat'>897-8</span> 
     </span>
    </p>
   </div>
   <div class='ocr_carea' id='block_1_7' title="bbox 406 1677 1717 1797">
    <p class='ocr_par' dir='ltr' id='par_1_7' title="bbox 406 1677 1717 1797">
     <span class='ocr_line' id='line_1_25' title="bbox 1205 1677 1627 1727; baseline -0.007 -10"><span class='ocrx_word' id='word_1_149' title='bbox 1205 1678 1309 1725; x_wconf 83' lang='lat' dir='ltr'>dine,</span> <span class='ocrx_word' id='word_1_150' title='bbox 1336 1677 1388 1716; x_wconf 68' lang='lat' dir='ltr'>titi</span> <span class='ocrx_word' id='word_1_151' title='bbox 1408 1689 1627 1727; x_wconf 87' lang='lat' dir='ltr'>occeperas.</span> 
     </span>
     <span class='ocr_line' id='line_1_26' title="bbox 406 1723 1717 1797; baseline -0.005 -10"><span class='ocrx_word' id='word_1_152' title='bbox 406 1749 480 1788; x_wconf 87' lang='lat' dir='ltr'>OL.</span> <span class='ocrx_word' id='word_1_153' title='bbox 511 1747 635 1797; x_wconf 89' lang='lat' dir='ltr'>pudet</span> <span class='ocrx_word' id='word_1_154' title='bbox 655 1747 796 1785; x_wconf 92' lang='lat' dir='ltr'>hercle.</span> <span class='ocrx_word' id='word_1_155' title='bbox 857 1748 925 1783; x_wconf 87' lang='lat' dir='ltr'>PA.</span> <span class='ocrx_word' id='word_1_156' title='bbox 954 1758 1025 1795; x_wconf 82' lang='lat' dir='ltr'>age</span> <span class='ocrx_word' id='word_1_157' title='bbox 1045 1746 1241 1784; x_wconf 84' lang='lat' dir='ltr'>audacter.</span> <span class='ocrx_word' id='word_1_158' title='bbox 1649 1723 1717 1767; x_wconf 74' lang='lat'>899</span> 
     </span>
    </p>
   </div>
   <div class='ocr_carea' id='block_1_8' title="bbox 241 1780 1718 1929">
    <p class='ocr_par' dir='ltr' id='par_1_8' title="bbox 241 1780 1718 1929">
     <span class='ocr_line' id='line_1_27' title="bbox 297 1780 1718 1866; baseline -0.005 -13"><span class='ocrx_word' id='word_1_159' title='bbox 297 1812 542 1866; x_wconf 78' lang='lat' dir='ltr'>&lt;post&gt;quam</span> <span class='ocrx_word' id='word_1_160' title='bbox 551 1811 989 1859; x_wconf 87' lang='lat' dir='ltr'>decubuisti,ind&#39;uolo.</span> <span class='ocrx_word' id='word_1_161' title='bbox 1029 1808 1283 1863; x_wconf 87' lang='lat' dir='ltr'>memora[re]</span> <span class='ocrx_word' id='word_1_162' title='bbox 1291 1809 1387 1860; x_wconf 89' lang='lat' dir='ltr'>quid</span> <span class='ocrx_word' id='word_1_163' title='bbox 1395 1808 1630 1848; x_wconf 79' lang='lat' dir='ltr'>estfactum?</span> <span class='ocrx_word' id='word_1_164' title='bbox 1648 1780 1718 1815; x_wconf 75' lang='lat'>900</span> 
     </span>
     <span class='ocr_line' id='line_1_28' title="bbox 241 1873 1577 1929; baseline -0.006 -9"><span class='ocrx_word' id='word_1_165' title='bbox 241 1891 279 1922; x_wconf 87' lang='lat'>25</span> <span class='ocrx_word' id='word_1_166' title='bbox 355 1881 428 1919; x_wconf 88' lang='lat' dir='ltr'>OL.</span> <span class='ocrx_word' id='word_1_167' title='bbox 459 1877 649 1929; x_wconf 86' lang='lat' dir='ltr'>flagitium</span> <span class='ocrx_word' id='word_1_168' title='bbox 671 1884 739 1916; x_wconf 84' lang='lat' dir='ltr'>est.</span> <span class='ocrx_word' id='word_1_169' title='bbox 800 1879 868 1915; x_wconf 87' lang='lat' dir='ltr'>PA.</span> <span class='ocrx_word' id='word_1_170' title='bbox 901 1877 1100 1916; x_wconf 84' lang='lat' dir='ltr'>cauebunt</span> <span class='ocrx_word' id='word_1_171' title='bbox 1121 1876 1188 1927; x_wconf 88' lang='lat' dir='ltr'>qui</span> <span class='ocrx_word' id='word_1_172' title='bbox 1207 1875 1403 1914; x_wconf 85' lang='lat' dir='ltr'>audierint</span> <span class='ocrx_word' id='word_1_173' title='bbox 1423 1873 1577 1913; x_wconf 87' lang='lat' dir='ltr'>faciant.</span> 
     </span>
    </p>
   </div>
   <div class='ocr_carea' id='block_1_9' title="bbox 249 1978 1637 2413">
    <p class='ocr_par' dir='ltr' id='par_1_9' title="bbox 342 1978 1636 2023">
     <span class='ocr_line' id='line_1_29' title="bbox 342 1978 1636 2023; baseline -0.006 -8"><span class='ocrx_word' id='word_1_174' title='bbox 342 1986 406 2015; x_wconf 86' lang='lat'>882</span> <span class='ocrx_word' id='word_1_175' title='bbox 431 1985 463 2014; x_wconf 89' lang='lat' dir='ltr'>in</span> <span class='ocrx_word' id='word_1_176' title='bbox 490 1988 595 2023; x_wconf 84' lang='lat' dir='ltr'>puteo</span> <span class='ocrx_word' id='word_1_177' title='bbox 620 1983 698 2013; x_wconf 90' lang='lat' dir='ltr'>dum</span> <span class='ocrx_word' id='word_1_178' title='bbox 715 1993 780 2013; x_wconf 82' lang='lat' dir='ltr'>om.</span> <span class='ocrx_word' id='word_1_179' title='bbox 801 1981 835 2012; x_wconf 91' lang='lat' dir='ltr'><em>P</em></span> <span class='ocrx_word' id='word_1_180' title='bbox 935 1992 1002 2012; x_wconf 88' lang='lat' dir='ltr'>nex</span> <span class='ocrx_word' id='word_1_181' title='bbox 1021 1981 1102 2022; x_wconf 84' lang='lat' dir='ltr'>(non</span> <span class='ocrx_word' id='word_1_182' title='bbox 1118 1981 1187 2022; x_wconf 79' lang='grc' dir='ltr'>ΡΑ)</span> <span class='ocrx_word' id='word_1_183' title='bbox 1206 1981 1301 2011; x_wconf 86' lang='lat' dir='ltr'>abste</span> <span class='ocrx_word' id='word_1_184' title='bbox 1319 1979 1481 2010; x_wconf 85' lang='lat' dir='ltr'>decumbe</span> <span class='ocrx_word' id='word_1_185' title='bbox 1502 1979 1537 2008; x_wconf 90' lang='lat' dir='ltr'>in</span> <span class='ocrx_word' id='word_1_186' title='bbox 1554 1978 1636 2019; x_wconf 87' lang='lat' dir='ltr'>(non</span> 
     </span>
    </p>

    <p class='ocr_par' dir='ltr' id='par_1_10' title="bbox 297 2023 1636 2068">
     <span class='ocr_line' id='line_1_30' title="bbox 297 2023 1636 2068; baseline -0.005 -10"><span class='ocrx_word' id='word_1_187' title='bbox 297 2028 366 2068; x_wconf 83' lang='grc' dir='ltr'>ΡΑ)</span> <span class='ocrx_word' id='word_1_188' title='bbox 379 2028 591 2067; x_wconf 78' lang='lat' dir='ltr'>(decumbem</span> <span class='ocrx_word' id='word_1_189' title='bbox 608 2026 675 2067; x_wconf 76' lang='lat' dir='ltr'>PE)</span> <span class='ocrx_word' id='word_1_190' title='bbox 689 2026 722 2056; x_wconf 83' lang='lat' dir='ltr'><em>P</em></span> <span class='ocrx_word' id='word_1_191' title='bbox 797 2026 890 2065; x_wconf 74' lang='lat' dir='ltr'>adest</span> <span class='ocrx_word' id='word_1_192' title='bbox 902 2025 935 2055; x_wconf 90' lang='lat' dir='ltr'><em>A</em></span> <span class='ocrx_word' id='word_1_193' title='bbox 1036 2026 1100 2063; x_wconf 86' lang='lat'>883</span> <span class='ocrx_word' id='word_1_194' title='bbox 1124 2025 1277 2055; x_wconf 90' lang='lat' dir='ltr'>blandior</span> <span class='ocrx_word' id='word_1_195' title='bbox 1287 2034 1353 2054; x_wconf 86' lang='lat' dir='ltr'>om.</span> <span class='ocrx_word' id='word_1_196' title='bbox 1368 2023 1401 2053; x_wconf 88' lang='lat' dir='ltr'><em>P</em></span> <span class='ocrx_word' id='word_1_197' title='bbox 1484 2023 1636 2061; x_wconf 84' lang='lat'>884—956</span> 
     </span>
    </p>

    <p class='ocr_par' dir='ltr' id='par_1_11' title="bbox 299 2065 1637 2110">
     <span class='ocr_line' id='line_1_31' title="bbox 299 2065 1637 2110; baseline -0.005 -8"><span class='ocrx_word' id='word_1_198' title='bbox 299 2072 400 2110; x_wconf 69' lang='lat' dir='ltr'>deficit</span> <span class='ocrx_word' id='word_1_199' title='bbox 414 2071 446 2101; x_wconf 83' lang='lat' dir='ltr'><em>A</em></span> <span class='ocrx_word' id='word_1_200' title='bbox 452 2096 458 2105; x_wconf 77' lang='grc'>,</span> <span class='ocrx_word' id='word_1_201' title='bbox 476 2071 584 2101; x_wconf 85' lang='lat' dir='ltr'>locum</span> <span class='ocrx_word' id='word_1_202' title='bbox 603 2070 743 2101; x_wconf 86' lang='lat' dir='ltr'>lacerum</span> <span class='ocrx_word' id='word_1_203' title='bbox 761 2069 855 2100; x_wconf 80' lang='lat' dir='ltr'><em>habet</em></span> <span class='ocrx_word' id='word_1_204' title='bbox 870 2068 910 2108; x_wconf 90' lang='lat' dir='ltr'>P,</span> <span class='ocrx_word' id='word_1_205' title='bbox 926 2074 988 2109; x_wconf 82' lang='lat' dir='ltr'>per</span> <span class='ocrx_word' id='word_1_206' title='bbox 1000 2070 1106 2107; x_wconf 82' lang='lat' dir='ltr'>spatia</span> <span class='ocrx_word' id='word_1_207' title='bbox 1126 2068 1318 2108; x_wconf 79' lang='lat' dir='ltr'>plerumque</span> <span class='ocrx_word' id='word_1_208' title='bbox 1342 2066 1468 2097; x_wconf 84' lang='lat' dir='ltr'>lacunis</span> <span class='ocrx_word' id='word_1_209' title='bbox 1487 2065 1637 2096; x_wconf 79' lang='lat' dir='ltr'>indicatis</span> 
     </span>
    </p>

    <p class='ocr_par' dir='ltr' id='par_1_12' title="bbox 298 2109 1633 2154">
     <span class='ocr_line' id='line_1_32' title="bbox 298 2109 1633 2154; baseline -0.005 -9"><span class='ocrx_word' id='word_1_210' title='bbox 298 2116 361 2154; x_wconf 87' lang='lat'>884</span> <span class='ocrx_word' id='word_1_211' title='bbox 372 2115 507 2154; x_wconf 85' lang='lat' dir='ltr'>nuptias</span> <span class='ocrx_word' id='word_1_212' title='bbox 522 2118 715 2154; x_wconf 84' lang='lat' dir='ltr'>perpetrem</span> <span class='ocrx_word' id='word_1_213' title='bbox 730 2113 858 2144; x_wconf 76' lang='lat' dir='ltr'><em>Schoell</em></span> <span class='ocrx_word' id='word_1_214' title='bbox 987 2113 1050 2151; x_wconf 85' lang='lat'>887</span> <span class='ocrx_word' id='word_1_215' title='bbox 1068 2112 1269 2142; x_wconf 82' lang='lat' dir='ltr'>ineelebrarn</span> <span class='ocrx_word' id='word_1_216' title='bbox 1285 2110 1351 2141; x_wconf 85' lang='lat' dir='ltr'>cod.</span> <span class='ocrx_word' id='word_1_217' title='bbox 1483 2109 1547 2139; x_wconf 88' lang='grc'>888</span> <span class='ocrx_word' id='word_1_218' title='bbox 1552 2109 1633 2148; x_wconf 83' lang='lat' dir='ltr'>fort.</span> 
     </span>
    </p>

    <p class='ocr_par' dir='ltr' id='par_1_13' title="bbox 299 2152 1634 2199">
     <span class='ocr_line' id='line_1_33' title="bbox 299 2152 1634 2199; baseline -0.005 -10"><span class='ocrx_word' id='word_1_219' title='bbox 299 2168 410 2197; x_wconf 86' lang='lat' dir='ltr'>neque</span> <span class='ocrx_word' id='word_1_220' title='bbox 436 2157 520 2199; x_wconf 82' lang='lat' dir='ltr'>(ea)</span> <span class='ocrx_word' id='word_1_221' title='bbox 546 2158 635 2188; x_wconf 88' lang='lat' dir='ltr'>enim</span> <span class='ocrx_word' id='word_1_222' title='bbox 661 2158 745 2197; x_wconf 68' lang='lat' dir='ltr'>(eret.</span> <span class='ocrx_word' id='word_1_223' title='bbox 774 2155 873 2197; x_wconf 74' lang='lat' dir='ltr'>dim.)</span> <span class='ocrx_word' id='word_1_224' title='bbox 1017 2156 1093 2195; x_wconf 88' lang='lat'>889,</span> <span class='ocrx_word' id='word_1_225' title='bbox 1112 2157 1176 2194; x_wconf 90' lang='lat'>890</span> <span class='ocrx_word' id='word_1_226' title='bbox 1200 2155 1264 2185; x_wconf 86' lang='lat' dir='ltr'>iam</span> <span class='ocrx_word' id='word_1_227' title='bbox 1287 2154 1394 2192; x_wconf 84' lang='lat' dir='ltr'>magis</span> <span class='ocrx_word' id='word_1_228' title='bbox 1416 2152 1539 2184; x_wconf 82' lang='lat' dir='ltr'>Bothe:</span> <span class='ocrx_word' id='word_1_229' title='bbox 1569 2152 1634 2182; x_wconf 85' lang='lat' dir='ltr'>iam</span> 
     </span>
    </p>

    <p class='ocr_par' dir='ltr' id='par_1_14' title="bbox 299 2196 1632 2243">
     <span class='ocr_line' id='line_1_34' title="bbox 299 2196 1632 2243; baseline -0.004 -12"><span class='ocrx_word' id='word_1_230' title='bbox 299 2202 406 2241; x_wconf 86' lang='lat' dir='ltr'>magis</span> <span class='ocrx_word' id='word_1_231' title='bbox 420 2200 517 2243; x_wconf 85' lang='lat' dir='ltr'>[iam]</span> <span class='ocrx_word' id='word_1_232' title='bbox 532 2200 595 2231; x_wconf 85' lang='lat' dir='ltr'><em>cod.</em></span> <span class='ocrx_word' id='word_1_233' title='bbox 656 2201 706 2231; x_wconf 81' lang='lat' dir='ltr'>vel</span> <span class='ocrx_word' id='word_1_234' title='bbox 720 2210 818 2239; x_wconf 86' lang='lat' dir='ltr'>mage</span> <span class='ocrx_word' id='word_1_235' title='bbox 908 2201 1015 2238; x_wconf 83' lang='lat'>893-5</span> <span class='ocrx_word' id='word_1_236' title='bbox 1041 2205 1091 2230; x_wconf 88' lang='lat' dir='ltr'>est</span> <span class='ocrx_word' id='word_1_237' title='bbox 1104 2199 1163 2230; x_wconf 85' lang='lat' dir='ltr'>del.</span> <span class='ocrx_word' id='word_1_238' title='bbox 1177 2198 1322 2238; x_wconf 75' lang='lat' dir='ltr'>Geppert:</span> <span class='ocrx_word' id='word_1_239' title='bbox 1346 2200 1415 2228; x_wconf 83' lang='lat' dir='ltr'>rest</span> <span class='ocrx_word' id='word_1_240' title='bbox 1426 2196 1552 2227; x_wconf 80' lang='lat' dir='ltr'>Schoell</span> <span class='ocrx_word' id='word_1_241' title='bbox 1602 2205 1632 2226; x_wconf 92' lang='lat'>0.</span> 
     </span>
    </p>

    <p class='ocr_par' dir='ltr' id='par_1_15' title="bbox 249 2238 1634 2283">
     <span class='ocr_line' id='line_1_35' title="bbox 249 2238 1634 2283; baseline -0.005 -7"><span class='ocrx_word' id='word_1_242' title='bbox 249 2251 257 2261; x_wconf 55' lang='lat'>⁸</span> <span class='ocrx_word' id='word_1_243' title='bbox 300 2246 422 2277; x_wconf 86' lang='lat' dir='ltr'>ordine</span> <span class='ocrx_word' id='word_1_244' title='bbox 438 2244 513 2274; x_wconf 82' lang='lat' dir='ltr'><em>Ital.</em></span> <span class='ocrx_word' id='word_1_245' title='bbox 629 2245 694 2283; x_wconf 89' lang='lat'>896</span> <span class='ocrx_word' id='word_1_246' title='bbox 709 2254 829 2283; x_wconf 88' lang='lat' dir='ltr'>aegum</span> <span class='ocrx_word' id='word_1_247' title='bbox 844 2242 908 2273; x_wconf 88' lang='lat' dir='ltr'>cod.</span> <span class='ocrx_word' id='word_1_248' title='bbox 929 2243 974 2282; x_wconf 79' lang='lat' dir='ltr'>&lt;G</span> <span class='ocrx_word' id='word_1_249' title='bbox 984 2248 1045 2282; x_wconf 80' lang='lat' dir='ltr'>pro</span> <span class='ocrx_word' id='word_1_250' title='bbox 1056 2243 1097 2281; x_wconf 89' lang='lat' dir='ltr'>C)</span> <span class='ocrx_word' id='word_1_251' title='bbox 1208 2242 1270 2280; x_wconf 87' lang='lat'>897</span> <span class='ocrx_word' id='word_1_252' title='bbox 1297 2241 1410 2271; x_wconf 88' lang='lat' dir='ltr'>dicere</span> <span class='ocrx_word' id='word_1_253' title='bbox 1423 2250 1477 2270; x_wconf 90' lang='lat' dir='ltr'>me</span> <span class='ocrx_word' id='word_1_254' title='bbox 1498 2239 1502 2281; x_wconf 78' lang='grc' dir='ltr'>Ι</span> <span class='ocrx_word' id='word_1_255' title='bbox 1522 2238 1634 2280; x_wconf 74' lang='lat' dir='ltr'>(spat.)</span> 
     </span>
    </p>

    <p class='ocr_par' dir='ltr' id='par_1_16' title="bbox 302 2282 1635 2328">
     <span class='ocr_line' id='line_1_36' title="bbox 302 2282 1635 2328; baseline -0.005 -9"><span class='ocrx_word' id='word_1_256' title='bbox 302 2299 394 2320; x_wconf 90' lang='lat' dir='ltr'>mora</span> <span class='ocrx_word' id='word_1_257' title='bbox 405 2287 469 2319; x_wconf 86' lang='lat' dir='ltr'>cod.</span> <span class='ocrx_word' id='word_1_258' title='bbox 481 2293 544 2328; x_wconf 77' lang='lat' dir='ltr'>pro</span> <span class='ocrx_word' id='word_1_259' title='bbox 558 2288 670 2318; x_wconf 89' lang='lat' dir='ltr'>dicere</span> <span class='ocrx_word' id='word_1_260' title='bbox 691 2293 695 2325; x_wconf 74' lang='lat'>1</span> <span class='ocrx_word' id='word_1_261' title='bbox 718 2287 891 2327; x_wconf 80' lang='lat' dir='ltr'>(personae</span> <span class='ocrx_word' id='word_1_262' title='bbox 901 2286 1156 2327; x_wconf 40' lang='lat' dir='ltr'>azotQmemora</span> <span class='ocrx_word' id='word_1_263' title='bbox 1245 2285 1309 2324; x_wconf 88' lang='lat'>898</span> <span class='ocrx_word' id='word_1_264' title='bbox 1326 2289 1361 2314; x_wconf 90' lang='lat' dir='ltr'>ut</span> <span class='ocrx_word' id='word_1_265' title='bbox 1372 2283 1437 2314; x_wconf 87' lang='lat' dir='ltr'>cod.</span> <span class='ocrx_word' id='word_1_266' title='bbox 1527 2282 1635 2321; x_wconf 83' lang='lat'>901-8</span> 
     </span>
    </p>

    <p class='ocr_par' dir='ltr' id='par_1_17' title="bbox 302 2326 1634 2413">
     <span class='ocr_line' id='line_1_37' title="bbox 302 2326 1634 2371; baseline -0.005 -9"><span class='ocrx_word' id='word_1_267' title='bbox 302 2333 395 2363; x_wconf 75' lang='lat' dir='ltr'>initia</span> <span class='ocrx_word' id='word_1_268' title='bbox 412 2332 565 2362; x_wconf 78' lang='lat' dir='ltr'>mutilata</span> <span class='ocrx_word' id='word_1_269' title='bbox 582 2331 614 2361; x_wconf 92' lang='lat' dir='ltr'><em>P</em></span> <span class='ocrx_word' id='word_1_270' title='bbox 630 2331 680 2370; x_wconf 77' lang='lat' dir='ltr'><em>(cf.</em></span> <span class='ocrx_word' id='word_1_271' title='bbox 701 2330 748 2361; x_wconf 84' lang='lat' dir='ltr'>ad</span> <span class='ocrx_word' id='word_1_272' title='bbox 758 2341 787 2361; x_wconf 87' lang='lat' dir='ltr'>v.</span> <span class='ocrx_word' id='word_1_273' title='bbox 804 2330 883 2371; x_wconf 88' lang='lat'>880)</span> <span class='ocrx_word' id='word_1_274' title='bbox 1024 2340 1086 2368; x_wconf 90' lang='lat'>901</span> <span class='ocrx_word' id='word_1_275' title='bbox 1113 2332 1191 2369; x_wconf 84' lang='lat' dir='ltr'>post</span> <span class='ocrx_word' id='word_1_276' title='bbox 1210 2339 1308 2368; x_wconf 89' lang='lat' dir='ltr'>quam</span> <span class='ocrx_word' id='word_1_277' title='bbox 1327 2326 1516 2358; x_wconf 87' lang='lat' dir='ltr'>decubuisti</span> <span class='ocrx_word' id='word_1_278' title='bbox 1533 2326 1634 2356; x_wconf 86' lang='lat' dir='ltr'>Lam-</span> 
     </span>
     <span class='ocr_line' id='line_1_38' title="bbox 303 2369 1594 2413; baseline -0.005 -7"><span class='ocrx_word' id='word_1_279' title='bbox 303 2376 418 2407; x_wconf 80' lang='lat' dir='ltr'>binus:</span> <span class='ocrx_word' id='word_1_280' title='bbox 444 2385 519 2406; x_wconf 85' lang='lat' dir='ltr'>uam</span> <span class='ocrx_word' id='word_1_281' title='bbox 536 2374 682 2406; x_wconf 84' lang='lat' dir='ltr'>debuisti</span> <span class='ocrx_word' id='word_1_282' title='bbox 698 2373 763 2405; x_wconf 88' lang='lat' dir='ltr'>cod.</span> <span class='ocrx_word' id='word_1_283' title='bbox 881 2383 1028 2403; x_wconf 86' lang='lat' dir='ltr'>memora</span> <span class='ocrx_word' id='word_1_284' title='bbox 1043 2373 1157 2413; x_wconf 83' lang='lat' dir='ltr'>scripsi</span> <span class='ocrx_word' id='word_1_285' title='bbox 1171 2372 1283 2411; x_wconf 79' lang='lat' dir='ltr'>utfiat</span> <span class='ocrx_word' id='word_1_286' title='bbox 1294 2382 1406 2402; x_wconf 84' lang='lat' dir='ltr'>versus</span> <span class='ocrx_word' id='word_1_287' title='bbox 1416 2369 1594 2401; x_wconf 73' lang='lat' dir='ltr'>Reizianus</span> 
     </span>
    </p>
   </div>
  </div>
 </body>
</html>
