<?xml version="1.0" encoding="UTF-8"?>
<!DOCTYPE html PUBLIC "-//W3C//DTD XHTML 1.0 Transitional//EN"
    "http://www.w3.org/TR/xhtml1/DTD/xhtml1-transitional.dtd">
<html xmlns="http://www.w3.org/1999/xhtml" xml:lang="en" lang="en">
 <head>
  <title>
</title>
<meta http-equiv="Content-Type" content="text/html;charset=utf-8" />
  <meta name='ocr-system' content='tesseract 3.04.00' />
  <meta name='ocr-capabilities' content='ocr_page ocr_carea ocr_par ocr_line ocrx_word'/>
</head>
<body>
  <div class='ocr_page' id='page_1' title='image "./tmacciplauticomo01plauuoft_0190.png"; bbox 0 0 1814 2723; ppageno 0'>
   <div class='ocr_carea' id='block_1_1' title="bbox 186 52 1190 92">
    <p class='ocr_par' dir='ltr' id='par_1_1' title="bbox 186 52 1190 92">
     <span class='ocr_line' id='line_1_1' title="bbox 186 52 1190 92; baseline -0.003 0"><span class='ocrx_word' id='word_1_1' title='bbox 186 57 253 92; x_wconf 78' lang='lat' dir='ltr'>IV.</span> <span class='ocrx_word' id='word_1_2' title='bbox 277 56 322 92; x_wconf 91' lang='lat' dir='ltr'>iv</span> <span class='ocrx_word' id='word_1_3' title='bbox 695 55 741 91; x_wconf 93' lang='lat' dir='ltr'>T.</span> <span class='ocrx_word' id='word_1_4' title='bbox 775 53 955 92; x_wconf 84' lang='lat' dir='ltr'><strong>MACCI</strong></span> <span class='ocrx_word' id='word_1_5' title='bbox 988 52 1190 89; x_wconf 91' lang='lat' dir='ltr'><strong>PLAVTI</strong></span> 
     </span>
    </p>
   </div>
   <div class='ocr_carea' id='block_1_2' title="bbox 219 162 1696 1064">
    <p class='ocr_par' dir='ltr' id='par_1_2' title="bbox 219 162 1696 1064">
     <span class='ocr_line' id='line_1_2' title="bbox 276 162 1608 217; baseline -0.003 -12"><span class='ocrx_word' id='word_1_6' title='bbox 276 179 368 205; x_wconf 87' lang='lat' dir='ltr'>nam</span> <span class='ocrx_word' id='word_1_7' title='bbox 399 167 544 217; x_wconf 81' lang='lat' dir='ltr'>duplex</span> <span class='ocrx_word' id='word_1_8' title='bbox 574 164 724 204; x_wconf 86' lang='lat' dir='ltr'>facinus</span> <span class='ocrx_word' id='word_1_9' title='bbox 754 164 829 202; x_wconf 85' lang='lat' dir='ltr'>feci</span> <span class='ocrx_word' id='word_1_10' title='bbox 858 163 989 210; x_wconf 89' lang='lat' dir='ltr'>hodie,</span> <span class='ocrx_word' id='word_1_11' title='bbox 1017 163 1241 213; x_wconf 83' lang='lat' dir='ltr'>duplicibus</span> <span class='ocrx_word' id='word_1_12' title='bbox 1269 162 1402 214; x_wconf 87' lang='lat' dir='ltr'>spoliis</span> <span class='ocrx_word' id='word_1_13' title='bbox 1429 175 1516 202; x_wconf 92' lang='lat' dir='ltr'>sum</span> <span class='ocrx_word' id='word_1_14' title='bbox 1543 164 1608 202; x_wconf 88' lang='lat' dir='ltr'>ad-</span> 
     </span>
     <span class='ocr_line' id='line_1_3' title="bbox 1469 230 1604 267; baseline 0 0"><span class='ocrx_word' id='word_1_15' title='bbox 1469 230 1604 267; x_wconf 89' lang='lat' dir='ltr'>fectus.</span> 
     </span>
     <span class='ocr_line' id='line_1_4' title="bbox 275 292 1607 345; baseline -0.004 -9"><span class='ocrx_word' id='word_1_16' title='bbox 275 311 383 336; x_wconf 87' lang='lat' dir='ltr'>erum</span> <span class='ocrx_word' id='word_1_17' title='bbox 398 296 587 336; x_wconf 90' lang='lat' dir='ltr'>maiorem</span> <span class='ocrx_word' id='word_1_18' title='bbox 605 309 738 334; x_wconf 90' lang='lat' dir='ltr'>meum</span> <span class='ocrx_word' id='word_1_19' title='bbox 755 302 797 333; x_wconf 89' lang='lat' dir='ltr'>ut</span> <span class='ocrx_word' id='word_1_20' title='bbox 813 308 886 345; x_wconf 86' lang='lat' dir='ltr'>ego</span> <span class='ocrx_word' id='word_1_21' title='bbox 902 294 1022 333; x_wconf 87' lang='lat' dir='ltr'>hodie</span> <span class='ocrx_word' id='word_1_22' title='bbox 1035 293 1108 332; x_wconf 92' lang='lat' dir='ltr'>lusi</span> <span class='ocrx_word' id='word_1_23' title='bbox 1122 293 1263 344; x_wconf 88' lang='lat' dir='ltr'>lepide,</span> <span class='ocrx_word' id='word_1_24' title='bbox 1283 301 1324 331; x_wconf 93' lang='lat' dir='ltr'>ut</span> <span class='ocrx_word' id='word_1_25' title='bbox 1341 292 1581 332; x_wconf 89' lang='lat' dir='ltr'>ludificatust</span> <span class='ocrx_word' id='word_1_26' title='bbox 1600 297 1607 331; x_wconf 79' lang='lat' dir='ltr'>l</span> 
     </span>
     <span class='ocr_line' id='line_1_5' title="bbox 543 358 1180 400; baseline -0.005 -1"><span class='ocrx_word' id='word_1_27' title='bbox 543 362 730 400; x_wconf 86' lang='lat' dir='ltr'>callidum</span> <span class='ocrx_word' id='word_1_28' title='bbox 751 373 887 398; x_wconf 87' lang='lat' dir='ltr'>senem</span> <span class='ocrx_word' id='word_1_29' title='bbox 908 359 1059 397; x_wconf 88' lang='lat' dir='ltr'>callidis</span> <span class='ocrx_word' id='word_1_30' title='bbox 1080 358 1180 398; x_wconf 92' lang='lat' dir='ltr'>dolis</span> 
     </span>
     <span class='ocr_line' id='line_1_6' title="bbox 236 423 1286 478; baseline -0.006 -11"><span class='ocrx_word' id='word_1_31' title='bbox 236 440 254 472; x_wconf 84' lang='lat'>5</span> <span class='ocrx_word' id='word_1_32' title='bbox 384 427 557 478; x_wconf 86' lang='lat' dir='ltr'>compuli</span> <span class='ocrx_word' id='word_1_33' title='bbox 579 434 617 465; x_wconf 93' lang='lat' dir='ltr'>et</span> <span class='ocrx_word' id='word_1_34' title='bbox 638 425 789 476; x_wconf 91' lang='lat' dir='ltr'>perpuli</span> <span class='ocrx_word' id='word_1_35' title='bbox 811 424 864 462; x_wconf 90' lang='lat' dir='ltr'>mi</span> <span class='ocrx_word' id='word_1_36' title='bbox 885 423 1018 463; x_wconf 86' lang='lat' dir='ltr'>omnia</span> <span class='ocrx_word' id='word_1_37' title='bbox 1038 431 1081 462; x_wconf 87' lang='lat' dir='ltr'>ut</span> <span class='ocrx_word' id='word_1_38' title='bbox 1101 424 1286 462; x_wconf 88' lang='lat' dir='ltr'>crederet.</span> 
     </span>
     <span class='ocr_line' id='line_1_7' title="bbox 544 488 1690 536; baseline -0.004 -6"><span class='ocrx_word' id='word_1_39' title='bbox 544 505 650 530; x_wconf 91' lang='lat' dir='ltr'>nunc</span> <span class='ocrx_word' id='word_1_40' title='bbox 670 489 818 529; x_wconf 81' lang='lat' dir='ltr'>amanti</span> <span class='ocrx_word' id='word_1_41' title='bbox 840 503 905 528; x_wconf 92' lang='lat' dir='ltr'>ero</span> <span class='ocrx_word' id='word_1_42' title='bbox 926 488 1007 527; x_wconf 87' lang='lat' dir='ltr'>filio</span> <span class='ocrx_word' id='word_1_43' title='bbox 1028 488 1142 535; x_wconf 80' lang='lat' dir='ltr'>senis,</span> <span class='ocrx_word' id='word_1_44' title='bbox 1625 491 1690 536; x_wconf 85' lang='lat'>645</span> 
     </span>
     <span class='ocr_line' id='line_1_8' title="bbox 544 553 1390 607; baseline -0.005 -12"><span class='ocrx_word' id='word_1_45' title='bbox 544 557 705 607; x_wconf 89' lang='lat' dir='ltr'>quicum</span> <span class='ocrx_word' id='word_1_46' title='bbox 726 569 799 605; x_wconf 84' lang='lat' dir='ltr'>ego</span> <span class='ocrx_word' id='word_1_47' title='bbox 821 555 927 601; x_wconf 89' lang='lat' dir='ltr'>bibo,</span> <span class='ocrx_word' id='word_1_48' title='bbox 950 553 1110 604; x_wconf 89' lang='lat' dir='ltr'>quicum</span> <span class='ocrx_word' id='word_1_49' title='bbox 1132 555 1209 592; x_wconf 90' lang='lat' dir='ltr'>edo</span> <span class='ocrx_word' id='word_1_50' title='bbox 1229 560 1267 592; x_wconf 88' lang='lat' dir='ltr'>et</span> <span class='ocrx_word' id='word_1_51' title='bbox 1287 567 1390 600; x_wconf 88' lang='lat' dir='ltr'>amo,</span> 
     </span>
     <span class='ocr_line' id='line_1_9' title="bbox 384 618 1054 674; baseline -0.009 -12"><span class='ocrx_word' id='word_1_52' title='bbox 384 623 506 674; x_wconf 83' lang='lat' dir='ltr'>regias</span> <span class='ocrx_word' id='word_1_53' title='bbox 528 622 661 672; x_wconf 91' lang='lat' dir='ltr'>copias</span> <span class='ocrx_word' id='word_1_54' title='bbox 681 633 898 670; x_wconf 87' lang='lat' dir='ltr'>aureasque</span> <span class='ocrx_word' id='word_1_55' title='bbox 919 618 1054 669; x_wconf 87' lang='lat' dir='ltr'>optuli,</span> 
     </span>
     <span class='ocr_line' id='line_1_10' title="bbox 385 684 1203 734; baseline -0.006 -7"><span class='ocrx_word' id='word_1_56' title='bbox 385 696 427 727; x_wconf 87' lang='lat' dir='ltr'>ut</span> <span class='ocrx_word' id='word_1_57' title='bbox 448 690 569 727; x_wconf 88' lang='lat' dir='ltr'>domo</span> <span class='ocrx_word' id='word_1_58' title='bbox 590 693 761 725; x_wconf 78' lang='lat' dir='ltr'><strong>sumeret</strong></span> <span class='ocrx_word' id='word_1_59' title='bbox 781 699 858 723; x_wconf 90' lang='lat' dir='ltr'>neu</span> <span class='ocrx_word' id='word_1_60' title='bbox 879 684 970 722; x_wconf 90' lang='lat' dir='ltr'>foris</span> <span class='ocrx_word' id='word_1_61' title='bbox 992 691 1203 734; x_wconf 87' lang='lat' dir='ltr'>quaereret.</span> 
     </span>
     <span class='ocr_line' id='line_1_11' title="bbox 219 749 1263 801; baseline -0.006 -8"><span class='ocrx_word' id='word_1_62' title='bbox 219 771 258 793; x_wconf 91' lang='lat'>10</span> <span class='ocrx_word' id='word_1_63' title='bbox 385 767 465 791; x_wconf 92' lang='lat' dir='ltr'>non</span> <span class='ocrx_word' id='word_1_64' title='bbox 488 752 583 790; x_wconf 89' lang='lat' dir='ltr'>mihi</span> <span class='ocrx_word' id='word_1_65' title='bbox 604 751 666 789; x_wconf 91' lang='lat' dir='ltr'>isti</span> <span class='ocrx_word' id='word_1_66' title='bbox 687 752 844 801; x_wconf 82' lang='lat' dir='ltr'>placent</span> <span class='ocrx_word' id='word_1_67' title='bbox 865 752 1143 796; x_wconf 78' lang='lat' dir='ltr'>Parmenones,</span> <span class='ocrx_word' id='word_1_68' title='bbox 1166 749 1263 799; x_wconf 85' lang='lat' dir='ltr'>Syri,</span> 
     </span>
     <span class='ocr_line' id='line_1_12' title="bbox 385 814 1696 869; baseline -0.006 -12"><span class='ocrx_word' id='word_1_69' title='bbox 385 818 452 869; x_wconf 90' lang='lat' dir='ltr'>qui</span> <span class='ocrx_word' id='word_1_70' title='bbox 473 819 571 856; x_wconf 89' lang='lat' dir='ltr'>duas</span> <span class='ocrx_word' id='word_1_71' title='bbox 591 823 658 855; x_wconf 86' lang='lat' dir='ltr'>aut</span> <span class='ocrx_word' id='word_1_72' title='bbox 679 815 744 854; x_wconf 89' lang='lat' dir='ltr'>tris</span> <span class='ocrx_word' id='word_1_73' title='bbox 765 815 891 854; x_wconf 86' lang='lat' dir='ltr'>minas</span> <span class='ocrx_word' id='word_1_74' title='bbox 912 816 1092 853; x_wconf 85' lang='lat' dir='ltr'>auferunt</span> <span class='ocrx_word' id='word_1_75' title='bbox 1112 814 1195 853; x_wconf 89' lang='lat' dir='ltr'>eris.</span> <span class='ocrx_word' id='word_1_76' title='bbox 1625 820 1696 868; x_wconf 80' lang='lat'>650</span> 
     </span>
     <span class='ocr_line' id='line_1_13' title="bbox 331 879 1486 934; baseline -0.003 -12"><span class='ocrx_word' id='word_1_77' title='bbox 331 883 489 934; x_wconf 83' lang='lat' dir='ltr'>nequiu&#39;</span> <span class='ocrx_word' id='word_1_78' title='bbox 510 882 563 920; x_wconf 89' lang='lat' dir='ltr'>nil</span> <span class='ocrx_word' id='word_1_79' title='bbox 585 889 643 921; x_wconf 89' lang='lat' dir='ltr'>est</span> <span class='ocrx_word' id='word_1_80' title='bbox 664 895 783 931; x_wconf 87' lang='lat' dir='ltr'>quam</span> <span class='ocrx_word' id='word_1_81' title='bbox 805 880 923 930; x_wconf 77' lang='lat' dir='ltr'>egens</span> <span class='ocrx_word' id='word_1_82' title='bbox 945 879 1084 918; x_wconf 86' lang='lat' dir='ltr'>consili</span> <span class='ocrx_word' id='word_1_83' title='bbox 1104 892 1249 926; x_wconf 89' lang='lat' dir='ltr'>seruos,</span> <span class='ocrx_word' id='word_1_84' title='bbox 1272 879 1346 918; x_wconf 90' lang='lat' dir='ltr'>nisi</span> <span class='ocrx_word' id='word_1_85' title='bbox 1366 879 1486 918; x_wconf 83' lang='lat' dir='ltr'>habet</span> 
     </span>
     <span class='ocr_line' id='line_1_14' title="bbox 653 945 1066 996; baseline -0.005 -12"><span class='ocrx_word' id='word_1_86' title='bbox 653 945 909 996; x_wconf 75' lang='lat' dir='ltr'>multipotens</span> <span class='ocrx_word' id='word_1_87' title='bbox 930 952 1066 995; x_wconf 89' lang='lat' dir='ltr'>pectus</span> 
     </span>
     <span class='ocr_line' id='line_1_15' title="bbox 330 1010 1343 1064; baseline -0.005 -12"><span class='ocrx_word' id='word_1_88' title='bbox 330 1013 398 1052; x_wconf 90' lang='lat' dir='ltr'>ubi</span> <span class='ocrx_word' id='word_1_89' title='bbox 419 1026 621 1064; x_wconf 90' lang='lat' dir='ltr'>quomque</span> <span class='ocrx_word' id='word_1_90' title='bbox 641 1025 734 1049; x_wconf 88' lang='lat' dir='ltr'>usus</span> <span class='ocrx_word' id='word_1_91' title='bbox 755 1010 838 1057; x_wconf 77' lang='lat' dir='ltr'>siet,</span> <span class='ocrx_word' id='word_1_92' title='bbox 861 1017 1021 1060; x_wconf 78' lang='lat' dir='ltr'>pectore</span> <span class='ocrx_word' id='word_1_93' title='bbox 1042 1016 1243 1059; x_wconf 83' lang='lat' dir='ltr'>expromat</span> <span class='ocrx_word' id='word_1_94' title='bbox 1263 1022 1343 1047; x_wconf 89' lang='lat' dir='ltr'>suo.</span> 
     </span>
    </p>
   </div>
   <div class='ocr_carea' id='block_1_3' title="bbox 218 1075 1696 1714">
    <p class='ocr_par' dir='ltr' id='par_1_3' title="bbox 218 1075 1696 1714">
     <span class='ocr_line' id='line_1_16' title="bbox 218 1075 1152 1128; baseline -0.007 -10"><span class='ocrx_word' id='word_1_95' title='bbox 218 1095 255 1128; x_wconf 88' lang='lat'>15</span> <span class='ocrx_word' id='word_1_96' title='bbox 492 1079 621 1115; x_wconf 91' lang='lat' dir='ltr'>nullus</span> <span class='ocrx_word' id='word_1_97' title='bbox 641 1075 740 1126; x_wconf 86' lang='lat' dir='ltr'>frugi</span> <span class='ocrx_word' id='word_1_98' title='bbox 761 1089 846 1114; x_wconf 90' lang='lat' dir='ltr'>esse</span> <span class='ocrx_word' id='word_1_99' title='bbox 866 1075 996 1124; x_wconf 74' lang='lat' dir='ltr'>potest</span> <span class='ocrx_word' id='word_1_100' title='bbox 1016 1075 1152 1121; x_wconf 77' lang='lat' dir='ltr'>homo,</span> 
     </span>
     <span class='ocr_line' id='line_1_17' title="bbox 492 1139 1692 1192; baseline -0.006 -12"><span class='ocrx_word' id='word_1_101' title='bbox 492 1142 565 1180; x_wconf 90' lang='lat' dir='ltr'>nisi</span> <span class='ocrx_word' id='word_1_102' title='bbox 586 1141 653 1192; x_wconf 90' lang='lat' dir='ltr'>qui</span> <span class='ocrx_word' id='word_1_103' title='bbox 674 1143 712 1180; x_wconf 76' lang='lat' dir='ltr'>et</span> <span class='ocrx_word' id='word_1_104' title='bbox 732 1142 835 1180; x_wconf 90' lang='lat' dir='ltr'>bene</span> <span class='ocrx_word' id='word_1_105' title='bbox 855 1141 981 1178; x_wconf 88' lang='lat' dir='ltr'>facere</span> <span class='ocrx_word' id='word_1_106' title='bbox 1003 1146 1041 1177; x_wconf 92' lang='lat' dir='ltr'>et</span> <span class='ocrx_word' id='word_1_107' title='bbox 1061 1139 1162 1176; x_wconf 77' lang='lat' dir='ltr'>male</span> <span class='ocrx_word' id='word_1_108' title='bbox 1182 1145 1298 1176; x_wconf 90' lang='lat' dir='ltr'>tenet.</span> <span class='ocrx_word' id='word_1_109' title='bbox 1625 1146 1692 1191; x_wconf 84' lang='grc'>655</span> 
     </span>
     <span class='ocr_line' id='line_1_18' title="bbox 384 1202 1695 1258; baseline -0.005 -12"><span class='ocrx_word' id='word_1_110' title='bbox 384 1207 560 1258; x_wconf 89' lang='lat' dir='ltr'>inprobis</span> <span class='ocrx_word' id='word_1_111' title='bbox 581 1220 671 1245; x_wconf 90' lang='lat' dir='ltr'>cum</span> <span class='ocrx_word' id='word_1_112' title='bbox 691 1205 881 1255; x_wconf 88' lang='lat' dir='ltr'>inprobus</span> <span class='ocrx_word' id='word_1_113' title='bbox 904 1202 1000 1257; x_wconf 82' lang='lat' dir='ltr'>[sit‚]</span> <span class='ocrx_word' id='word_1_114' title='bbox 1023 1205 1209 1253; x_wconf 85' lang='lat' dir='ltr'>harpaget</span> <span class='ocrx_word' id='word_1_115' title='bbox 1229 1202 1378 1241; x_wconf 91' lang='lat' dir='ltr'>furibus</span> <span class='ocrx_word' id='word_1_116' title='bbox 1625 1204 1695 1248; x_wconf 87' lang='lat'>656</span> 
     </span>
     <span class='ocr_line' id='line_1_19' title="bbox 385 1251 1693 1327; baseline -0.005 -15"><span class='ocrx_word' id='word_1_117' title='bbox 385 1270 567 1327; x_wconf 87' lang='lat' dir='ltr'>[furetur]</span> <span class='ocrx_word' id='word_1_118' title='bbox 590 1272 699 1322; x_wconf 91' lang='lat' dir='ltr'>quod</span> <span class='ocrx_word' id='word_1_119' title='bbox 719 1277 837 1321; x_wconf 82' lang='lat' dir='ltr'>queat</span> <span class='ocrx_word' id='word_1_120' title='bbox 852 1285 862 1318; x_wconf 81' lang='lat'><em>3</em></span> <span class='ocrx_word' id='word_1_121' title='bbox 890 1269 1140 1320; x_wconf 90' lang='lat' dir='ltr'>uorsipellem</span> <span class='ocrx_word' id='word_1_122' title='bbox 1161 1268 1260 1318; x_wconf 86' lang='lat' dir='ltr'>frugi</span> <span class='ocrx_word' id='word_1_123' title='bbox 1281 1266 1467 1307; x_wconf 83' lang='lat' dir='ltr'>conuenit</span> <span class='ocrx_word' id='word_1_124' title='bbox 1624 1251 1693 1295; x_wconf 75' lang='lat'>657</span> 
     </span>
     <span class='ocr_line' id='line_1_20' title="bbox 492 1333 1207 1386; baseline -0.008 -9"><span class='ocrx_word' id='word_1_125' title='bbox 492 1352 576 1377; x_wconf 88' lang='lat' dir='ltr'>esse</span> <span class='ocrx_word' id='word_1_126' title='bbox 597 1336 811 1383; x_wconf 86' lang='lat' dir='ltr'>hominem,</span> <span class='ocrx_word' id='word_1_127' title='bbox 834 1343 971 1386; x_wconf 89' lang='lat' dir='ltr'>pectus</span> <span class='ocrx_word' id='word_1_128' title='bbox 992 1334 1086 1385; x_wconf 89' lang='lat' dir='ltr'>quoi</span> <span class='ocrx_word' id='word_1_129' title='bbox 1107 1333 1207 1384; x_wconf 81' lang='lat' dir='ltr'>sapit</span> 
     </span>
     <span class='ocr_line' id='line_1_21' title="bbox 218 1379 1696 1460; baseline -0.009 -14"><span class='ocrx_word' id='word_1_130' title='bbox 218 1425 258 1446; x_wconf 87' lang='lat'>20</span> <span class='ocrx_word' id='word_1_131' title='bbox 493 1404 612 1443; x_wconf 91' lang='lat' dir='ltr'>bonu’</span> <span class='ocrx_word' id='word_1_132' title='bbox 633 1402 681 1441; x_wconf 90' lang='lat' dir='ltr'>sit</span> <span class='ocrx_word' id='word_1_133' title='bbox 703 1401 828 1448; x_wconf 90' lang='lat' dir='ltr'>bonis,</span> <span class='ocrx_word' id='word_1_134' title='bbox 852 1402 968 1439; x_wconf 91' lang='lat' dir='ltr'>malu&#39;</span> <span class='ocrx_word' id='word_1_135' title='bbox 988 1399 1038 1438; x_wconf 92' lang='lat' dir='ltr'>sit</span> <span class='ocrx_word' id='word_1_136' title='bbox 1057 1399 1169 1438; x_wconf 87' lang='lat' dir='ltr'>malis</span> <span class='ocrx_word' id='word_1_137' title='bbox 1184 1414 1195 1446; x_wconf 79' lang='grc'>,-</span> <span class='ocrx_word' id='word_1_138' title='bbox 1625 1379 1696 1460; x_wconf 57' lang='grc' dir='ltr'>ἓὲῗ</span> 
     </span>
     <span class='ocr_line' id='line_1_22' title="bbox 438 1464 1290 1520; baseline -0.008 -12"><span class='ocrx_word' id='word_1_139' title='bbox 438 1477 685 1520; x_wconf 87' lang='lat' dir='ltr'>utquomque</span> <span class='ocrx_word' id='word_1_140' title='bbox 706 1480 764 1505; x_wconf 91' lang='lat' dir='ltr'>res</span> <span class='ocrx_word' id='word_1_141' title='bbox 786 1466 844 1513; x_wconf 89' lang='lat' dir='ltr'>sit,</span> <span class='ocrx_word' id='word_1_142' title='bbox 866 1466 920 1504; x_wconf 85' lang='lat' dir='ltr'>ita</span> <span class='ocrx_word' id='word_1_143' title='bbox 939 1465 1115 1504; x_wconf 84' lang='lat' dir='ltr'>animum</span> <span class='ocrx_word' id='word_1_144' title='bbox 1136 1464 1290 1502; x_wconf 83' lang='lat' dir='ltr'>habeat.</span> 
     </span>
     <span class='ocr_line' id='line_1_23' title="bbox 383 1528 1273 1582; baseline -0.008 -8"><span class='ocrx_word' id='word_1_145' title='bbox 383 1536 453 1574; x_wconf 89' lang='lat' dir='ltr'>sed</span> <span class='ocrx_word' id='word_1_146' title='bbox 472 1535 582 1573; x_wconf 88' lang='lat' dir='ltr'>lubet</span> <span class='ocrx_word' id='word_1_147' title='bbox 602 1532 700 1571; x_wconf 90' lang='lat' dir='ltr'>scire</span> <span class='ocrx_word' id='word_1_148' title='bbox 720 1539 912 1582; x_wconf 82' lang='lat' dir='ltr'>quantum</span> <span class='ocrx_word' id='word_1_149' title='bbox 933 1544 1069 1569; x_wconf 84' lang='lat' dir='ltr'>aurum</span> <span class='ocrx_word' id='word_1_150' title='bbox 1091 1543 1178 1568; x_wconf 88' lang='lat' dir='ltr'>erus</span> <span class='ocrx_word' id='word_1_151' title='bbox 1200 1528 1273 1567; x_wconf 86' lang='lat' dir='ltr'>sibi</span> 
     </span>
     <span class='ocr_line' id='line_1_24' title="bbox 384 1595 1142 1650; baseline -0.008 -11"><span class='ocrx_word' id='word_1_152' title='bbox 384 1599 554 1650; x_wconf 88' lang='lat' dir='ltr'>dempsit</span> <span class='ocrx_word' id='word_1_153' title='bbox 574 1601 612 1637; x_wconf 80' lang='lat' dir='ltr'>et</span> <span class='ocrx_word' id='word_1_154' title='bbox 633 1597 728 1648; x_wconf 93' lang='lat' dir='ltr'>quid</span> <span class='ocrx_word' id='word_1_155' title='bbox 749 1610 821 1635; x_wconf 92' lang='lat' dir='ltr'>suo</span> <span class='ocrx_word' id='word_1_156' title='bbox 842 1596 1012 1635; x_wconf 91' lang='lat' dir='ltr'>reddidit</span> <span class='ocrx_word' id='word_1_157' title='bbox 1033 1595 1142 1646; x_wconf 82' lang='lat' dir='ltr'>patri.</span> 
     </span>
     <span class='ocr_line' id='line_1_25' title="bbox 384 1661 1692 1714; baseline -0.005 -11"><span class='ocrx_word' id='word_1_158' title='bbox 384 1665 415 1703; x_wconf 90' lang='lat' dir='ltr'>si</span> <span class='ocrx_word' id='word_1_159' title='bbox 436 1664 534 1714; x_wconf 86' lang='lat' dir='ltr'>frugi</span> <span class='ocrx_word' id='word_1_160' title='bbox 554 1670 623 1710; x_wconf 93' lang='lat' dir='ltr'>est,</span> <span class='ocrx_word' id='word_1_161' title='bbox 647 1663 862 1701; x_wconf 88' lang='lat' dir='ltr'>Herculem</span> <span class='ocrx_word' id='word_1_162' title='bbox 885 1661 976 1700; x_wconf 90' lang='lat' dir='ltr'>fecit</span> <span class='ocrx_word' id='word_1_163' title='bbox 996 1675 1043 1699; x_wconf 80' lang='lat' dir='ltr'>ex</span> <span class='ocrx_word' id='word_1_164' title='bbox 1062 1668 1170 1711; x_wconf 84' lang='lat' dir='ltr'>patre</span> <span class='ocrx_word' id='word_1_165' title='bbox 1187 1676 1193 1698; x_wconf 91' lang='lat'>:</span> <span class='ocrx_word' id='word_1_166' title='bbox 1625 1661 1692 1707; x_wconf 81' lang='lat'>665</span> 
     </span>
    </p>
   </div>
   <div class='ocr_carea' id='block_1_4' title="bbox 217 1723 1713 2105">
    <p class='ocr_par' dir='ltr' id='par_1_4' title="bbox 217 1723 1713 2105">
     <span class='ocr_line' id='line_1_26' title="bbox 219 1723 1417 1785; baseline -0.006 -16"><span class='ocrx_word' id='word_1_167' title='bbox 219 1751 257 1785; x_wconf 88' lang='lat'>²5</span> <span class='ocrx_word' id='word_1_168' title='bbox 385 1731 593 1768; x_wconf 82' lang='lat' dir='ltr'>decumam</span> <span class='ocrx_word' id='word_1_169' title='bbox 616 1735 765 1778; x_wconf 88' lang='lat' dir='ltr'>partem</span> <span class='ocrx_word' id='word_1_170' title='bbox 786 1727 821 1765; x_wconf 89' lang='lat' dir='ltr'>ei</span> <span class='ocrx_word' id='word_1_171' title='bbox 842 1726 963 1773; x_wconf 90' lang='lat' dir='ltr'>dedit,</span> <span class='ocrx_word' id='word_1_172' title='bbox 986 1726 1059 1764; x_wconf 86' lang='lat' dir='ltr'>sibi</span> <span class='ocrx_word' id='word_1_173' title='bbox 1080 1739 1226 1764; x_wconf 90' lang='lat' dir='ltr'>nouem</span> <span class='ocrx_word' id='word_1_174' title='bbox 1246 1723 1417 1774; x_wconf 84' lang='lat' dir='ltr'>apstulit.</span> 
     </span>
     <span class='ocr_line' id='line_1_27' title="bbox 386 1788 1494 1844; baseline -0.007 -11"><span class='ocrx_word' id='word_1_175' title='bbox 386 1796 455 1834; x_wconf 91' lang='lat' dir='ltr'>sed</span> <span class='ocrx_word' id='word_1_176' title='bbox 476 1808 594 1844; x_wconf 90' lang='lat' dir='ltr'>quem</span> <span class='ocrx_word' id='word_1_177' title='bbox 617 1806 763 1843; x_wconf 89' lang='lat' dir='ltr'>quaero</span> <span class='ocrx_word' id='word_1_178' title='bbox 784 1799 947 1843; x_wconf 91' lang='lat' dir='ltr'>optume</span> <span class='ocrx_word' id='word_1_179' title='bbox 969 1805 1107 1830; x_wconf 89' lang='lat' dir='ltr'>eccum</span> <span class='ocrx_word' id='word_1_180' title='bbox 1128 1789 1288 1829; x_wconf 89' lang='lat' dir='ltr'>obuiam</span> <span class='ocrx_word' id='word_1_181' title='bbox 1309 1788 1406 1826; x_wconf 86' lang='lat' dir='ltr'>mihi</span> <span class='ocrx_word' id='word_1_182' title='bbox 1426 1795 1494 1826; x_wconf 88' lang='lat' dir='ltr'>est.</span> 
     </span>
     <span class='ocr_line' id='line_1_28' title="bbox 385 1854 1202 1909; baseline -0.007 -11"><span class='ocrx_word' id='word_1_183' title='bbox 385 1873 480 1898; x_wconf 90' lang='lat' dir='ltr'>num</span> <span class='ocrx_word' id='word_1_184' title='bbox 501 1859 568 1909; x_wconf 89' lang='lat' dir='ltr'>qui</span> <span class='ocrx_word' id='word_1_185' title='bbox 590 1857 742 1897; x_wconf 84' lang='lat' dir='ltr'>nummi</span> <span class='ocrx_word' id='word_1_186' title='bbox 762 1857 1001 1903; x_wconf 85' lang='lat' dir='ltr'>exciderunt,</span> <span class='ocrx_word' id='word_1_187' title='bbox 1024 1870 1098 1902; x_wconf 90' lang='lat' dir='ltr'>ere,</span> <span class='ocrx_word' id='word_1_188' title='bbox 1122 1854 1202 1902; x_wconf 87' lang='lat' dir='ltr'>tibi,</span> 
     </span>
     <span class='ocr_line' id='line_1_29' title="bbox 491 1922 1713 1974; baseline -0.007 -11"><span class='ocrx_word' id='word_1_189' title='bbox 491 1925 600 1974; x_wconf 91' lang='lat' dir='ltr'>quod</span> <span class='ocrx_word' id='word_1_190' title='bbox 621 1923 676 1962; x_wconf 87' lang='lat' dir='ltr'>sic</span> <span class='ocrx_word' id='word_1_191' title='bbox 696 1930 837 1962; x_wconf 83' lang='lat' dir='ltr'>terram</span> <span class='ocrx_word' id='word_1_192' title='bbox 859 1922 1050 1972; x_wconf 85' lang='lat' dir='ltr'>optuere?</span> <span class='ocrx_word' id='word_1_193' title='bbox 1622 1924 1713 1960; x_wconf 65' lang='lat'><strong>668³</strong></span> 
     </span>
     <span class='ocr_line' id='line_1_30' title="bbox 358 1982 1418 2040; baseline -0.008 -11"><span class='ocrx_word' id='word_1_194' title='bbox 358 1990 453 2040; x_wconf 90' lang='lat' dir='ltr'>quid</span> <span class='ocrx_word' id='word_1_195' title='bbox 474 2003 545 2028; x_wconf 92' lang='lat' dir='ltr'>uos</span> <span class='ocrx_word' id='word_1_196' title='bbox 567 1996 737 2027; x_wconf 83' lang='lat' dir='ltr'>maestos</span> <span class='ocrx_word' id='word_1_197' title='bbox 759 1995 838 2026; x_wconf 87' lang='lat' dir='ltr'>tam</span> <span class='ocrx_word' id='word_1_198' title='bbox 860 1986 1056 2036; x_wconf 89' lang='lat' dir='ltr'>tristisque</span> <span class='ocrx_word' id='word_1_199' title='bbox 1077 1998 1161 2023; x_wconf 86' lang='lat' dir='ltr'>esse</span> <span class='ocrx_word' id='word_1_200' title='bbox 1182 1982 1418 2033; x_wconf 85' lang='lat' dir='ltr'>conspicor?</span> 
     </span>
     <span class='ocr_line' id='line_1_31' title="bbox 217 2040 1691 2105; baseline -0.007 -11"><span class='ocrx_word' id='word_1_201' title='bbox 217 2073 259 2103; x_wconf 81' lang='lat'>30</span> <span class='ocrx_word' id='word_1_202' title='bbox 331 2069 411 2094; x_wconf 90' lang='lat' dir='ltr'>non</span> <span class='ocrx_word' id='word_1_203' title='bbox 429 2056 556 2105; x_wconf 82' lang='lat' dir='ltr'>placet</span> <span class='ocrx_word' id='word_1_204' title='bbox 577 2068 650 2092; x_wconf 88' lang='lat' dir='ltr'>nec</span> <span class='ocrx_word' id='word_1_205' title='bbox 671 2061 817 2092; x_wconf 88' lang='lat' dir='ltr'>temere</span> <span class='ocrx_word' id='word_1_206' title='bbox 838 2058 896 2090; x_wconf 88' lang='lat' dir='ltr'>est</span> <span class='ocrx_word' id='word_1_207' title='bbox 917 2050 1045 2090; x_wconf 85' lang='lat' dir='ltr'>etiam.</span> <span class='ocrx_word' id='word_1_208' title='bbox 1106 2048 1200 2099; x_wconf 89' lang='lat' dir='ltr'>quin</span> <span class='ocrx_word' id='word_1_209' title='bbox 1219 2047 1314 2086; x_wconf 87' lang='lat' dir='ltr'>mihi</span> <span class='ocrx_word' id='word_1_210' title='bbox 1327 2046 1604 2098; x_wconf 87' lang='lat' dir='ltr'>respondetis?</span> <span class='ocrx_word' id='word_1_211' title='bbox 1621 2040 1691 2098; x_wconf 82' lang='lat'>670</span> 
     </span>
    </p>
   </div>
   <div class='ocr_carea' id='block_1_5' title="bbox 256 2151 1603 2416">
    <p class='ocr_par' dir='ltr' id='par_1_5' title="bbox 256 2151 1603 2416">
     <span class='ocr_line' id='line_1_32' title="bbox 319 2151 1603 2199; baseline -0.007 -9"><span class='ocrx_word' id='word_1_212' title='bbox 319 2161 380 2199; x_wconf 87' lang='lat'>641</span> <span class='ocrx_word' id='word_1_213' title='bbox 400 2159 501 2190; x_wconf 85' lang='lat' dir='ltr'>hodie</span> <span class='ocrx_word' id='word_1_214' title='bbox 510 2162 585 2199; x_wconf 79' lang='lat' dir='ltr'>post</span> <span class='ocrx_word' id='word_1_215' title='bbox 594 2158 720 2197; x_wconf 86' lang='lat' dir='ltr'>duplex</span> <span class='ocrx_word' id='word_1_216' title='bbox 730 2157 798 2188; x_wconf 88' lang='lat' dir='ltr'>cod.</span> <span class='ocrx_word' id='word_1_217' title='bbox 811 2169 818 2187; x_wconf 76' lang='lat' dir='ltr'><em>z</em></span> <span class='ocrx_word' id='word_1_218' title='bbox 840 2155 954 2195; x_wconf 81' lang='lat' dir='ltr'>traieci,</span> <span class='ocrx_word' id='word_1_219' title='bbox 970 2165 1050 2186; x_wconf 84' lang='lat' dir='ltr'>nam</span> <span class='ocrx_word' id='word_1_220' title='bbox 1063 2153 1189 2193; x_wconf 77' lang='lat' dir='ltr'>duplex</span> <span class='ocrx_word' id='word_1_221' title='bbox 1200 2151 1338 2192; x_wconf 79' lang='lat' dir='ltr'>displicet</span> <span class='ocrx_word' id='word_1_222' title='bbox 1416 2153 1482 2190; x_wconf 90' lang='lat'>646</span> <span class='ocrx_word' id='word_1_223' title='bbox 1494 2151 1559 2182; x_wconf 88' lang='lat' dir='ltr'>edo</span> <span class='ocrx_word' id='word_1_224' title='bbox 1570 2155 1603 2182; x_wconf 88' lang='lat' dir='ltr'>et</span> 
     </span>
     <span class='ocr_line' id='line_1_33' title="bbox 275 2193 1599 2243; baseline -0.008 -8"><span class='ocrx_word' id='word_1_225' title='bbox 275 2202 367 2243; x_wconf 87' lang='lat' dir='ltr'>amo]</span> <span class='ocrx_word' id='word_1_226' title='bbox 380 2203 476 2234; x_wconf 87' lang='lat' dir='ltr'>edam</span> <span class='ocrx_word' id='word_1_227' title='bbox 495 2205 530 2232; x_wconf 80' lang='lat' dir='ltr'>ut</span> <span class='ocrx_word' id='word_1_228' title='bbox 539 2202 602 2233; x_wconf 82' lang='lat' dir='ltr'>vid.</span> <span class='ocrx_word' id='word_1_229' title='bbox 623 2202 653 2232; x_wconf 88' lang='lat' dir='ltr'><em>T</em></span> <span class='ocrx_word' id='word_1_230' title='bbox 665 2202 742 2242; x_wconf 83' lang='lat' dir='ltr'>(pro</span> <span class='ocrx_word' id='word_1_231' title='bbox 759 2201 823 2231; x_wconf 88' lang='lat' dir='ltr'>edo</span> <span class='ocrx_word' id='word_1_232' title='bbox 837 2210 913 2230; x_wconf 90' lang='lat' dir='ltr'>amo</span> <span class='ocrx_word' id='word_1_233' title='bbox 927 2199 954 2237; x_wconf 75' lang='lat'>2)</span> <span class='ocrx_word' id='word_1_234' title='bbox 1055 2199 1119 2236; x_wconf 86' lang='lat'>653</span> <span class='ocrx_word' id='word_1_235' title='bbox 1133 2197 1213 2236; x_wconf 82' lang='lat' dir='ltr'>sort.</span> <span class='ocrx_word' id='word_1_236' title='bbox 1232 2196 1288 2226; x_wconf 90' lang='lat' dir='ltr'>ubi</span> <span class='ocrx_word' id='word_1_237' title='bbox 1306 2193 1381 2238; x_wconf 82' lang='lat' dir='ltr'>(ei)</span> <span class='ocrx_word' id='word_1_238' title='bbox 1455 2206 1518 2226; x_wconf 89' lang='lat' dir='ltr'>suo</span> <span class='ocrx_word' id='word_1_239' title='bbox 1534 2205 1599 2226; x_wconf 87' lang='lat' dir='ltr'>om.</span> 
     </span>
     <span class='ocr_line' id='line_1_34' title="bbox 256 2238 1603 2285; baseline -0.008 -7"><span class='ocrx_word' id='word_1_240' title='bbox 256 2244 353 2279; x_wconf 47' lang='lat' dir='ltr'>‘PCD</span> <span class='ocrx_word' id='word_1_241' title='bbox 435 2249 499 2285; x_wconf 87' lang='lat'>654</span> <span class='ocrx_word' id='word_1_242' title='bbox 513 2245 593 2283; x_wconf 81' lang='lat' dir='ltr'>sort.</span> <span class='ocrx_word' id='word_1_243' title='bbox 619 2247 674 2276; x_wconf 83' lang='lat' dir='ltr'>nu.</span> <span class='ocrx_word' id='word_1_244' title='bbox 692 2245 778 2283; x_wconf 81' lang='lat' dir='ltr'>frugi</span> <span class='ocrx_word' id='word_1_245' title='bbox 796 2247 906 2284; x_wconf 75' lang='lat' dir='ltr'>potest</span> <span class='ocrx_word' id='word_1_246' title='bbox 923 2245 952 2273; x_wconf 77' lang='grc' dir='ltr'>ἑ.</span> <span class='ocrx_word' id='word_1_247' title='bbox 971 2242 1072 2272; x_wconf 79' lang='lat' dir='ltr'>homo</span> <span class='ocrx_word' id='word_1_248' title='bbox 1153 2241 1216 2278; x_wconf 87' lang='lat'>655</span> <span class='ocrx_word' id='word_1_249' title='bbox 1234 2240 1320 2269; x_wconf 87' lang='lat' dir='ltr'>bene</span> <span class='ocrx_word' id='word_1_250' title='bbox 1337 2244 1371 2269; x_wconf 90' lang='lat' dir='ltr'>et</span> <span class='ocrx_word' id='word_1_251' title='bbox 1388 2238 1474 2269; x_wconf 86' lang='lat' dir='ltr'>male</span> <span class='ocrx_word' id='word_1_252' title='bbox 1492 2239 1603 2269; x_wconf 86' lang='lat' dir='ltr'>facere</span> 
     </span>
     <span class='ocr_line' id='line_1_35' title="bbox 276 2282 1601 2327; baseline -0.008 -5"><span class='ocrx_word' id='word_1_253' title='bbox 276 2291 342 2322; x_wconf 83' lang='lat' dir='ltr'>cod.</span> <span class='ocrx_word' id='word_1_254' title='bbox 357 2302 363 2322; x_wconf 93' lang='lat'>:</span> <span class='ocrx_word' id='word_1_255' title='bbox 382 2290 454 2321; x_wconf 78' lang='lat' dir='ltr'>traz&#39;.</span> <span class='ocrx_word' id='word_1_256' title='bbox 470 2289 595 2319; x_wconf 75' lang='lat' dir='ltr'>Ritschl</span> <span class='ocrx_word' id='word_1_257' title='bbox 681 2289 812 2327; x_wconf 85' lang='lat'><strong>663--99</strong></span> <span class='ocrx_word' id='word_1_258' title='bbox 824 2289 951 2317; x_wconf 78' lang='lat' dir='ltr'>exstant</span> <span class='ocrx_word' id='word_1_259' title='bbox 961 2285 1053 2322; x_wconf 62' lang='lat' dir='ltr'>iwA,</span> <span class='ocrx_word' id='word_1_260' title='bbox 1067 2283 1125 2315; x_wconf 84' lang='lat' dir='ltr'>sed</span> <span class='ocrx_word' id='word_1_261' title='bbox 1130 2283 1295 2324; x_wconf 80' lang='lat' dir='ltr'>perierunt</span> <span class='ocrx_word' id='word_1_262' title='bbox 1302 2282 1454 2323; x_wconf 75' lang='lat' dir='ltr'>plurima</span> <span class='ocrx_word' id='word_1_263' title='bbox 1539 2282 1601 2320; x_wconf 91' lang='lat'>667</span> 
     </span>
     <span class='ocr_line' id='line_1_36' title="bbox 279 2325 1602 2373; baseline -0.008 -8"><span class='ocrx_word' id='word_1_264' title='bbox 279 2334 448 2366; x_wconf 82' lang='lat' dir='ltr'>Charisius</span> <span class='ocrx_word' id='word_1_265' title='bbox 464 2344 528 2373; x_wconf 88' lang='lat'>209</span> <span class='ocrx_word' id='word_1_266' title='bbox 541 2333 677 2363; x_wconf 87' lang='lat' dir='ltr'>Plautus</span> <span class='ocrx_word' id='word_1_267' title='bbox 694 2332 728 2362; x_wconf 90' lang='lat' dir='ltr'>in</span> <span class='ocrx_word' id='word_1_268' title='bbox 746 2329 971 2362; x_wconf 85' lang='lat' dir='ltr'>Bacchidibus</span> <span class='ocrx_word' id='word_1_269' title='bbox 986 2339 993 2359; x_wconf 91' lang='lat'><strong>:</strong></span> <span class='ocrx_word' id='word_1_270' title='bbox 1017 2328 1084 2359; x_wconf 86' lang='lat' dir='ltr'>oho</span> <span class='ocrx_word' id='word_1_271' title='bbox 1108 2330 1275 2368; x_wconf 85' lang='lat' dir='ltr'>oportune</span> <span class='ocrx_word' id='word_1_272' title='bbox 1300 2326 1381 2356; x_wconf 87' lang='lat' dir='ltr'>mihi</span> <span class='ocrx_word' id='word_1_273' title='bbox 1399 2330 1452 2356; x_wconf 87' lang='lat' dir='ltr'>est</span> <span class='ocrx_word' id='word_1_274' title='bbox 1469 2325 1602 2356; x_wconf 85' lang='lat' dir='ltr'>obuiam</span> 
     </span>
     <span class='ocr_line' id='line_1_37' title="bbox 277 2369 1410 2416; baseline -0.01 -6"><span class='ocrx_word' id='word_1_275' title='bbox 277 2389 356 2410; x_wconf 89' lang='lat' dir='ltr'>ecce</span> <span class='ocrx_word' id='word_1_276' title='bbox 446 2387 562 2408; x_wconf 88' lang='lat' dir='ltr'>eccum</span> <span class='ocrx_word' id='word_1_277' title='bbox 580 2376 719 2416; x_wconf 81' lang='lat' dir='ltr'>Langen</span> <span class='ocrx_word' id='word_1_278' title='bbox 736 2375 784 2416; x_wconf 85' lang='lat' dir='ltr'>&lt;A</span> <span class='ocrx_word' id='word_1_279' title='bbox 804 2385 837 2405; x_wconf 79' lang='lat' dir='ltr'>n.</span> <span class='ocrx_word' id='word_1_280' title='bbox 857 2374 910 2415; x_wconf 85' lang='lat' dir='ltr'><em>l.):</em></span> <span class='ocrx_word' id='word_1_281' title='bbox 935 2382 1014 2404; x_wconf 85' lang='lat' dir='ltr'>ecce</span> <span class='ocrx_word' id='word_1_282' title='bbox 1030 2371 1064 2402; x_wconf 88' lang='lat' dir='ltr'><em>P</em></span> <span class='ocrx_word' id='word_1_283' title='bbox 1191 2371 1257 2409; x_wconf 88' lang='lat'>670</span> <span class='ocrx_word' id='word_1_284' title='bbox 1279 2370 1359 2409; x_wconf 91' lang='lat' dir='ltr'>quid</span> <span class='ocrx_word' id='word_1_285' title='bbox 1377 2369 1410 2398; x_wconf 85' lang='lat' dir='ltr'><em>A</em></span> 
     </span>
    </p>
   </div>
  </div>
 </body>
</html>
