1814 2723
188 43 240 79 II.
264 42 309 78 iii
683 38 728 73 T.
761 34 942 73 MACCI
974 32 1178 70 PLAVTI

264 160 367 192 recte
388 150 583 191 audiuisti.
645 151 717 187 PH.
751 147 847 197 quid
867 145 948 196 agis
968 144 1064 183 hic?
1122 146 1192 181 LA.
1225 143 1334 193 quod
1354 142 1535 192 gaudeas.

266 221 340 256 PH.
373 217 468 267 quid
490 216 530 254 id
552 216 638 253 est?
669 215 739 251 LA.
772 211 865 249 hinc
885 225 932 249 ex
952 209 1060 248 hisce
1080 208 1246 248 aedibus
1267 208 1400 258 paullo
1420 205 1526 256 prius

225 297 241 328 5
265 282 347 322 uidi
368 289 577 321 exeuntem
598 278 936 317 mulierem—PH.
968 274 1074 312 illam
1096 287 1196 323 quae
1219 286 1348 310 meam

264 354 421 398 gnatam
443 345 681 384 sustulerat?
738 344 809 380 LA.
842 355 922 379 rern
945 348 1064 378 tenes.
1127 341 1201 376 PH.
1233 337 1329 387 quid
1350 337 1514 387 postea?

266 416 337 452 LA.
370 413 461 451 dico
481 411 516 450 ei
538 424 617 460 quo
638 415 754 459 pacto
775 420 861 445 eam
883 406 933 444 ab
953 404 1219 455 hippodromo
1240 397 1404 441 uiderim

265 479 398 517 erilem
420 485 593 516 nostram
615 475 734 513 filiam
756 474 969 511 sustollere.

265 543 443 583 extimuit
465 550 548 580 tum
570 541 646 578 illa.
706 541 789 577 ME.
823 537 900 575 iarn
921 538 1052 574 horret
1073 548 1226 584 corpus,
1250 547 1317 571 cor
1337 532 1433 571 salit.

207 621 245 643 10
265 622 356 647 nam
378 607 473 646 mihi
494 607 544 645 ab
565 605 831 656 hippodromo
852 600 1014 640 memini
1035 599 1175 638 adferri
1196 599 1398 648 paruolam

266 675 435 723 puellam
458 685 625 721 eamque
646 683 709 707 me
730 667 823 706 mihi
847 679 1080 717 supponere.

267 742 341 778 PH.
373 753 443 789 age
464 749 592 789 perge,
615 750 773 787 quaeso
833 733 988 772 animus
1008 731 1143 771 audire
1164 729 1308 781 expetit

265 813 308 844 ut
327 813 435 855 gesta
456 818 515 843 res
537 805 595 841 sit.
656 804 740 840 ME.
772 799 922 838 utinam
943 797 1078 837 audire
1100 810 1180 835 non
1202 809 1333 846 queas.

735 878 753 899 *
921 878 939 898 >k
1107 876 1125 897 >k

267 939 337 974 LA.
370 949 489 986 pergo
510 932 632 985 illa<m
654 929 833 983 onerare)
853 929 968 970 dictis
985 944 992 967 :
1025 928 1158 966 ‘illaec
1179 927 1246 965 ted
1266 939 1364 964 anus

210 1017 246 1049 15
266 999 447 1052 fortu<nis
468 1014 513 1038 ex
535 997 718 1038 secundis
739 997 790 1035 ad
811 994 987 1047 mi>scras
1011 1000 1138 1032 uocat.

266 1080 356 1104 nam
379 1065 491 1104 illaec
514 1064 585 1102 tibi
606 1062 734 1101 nutrix
755 1068 824 1108 est,
847 1075 897 1099 ne
919 1066 1083 1098 matrem
1105 1070 1277 1096 censeas.

266 1145 339 1181 ego
359 1139 397 1170 te
418 1131 593 1169 redduco
613 1135 652 1167 et
672 1140 774 1165 uoco
795 1127 845 1165 ad
864 1122 1075 1178 (summas)
1094 1122 1220 1169 ditias,

266 1196 333 1235 ubi
354 1203 395 1234 tu
417 1198 544 1234 locere
564 1194 605 1232 in
625 1194 866 1232 luculentam
888 1189 1088 1237 familiam,

267 1262 361 1300 und’
381 1260 451 1299 tibi
473 1261 620 1298 talenta
639 1271 782 1308 magna
801 1255 939 1306 uiginti
959 1262 1070 1306 pater

208 1340 249 1363 20
267 1329 335 1366 det
355 1326 458 1366 dotis
474 1341 483 1373 3
512 1338 593 1363 non
614 1323 719 1362 enim
740 1322 805 1361 hic
825 1321 894 1360 ubi
915 1335 961 1359 ex
981 1322 1114 1358 Tusco
1136 1320 1258 1358 modo

268 1399 350 1431 tute
371 1391 441 1430 tibi
463 1389 623 1440 indigne
644 1390 779 1427 dotem
801 1399 965 1437 quaeras
986 1387 1173 1436 corpore.'

269 1460 344 1495 PH.
375 1470 437 1502 an,
459 1455 614 1501 amabo,
638 1452 818 1492 meretrix
838 1451 904 1490 illa
924 1458 982 1490 est
1003 1463 1104 1500 quae
1125 1449 1231 1487 illam
1253 1447 1438 1487 sustulit?

269 1525 340 1561 LA.
373 1522 496 1560 imrno
516 1519 697 1559 meretrix
716 1517 788 1557 fuit
802 1532 812 1565 3
841 1518 911 1556 sed
932 1524 975 1555 ut
995 1516 1053 1563 sit,
1077 1516 1126 1554 de
1147 1529 1193 1553 ea
1213 1528 1252 1553 re
1273 1515 1443 1564 eloquar.

270 1587 346 1625 iam
367 1586 634 1637 perducebam
654 1583 761 1622 illam
781 1583 832 1621 ad
854 1596 918 1621 me
938 1582 1099 1620 suadela
1119 1593 1229 1618 mea:

210 1668 247 1700 25
270 1666 368 1691 anus
389 1652 424 1690 ei
443 1652 623 1701 amplexa
643 1657 702 1688 est
721 1662 850 1699 genua
870 1649 1038 1698 plorans,
1061 1658 1272 1697 opsecrans

271 1732 321 1756 ne
341 1718 494 1756 deserat
514 1730 555 1755 se
572 1731 579 1753 :
609 1729 696 1754 earn
718 1728 828 1752 suam
850 1726 935 1752 esse
955 1712 1089 1760 filiam,

272 1796 392 1832 seque
412 1795 498 1820 earn
520 1780 717 1831 peperisse
737 1786 872 1818 sancte
891 1777 1097 1817 adiurabat
1117 1775 1224 1814 mihi.

275 1850 420 1886 ‘istanc
441 1860 560 1897 quam
581 1845 734 1896 quaeris
748 1847 756 1862 '
776 1843 904 1895 inquit
928 1846 1022 1894 ‘ego
1041 1841 1191 1881 amicae
1211 1854 1323 1879 meae

272 1912 375 1959 dedi,
399 1925 499 1962 quae
520 1912 705 1950 educaret
725 1923 811 1948 earn
833 1922 904 1959 pro
924 1907 1044 1947 filiola
1063 1920 1156 1954 sua3

214 1991 254 2022 30
273 1985 312 2016 et
331 1977 429 2016 uiuit
442 1978 450 1994 '
471 1976 608 2027 inquit.
671 1975 763 2014 ‘ubi
784 1988 830 2013 ea
850 1981 908 2013 est
921 1976 937 2012 ?
950 1975 958 1991 '
978 1973 1140 2023 inquam
1161 1972 1396 2021 extempulo.

274 2044 349 2081 PH.
381 2049 533 2081 seruate
553 2041 594 2080 di
614 2042 720 2088 med,
740 2052 905 2090 opsecro
926 2041 932 2076 1
989 2040 1073 2076 ME.
1104 2044 1144 2075 at
1163 2050 1227 2075 me
1247 2035 1418 2086 perditis,

1320 1353 1336 1384 ἃ

318 2156 380 2186 547
403 2145 493 2176 uidei
510 2144 575 2176 cod.
597 2143 892 2183 (mztiquaforma)
1034 2151 1099 2181 550
1126 2140 1224 2171 filiam
1244 2144 1392 2171 nostram
1411 2138 1475 2170 cod.
1495 2151 1501 2169 :
1527 2138 1600 2170 irai.

274 2191 378 2221 Bothe
509 2198 571 2227 555
597 2198 650 2218 res
667 2192 763 2226 gesta
779 2186 845 2217 cod.
860 2197 867 2216 :
894 2185 965 2216 trai.
988 2184 1122 2215 Guz'etus
1217 2184 1271 2214 vix
1285 2185 1350 2214 siet
1442 2184 1601 2214 lacunam

261 2234 388 2265 *codices
405 2243 471 2263 non
488 2232 632 2262 indicant
754 2232 828 2270 556,
848 2238 909 2269 557
933 2229 1039 2268 spatia
1060 2228 1162 2258 relicta
1178 2228 1211 2257 in
1229 2227 1293 2258 cod.
1313 2238 1320 2266 3
1341 2230 1416 2266 post
1430 2226 1510 2257 alios
1525 2231 1601 2266 sup-

269 2278 369 2319 plevit
384 2275 511 2307 Schoell
654 2283 718 2313 559
741 2284 867 2304 reuoco
883 2273 1023 2313 Pyladas
1109 2270 1301 2313 (summas)
1318 2271 1403 2301 Brz'x
1417 2283 1424 2302 :
1448 2268 1603 2313 (auitas)

275 2321 402 2353 Schoell
545 2320 609 2358 565
632 2318 793 2349 meretrix
819 2316 877 2347 del.
906 2316 1009 2347 Bothe
1033 2315 1180 2355 rhythmi
1199 2325 1299 2346 causa
1483 2315 1545 2353 567
1571 2313 1602 2344 ei

276 2363 420 2408 (quom)
436 2364 570 2404 Seyffert
701 2371 765 2401 573
799 2360 848 2391 vel
875 2371 930 2391 me
948 2359 1009 2392 (ita
1026 2358 1110 2399 cod.)

1614 146 1677 183 545

1616 476 1683 513 550

1617 801 1680 838 555

1618 1191 1686 1237 560

1605 1516 1683 1563 ’565

1621 1851 1690 1888 570
