1742 2718
735 47 962 85 CAPTIVI
1442 45 1509 81 IV.
1534 42 1563 79 ii

184 168 225 199 ut
252 174 324 210 ego
354 159 446 198 uidi.
513 160 592 196 ΗΕ.
626 170 757 195 meum
787 157 979 206 gnatum?
1042 157 1114 193 ER.
1149 162 1258 192 tuom
1286 162 1447 203 gnatum
1475 160 1512 191 et

1186 218 1345 269 genium
1366 231 1509 257 meum.

96 293 166 328 880
186 291 265 327 ΗΕ.
298 297 335 328 et
365 288 565 339 captiuom
593 287 702 325 illum
731 285 992 325 Alidensem?
1050 287 1124 323 ER.
1157 286 1209 334 μὰ
1237 285 1300 323 τὸν
1321 285 1510 322 Ἀπόλλω.
1536 297 1595 319 1co

1144 353 1224 389 ΗΕ.
1257 358 1295 389 et
1315 352 1511 389 seruolum

184 434 316 460 meum
346 421 599 470 Stalagmum,
623 431 755 457 meum
780 417 846 467 qui
871 424 1032 466 gnatum
1063 415 1289 466 surrupuit?
1351 417 1424 453 ER.
1457 416 1515 453 ναὶ

1286 482 1353 519 τὰν
1374 481 1512 530 Κόραν.

185 553 265 590 HE.
299 551 375 589 iam
406 550 606 589 diu—-ER,
639 550 696 587 ναὶ
720 551 786 587 τὰν
811 549 1058 598 Πραινέστην.
1128 548 1208 584 HE.
1242 545 1380 584 uenit?
1437 547 1511 584 ER.

1182 612 1240 650 ναὶ
1258 613 1325 649 τὰν
1345 612 1512 662 Σιγνέαν.

185 683 264 719 ΗΕ.
295 682 459 719 certon?
516 681 589 717 ER.
620 679 678 717 ναὶ
696 680 763 717 τὰν
781 681 1031 728 Φρουσινῶνα.
1092 679 1171 714 ΗΕ.
1201 675 1293 714 uide
1314 675 1375 713 sis.
1436 678 1510 714 ER.

1142 743 1199 780 ναὶ
1218 743 1282 780 τὸν
1300 741 1510 790 Ἀλάτριον.

185 814 265 850 ΗΕ.
298 810 393 862 quid
424 818 464 848 tu
495 814 566 860 per⁴
592 809 813 848 barbaricas
845 808 950 846 urbis
981 807 1111 846 iuras?
1169 809 1243 845 ER.
1276 806 1368 856 quia
1405 806 1510 844 enim

1239 872 1331 910 item
1352 885 1513 922 asperae

97 950 161 994 885
183 951 274 982 sunt
294 951 336 982 ut
357 951 467 982 tuom
489 942 638 982 uictum
658 941 892 980 autumabas
913 953 1008 978 esse.
1067 941 1147 977 ΗΕ.
1171 952 1244 977 uae
1259 938 1509 977 aetati—ER.
1536 951 1594 982 105

1400 1010 1488 1041 tuae
1506 1005 1512 1040 1

182 1074 328 1125 quippe
350 1075 512 1124 quando
533 1073 629 1111 mihi
651 1072 705 1110 nil
726 1071 863 1118 credis,
887 1072 995 1121 quod
1016 1083 1089 1120 ego
1110 1069 1200 1108 dico
1222 1070 1370 1108 sedulo.

183 1142 253 1179 sed
275 1142 494 1191 Stalagmus
516 1138 658 1190 quoius
679 1145 760 1177 erat
780 1145 875 1176 tunc
896 1135 1076 1183 nationis,
1100 1149 1221 1185 quorn
1243 1134 1335 1172 hinc
1356 1133 1466 1172 abit?

185 1207 266 1243 HE.
291 1205 455 1244 Siculus.
516 1206 589 1243 ER.
613 1211 651 1242 et
668 1216 774 1242 nunc
794 1202 947 1241 Siculus
969 1215 1049 1240 non
1066 1208 1135 1248 est,
1152 1200 1273 1239 Boius
1294 1206 1363 1246 est,
1382 1199 1513 1238 boiam

1404 1264 1513 1303 terit:

184 1336 395 1375 liberorum
417 1336 736 1386 quaerundorum
757 1347 896 1372 caussa
916 1332 960 1380 ei,
984 1333 1113 1378 credo,
1137 1345 1233 1370 uxor
1253 1332 1390 1369 datast.

97 1404 164 1448 890
186 1404 265 1440 HE.
296 1402 371 1449 dic,
387 1403 520 1440 bonan
537 1402 615 1439 fide
631 1408 672 1438 tu
694 1399 790 1438 mihi
810 1399 929 1437 istaec
950 1399 1071 1436 uerba
1087 1396 1245 1436 dixisti?
1294 1398 1367 1434 ER.
1394 1396 1510 1434 bona.
1536 1407 1597 1429 110

185 1469 266 1505 HE.
298 1468 335 1506 di
360 1466 597 1513 inmortales,
621 1465 760 1503 iterum
782 1471 922 1514 gnatus
944 1463 1091 1510 uideor,
1115 1462 1146 1500 si
1167 1475 1259 1500 uera
1279 1468 1470 1499 autumas.

185 1534 259 1570 ER.
275 1532 413 1584 aintu?
427 1531 593 1570 dubium
608 1530 773 1569 habebis
782 1529 912 1576 etiam,
923 1536 1056 1567 sancte
1065 1541 1186 1578 quom
1195 1540 1267 1577 ego
1281 1520 1404 1565 iurem
1419 1526 1514 1565 tibi?

185 1604 395 1647 postremo,
419 1595 563 1646 Hegio,
587 1595 617 1634 si
638 1609 758 1646 parua
779 1594 850 1632 iuri
872 1593 1075 1632 iurandost
1096 1593 1205 1639 fides,

186 1661 269 1700 uise
288 1663 339 1700 ad
368 1668 536 1712 portum.
598 1663 678 1699 ΗΕ.
702 1662 828 1699 facere
850 1665 1047 1698 certumst.
1106 1665 1147 1696 tu
1168 1657 1272 1695 intus
1294 1670 1386 1695 cura
1406 1657 1514 1706 quod

1322 1735 1422 1772 opus
1443 1729 1511 1761 est.

100 1797 165 1842 895
186 1806 308 1839 sume,
330 1805 459 1843 posce,
483 1806 620 1842 prome
640 1791 808 1842 quiduis.
869 1798 906 1830 te
927 1790 1028 1829 facio
1049 1788 1259 1829 cellarium.
1538 1801 1596 1833 115

187 1859 260 1896 ER.
293 1872 384 1896 nam
405 1859 547 1905 hercle,
570 1857 644 1896 nisi
666 1856 962 1895 mantiscinatus
984 1856 1107 1907 probe
1129 1869 1205 1901 ero,
1224 1853 1316 1892 fusti
1336 1852 1492 1904 pectito.

187 1925 268 1961 HE.
299 1930 502 1961 aeternum
523 1922 594 1961 tibi
614 1922 815 1972 dapinabo
835 1921 996 1968 uictum,
1020 1921 1051 1959 si
1073 1934 1165 1959 uera
1184 1926 1376 1957 autumas.

187 1990 262 2026 ER.
294 1990 400 2028 unde
419 1988 489 2027 id?
547 1990 628 2026 HE.
656 2002 680 2026 a
700 2001 763 2027 me
783 2000 953 2038 meoque
973 1994 1102 2037 gnato.
1165 1987 1239 2023 ER.
1270 1985 1451 2035 sponderi
1473 1991 1513 2022 tu

1021 2052 1150 2090 istuc?
1208 2052 1291 2088 HE.
1322 2050 1511 2100 spondeo.

230 2158 295 2196 879
319 2167 475 2188 meumne
491 2157 623 2196 Bentley
710 2157 772 2187 881
792 2167 863 2196 sqq.
877 2155 946 2197 ναὶ]
966 2166 1008 2186 ne
1025 2156 1094 2186 cod.
1183 2156 1247 2186 882
1263 2155 1345 2186 Tam
1362 2153 1513 2193 Wagner,

187 2201 231 2231 ita
247 2201 334 2231 enim
349 2201 565 2240 loquebantur
577 2200 783 2231 Praenestini
896 2201 959 2239 885
985 2204 1062 2230 tuae
1078 2198 1225 2239 Hegioni
1236 2199 1431 2230 continuant
1444 2197 1513 2228 edd.

186 2245 251 2274 888
267 2243 317 2284 et]
334 2248 367 2274 at
381 2243 590 2275 Camerarius
605 2256 611 2275 :
636 2245 696 2275 sed
715 2244 797 2284 (set)
814 2243 872 2274 alz'z'
965 2244 1029 2282 893
1043 2242 1124 2281 fort.
1140 2253 1278 2282 paruom
1301 2242 1332 2280 (i.
1341 2253 1365 2272 e.
1383 2251 1512 2281 parum,

187 2288 324 2327 anliqua
339 2287 486 2327 firma),
513 2288 559 2318 ita
583 2288 669 2319 enim
695 2287 775 2317 alzbz'
794 2292 844 2327 ap.
875 2286 981 2317 Plaut.
1010 2285 1125 2327 (Arch.
1154 2286 1226 2317 Lat.
1254 2285 1331 2317 Lex.
1360 2295 1409 2324 13,
1439 2285 1513 2323 133)

187 2332 252 2371 898
275 2331 431 2371 sponderi
448 2331 524 2362 Ital.
539 2343 546 2362 ε
569 2332 701 2371 sponde
718 2330 782 2361 coa'.
