1742 2718
646 142 881 190 ACTVS
933 143 950 189 I

457 245 730 281 Emmcvs
839 244 1134 279 'sumspnro
1486 240 1514 275 Ι.

135 332 205 370 ΕΡ.
240 332 364 377 Heus,
396 331 652 369 adulescens!
710 331 788 367 TH.
822 329 908 378 quis
939 335 1214 379 properantem
1247 341 1310 366 me
1340 339 1463 377 repre-

1154 393 1292 431 hendit
1313 391 1463 442 pallio?

136 463 205 499 ΕΡ.
238 460 446 499 familiaris.
507 461 585 497 ΤΗ.
610 461 742 506 fateor,
762 473 853 498 narn
868 459 962 498 odio
979 473 1019 497 es
1033 458 1199 496 nimium
1213 456 1461 496 familiariter.

298 527 367 562 ΕΡ.
400 524 548 575 respice
572 538 677 571 uero,
700 524 905 574 Thesprio.
965 525 1043 560 ΤΗ.
1076 524 1138 569 oh,

299 589 563 640 Epidicumne
583 603 657 639 ego
678 589 918 639 conspicor?

97 669 113 705 5
300 657 368 693 ΕΡ.
401 654 482 692 sati'
503 662 607 693 recte
628 655 751 694 oculis
772 654 901 692 uteris.
1488 667 1505 699 5

298 721 376 758 ΤΗ.
409 721 527 759 salue.
589 721 658 758 ΕΡ.
692 719 731 758 di
753 721 849 758 dent
869 732 971 768 quae
992 718 1099 757 uelis.

191 785 324 824 uenire
354 786 505 824 saluom
535 786 700 835 gaudeo.
760 786 839 822 TH.
872 783 968 834 quid
993 785 1200 822 ceterum?
1258 784 1326 820 ΕΡ.
1360 782 1468 832 quod

1224 861 1272 886 eo
1291 848 1444 886 adsolet
1461 861 1469 884 ε

192 930 291 956 cena
321 915 391 954 tibi
423 915 589 955 dabitur.
663 917 743 953 ΤΗ.
776 915 1083 964 spondeo—EF.
1117 912 1242 963 quid?
1298 913 1376 949 TH.
1406 925 1470 949 me

1006 985 1274 1029 accepturum,
1294 976 1325 1015 si
1345 975 1468 1015 dabis.

461 1047 530 1084 ΕΡ.
563 1045 659 1096 quid

77 1120 120 1161 9²
408 1113 449 1150 tri
469 1110 581 1161 agis?
610 1119 653 1149 ut
673 1112 813 1149 uales?
869 1112 948 1148 TH.
981 1124 1040 1149 ex-

79 1178 122 1224 9b
301 1178 476 1227 emplum
497 1178 636 1215 adesse
658 1175 855 1226 intellego.
918 1177 987 1214 ΕΡ.
1020 1176 1166 1225 eugae!

80 1254 123 1279 10
140 1242 406 1294 corpulentior
425 1241 560 1279 uidere
581 1248 699 1291 atque
720 1240 900 1279 habitior.
961 1241 1039 1278 ΤΗ.
1072 1238 1164 1277 huic
1184 1237 1316 1288 gratia.
1496 1253 1534 1274 10

304 1310 374 1346 ΕΡ.
406 1321 526 1357 quarn
547 1306 708 1356 quidem
730 1313 769 1345 te
789 1305 867 1344 iam
887 1305 956 1344 diu

61 1380 122 1411 11⁵
302 1372 519 1423 perdidisse
540 1371 723 1422 oportuit.

141 1440 222 1477 TH.
253 1437 373 1477 minu'
408 1437 485 1476 iam
516 1436 707 1475 furtificus
746 1449 833 1474 sum
868 1449 988 1486 quam
1022 1436 1200 1474 antehac.
1273 1435 1342 1472 ΕΡ.
1377 1431 1472 1483 quid

875 1501 959 1539 ita?
1014 1502 1093 1539 ΤΗ.
1126 1499 1235 1550 rapio
1255 1499 1470 1550 propalam.

144 1570 214 1609 ΕΡ.
246 1569 287 1609 di
307 1569 532 1608 inmortales
554 1575 592 1607 te
612 1567 824 1614 infelicent,
847 1574 890 1605 ut
911 1574 953 1605 tu
974 1580 1014 1605 es
1035 1565 1220 1616 gradibus
1236 1563 1448 1614 grandibus
1466 1565 1473 1601 !

143 1649 235 1674 nam
255 1643 298 1674 ut
317 1636 425 1686 apud
443 1641 600 1685 portum
622 1641 660 1672 te
681 1632 879 1683 conspexi,
903 1631 1096 1670 curriculo
1123 1629 1261 1680 occepi
1282 1627 1391 1678 sequi
1411 1643 1419 1665 ε

83 1712 122 1749 15
143 1700 209 1739 uix
227 1699 474 1750 adipiscendi
493 1705 667 1749 potestas
683 1699 805 1737 modo
822 1696 904 1735 fuit.
946 1698 1026 1734 ΤΗ.
1050 1708 1180 1734 scurra
1200 1708 1252 1732 es.
1299 1695 1368 1732 ΕΡ.
1392 1692 1475 1731 scio
1497 1702 1533 1734 15

143 1772 182 1804 te
211 1778 295 1804 esse
324 1764 510 1815 equidem
537 1763 740 1802 hominem
762 1762 980 1801 militarem.
1039 1762 1118 1798 ΤΗ.
1151 1760 1336 1798 audacter
1355 1770 1473 1807 quarn

1259 1823 1318 1862 uis
1339 1822 1471 1861 dicito.

146 1895 215 1933 ΕΡ.
247 1895 343 1945 quid
372 1894 483 1945 agis?
519 1901 734 1945 perpetuen
765 1892 953 1932 ualuisti?
1009 1892 1087 1929 TH.
1121 1888 1236 1928 uarie.
1307 1890 1375 1926 ΕΡ.
1407 1887 1475 1937 qui

1203 1952 1309 1992 uarie
1329 1953 1474 1998 ualent,

198 2023 474 2075 capreaginum
501 2023 709 2064 hominum
736 2037 817 2062 non
846 2023 975 2074 placet
1004 2019 1102 2060 mihi
1129 2033 1259 2069 neque
1284 2017 1477 2069 pantheri-

1227 2097 1323 2122 num
1342 2096 1475 2133 genus.

192 2205 205 2225 1
231 2194 414 2235 prehendit
429 2193 463 2224 P
593 2204 613 2233 5
637 2193 721 2225 satis
745 2203 809 2223 om.
829 2191 862 2221 P
874 2194 1004 2231 propter
1020 2190 1196 2220 laceralam
1213 2186 1375 2227 archetypi
1383 2187 1478 2225 pagi-

147 2250 228 2270 nam
247 2238 300 2278 (cf.
317 2237 365 2268 ad
377 2248 406 2269 v.
429 2237 484 2277 19)
586 2242 680 2268 certe
696 2235 730 2265 P
744 2237 816 2276 <pro
832 2238 937 2272 recte,
959 2237 997 2264 ut
1015 2233 1049 2263 in
1074 2232 1147 2264 Cas.
1167 2232 1246 2266 260)
1348 2240 1364 2267 7
1389 2230 1477 2269 quod

146 2293 188 2313 eo
205 2282 274 2312 ads.
293 2280 487 2321 Thespriom·
495 2281 667 2312 continuat
680 2279 713 2309 A
812 2280 849 2317 9⁰⁴
872 2277 958 2308 uelis
975 2275 1008 2306 P
1098 2286 1137 2306 10
1161 2275 1308 2305 habitior
1324 2273 1479 2304 Donatus

145 2325 232 2356 Eun.
252 2335 281 2360 2,
302 2335 332 2364 2,
357 2334 406 2362 11,
424 2324 554 2355 Paulus
579 2334 639 2354 102
656 2323 761 2353 locum
785 2332 850 2352 non
875 2320 1032 2356 indicam,
1053 2323 1134 2359 corp.
1149 2318 1250 2359 gloss.
1277 2317 1334 2348 lat.
1361 2325 1392 2355 5,
1413 2325 1478 2355 72:

147 2369 266 2399 abilior
285 2368 317 2398 Α
337 2379 344 2398 :
367 2367 488 2406 agilior
509 2367 543 2397 P
669 2376 707 2405 13
731 2370 765 2396 te
781 2375 846 2396 om.
864 2364 898 2394 P
983 2363 1040 2394 vix
1053 2363 1083 2393 is
1098 2361 1131 2392 A
1154 2361 1204 2403 (ιβ
1224 2360 1271 2391 ad
1285 2360 1378 2390 Cure.
1398 2359 1476 2400 611)

149 2421 187 2452 14
212 2411 361 2443 curculio
377 2411 411 2441 Ρ
522 2412 561 2441 16
583 2410 720 2450 quidem
736 2408 769 2439 Ρ
879 2417 916 2446 17
943 2405 1035 2444 aisJ

1539 239 1552 274 i
