1814 2723
145 65 215 102 IV.
237 64 314 100 viii
650 63 696 99 T.
730 60 910 100 MACCI
942 60 1145 98 PLAVTI

142 218 219 254 viii
325 217 710 256 CLEOMACHvs
768 216 1092 252 NICOBVLVS
1149 214 1483 252 CHRvsALvs

240 304 310 342 CL.
345 305 532 341 Meamne
554 302 618 340 hic
641 301 924 348 Mnesilochus,
948 299 1135 338 Nicobuli
1156 299 1268 346 filius,

238 381 307 417 per
327 369 408 406 uim
429 375 471 406 ut
491 367 655 405 retineat
675 366 908 404 mulierem?
938 378 1038 415 quae
1058 366 1156 403 haec
1176 364 1361 402 factiost?

240 435 305 472 N1.
339 433 425 483 quis
446 433 576 471 illest?
633 433 710 471 CH.
743 445 811 481 per
831 439 987 481 tempus
1008 430 1072 468 hic
1093 429 1200 468 uenit
1221 429 1332 467 miles
1354 427 1460 467 mihi.

241 499 310 537 CL.
343 511 425 536 non
446 511 509 535 me
529 496 734 535 arbitratur
755 496 919 534 militem
941 496 1011 534 sed
1032 495 1246 541 mulierem,
1587 505 1651 550 345

202 578 218 608 5
240 565 306 612 qui
328 576 391 600 me
412 575 601 612 meosque
621 575 701 600 non
723 575 865 611 queam
886 561 1108 599 defendere.

240 641 331 665 nam
352 640 481 676 neque
504 628 669 664 Bellona
689 626 741 664 mi
763 638 952 675 umquam
974 637 1104 674 neque
1126 625 1233 661 Mars
1253 624 1428 672 creduat,

240 692 280 729 ni
300 692 409 730 illum
431 691 690 729 exanimalem
711 692 813 738 faxo,
834 690 864 728 si
886 702 1122 736 conuenero,

240 756 331 794 niue
352 757 587 794 exheredem
608 757 737 794 fecero
758 755 861 793 uitae
883 768 986 793 suae.

242 823 307 860 N1.
341 822 538 871 Chrysale,
562 821 648 871 quis
668 821 732 859 ille
753 828 810 859 est
832 821 898 870 qui
920 820 1119 858 minitatur
1140 819 1249 858 filio?
1587 821 1656 866 850

182 897 222 920 10
243 887 319 925 CH.
352 886 410 924 uir
429 886 493 924 hic
514 894 571 924 est
591 886 693 924 illius
714 886 885 924 mulieris
907 899 1077 935 quacum
1097 885 1273 923 accubat.

243 952 308 989 N1.
340 951 449 1000 quid,
490 951 576 989 uir?
652 952 728 990 CH.
761 951 830 998 uir,
872 950 1045 1000 inquam.
1106 951 1172 988 N1.
1204 955 1354 999 nuptan
1393 956 1452 987 est
1489 947 1564 994 illa,

1375 1026 1539 1063 opsecro
1552 1015 1569 1051 ?

242 1082 318 1120 CH.
351 1080 449 1119 scies
471 1082 549 1119 hau
570 1083 695 1119 multo
716 1089 814 1131 post.
876 1082 942 1119 N1.
975 1079 1125 1130 oppido
1145 1078 1272 1117 interii
1293 1077 1419 1116 miser.

241 1146 318 1185 CH.
351 1146 446 1195 quid
466 1148 603 1184 nunc?
632 1147 819 1184 scelestus
840 1145 910 1183 tibi
931 1145 1088 1183 uidetur
1108 1144 1350 1194 Chrysalus?

239 1224 310 1261 age
330 1224 436 1249 nunc
456 1211 606 1249 uincito
626 1225 701 1259 me,
723 1212 943 1249 auscultato
964 1210 1054 1248 filio.
1587 1212 1653 1257 855

183 1291 218 1322 ยน5
239 1275 345 1313 dixin
367 1276 437 1314 tibi
460 1290 533 1326 ego
553 1276 663 1314 illum
684 1276 938 1314 inuenturum
959 1283 998 1313 te
1018 1274 1135 1325 quali'
1156 1273 1233 1312 sit?

240 1341 305 1378 N1.
338 1341 434 1390 quid
454 1355 561 1380 nunc
581 1355 655 1391 ego
674 1341 846 1379 faciam?
903 1341 979 1380 CH.
1012 1340 1104 1378 iube
1125 1339 1176 1378 sis
1200 1352 1264 1378 me
1288 1338 1437 1377 exsolui
1464 1338 1543 1376 cito
1557 1352 1568 1386 3

238 1419 329 1443 nam
351 1406 390 1443 ni
412 1420 484 1456 ego
505 1408 696 1454 exsoluor,
719 1406 797 1444 iam
818 1407 1040 1444 manufesto
1061 1405 1264 1444 hominem
1285 1403 1491 1454 opprimet.

239 1472 308 1511 CL.
341 1471 438 1509 nihil
460 1480 516 1510 est
537 1471 633 1510 lucri
654 1473 762 1522 quod
783 1485 846 1510 me
866 1471 986 1510 hodie
1006 1473 1135 1509 facere
1154 1470 1350 1518 mauelim,

239 1550 359 1586 quarn
380 1537 490 1575 illum
511 1538 723 1575 cubantem
744 1551 833 1575 curn
855 1536 920 1574 illa
941 1536 1171 1586 opprimere,
1193 1536 1313 1573 ambo
1333 1543 1375 1573 ut
1396 1548 1545 1574 necem.
1588 1537 1657 1572 860

179 1615 220 1637 20
241 1603 318 1641 CH.
350 1601 472 1640 audin
493 1600 599 1652 quae'
614 1602 815 1652 loquitur?
844 1601 939 1652 quin
961 1609 1002 1639 tu
1024 1612 1086 1640 me
1107 1600 1255 1640 exsolui
1276 1600 1417 1638 iubes?

240 1667 306 1705 NI.
340 1667 529 1705 exsoluite
550 1668 678 1705 istum.
738 1667 847 1717 perii,
868 1667 1049 1717 pertimui
1070 1667 1196 1705 miser.

238 1733 309 1771 CL.
341 1739 425 1770 tum
446 1732 566 1780 illam,
587 1745 688 1782 quae
709 1745 850 1782 corpus
871 1729 1045 1782 publicat
1066 1733 1185 1781 uolgo
1206 1744 1329 1778 suom,

237 1799 326 1836 faxo
346 1811 387 1836 se
408 1799 485 1836 hau
507 1797 612 1836 dicat
633 1805 789 1836 nactam
810 1812 929 1848 quem
951 1798 1137 1836 derideat.

239 1864 315 1901 CH.
348 1862 492 1912 pacisci
514 1876 604 1901 cum
626 1863 692 1901 illo
714 1865 886 1913 paullula
906 1863 1074 1914 pecunia
1584 1862 1650 1908 865

181 1944 217 1975 25
237 1935 361 1977 potes.
421 1929 486 1966 N1.
518 1928 673 1978 pacisce
694 1943 799 1979 ergo,
820 1943 995 1979 opsecro,
1019 1929 1114 1979 quid
1134 1928 1206 1968 tibi
1226 1929 1345 1973 lubet,

238 1993 333 2030 dum
354 2006 404 2031 ne
425 1995 647 2032 manufesto
669 1994 871 2032 hominem
894 1993 1089 2044 opprimat
1109 1993 1200 2032 niue
1222 1992 1359 2031 enicet.

239 2059 308 2097 CL.
339 2071 445 2097 nunc
466 2059 539 2097 nisi
561 2060 721 2098 ducenti
743 2059 914 2110 Philippi
934 2060 1152 2098 redduntur
1172 2058 1279 2105 mihi,

236 2122 313 2160 iam
334 2123 489 2162 illorum
510 2138 582 2174 ego
602 2125 775 2162 animam
794 2125 1002 2162 amborum
1024 2123 1241 2162 exsorbebo
1261 2122 1420 2173 oppido.

237 2189 274 2251 N
281 2201 303 2227 1.
336 2203 398 2227 em
420 2190 509 2228 illoc
530 2189 695 2240 pacisce,
719 2190 749 2227 si
770 2197 899 2240 potest
916 2204 926 2237 3
955 2203 1082 2239 perge,
1105 2201 1279 2239 opsecro,
1584 2184 1653 2226 870

280 2294 343 2329 852
369 2297 473 2331 nupta
489 2291 555 2322 cod.
667 2293 732 2331 856
755 2293 814 2323 tibi
848 2291 904 2322 del.
938 2292 1090 2332 Kcremps
1127 2291 1189 2321 siet
1207 2290 1272 2321 cod.
1379 2291 1442 2329 863
1467 2289 1562 2320 illaec

237 2336 326 2366 Bach
417 2336 481 2365 866
507 2336 635 2374 (e187o.
651 2336 731 2374 8715
749 2336 883 2375 pacisce
894 2335 1016 2366 Bothe:
1033 2335 1204 2374 paciscere
1215 2333 1280 2366 cod.
1370 2335 1435 2373 869
1451 2344 1504 2372 eg.
1516 2333 1559 2365 ill.

236 2379 390 2419 Kaemps
469 2379 534 2418 870
550 2383 647 2417 potes
657 2378 732 2409 PCD
