1742 2718
685 74 1003 114 MERCATOR
1435 69 1502 106 IV.
1525 67 1538 104 i

184 190 247 227 ὃν.
280 187 449 239 disperii,
471 187 566 238 perii
588 187 738 233 misera,
762 200 834 225 uae
855 185 1018 224 miserae
1039 182 1159 221 mihi!
1532 189 1570 221 15

188 256 263 292 Do.
296 253 396 292 satin
417 261 458 291 tu
480 254 617 299 sana's,
639 253 833 302 opsecro?
863 250 958 300 quid
980 249 1130 288 eiulas?

184 321 247 358 Sx'.
283 318 469 368 Dorippa,
494 331 581 356 mea
604 317 790 367 Dorippa.
853 317 928 354 Do.
962 314 1058 364 quid
1079 314 1235 358 clamas,
1260 310 1453 361 opsecro?

184 386 247 422 ΞΥ.
280 383 554 433 nescioquaest
575 382 712 421 mulier
732 382 836 419 intus
857 380 921 418 hic
942 379 981 417 in
1001 378 1177 417 aedibus,

97 452 163 496 685
188 451 262 486 Do.
293 448 399 498 quid,
423 447 590 486 mulier?
646 448 708 485 Sv.
732 446 871 484 mulier
890 443 1079 484 meretrix.
1141 444 1217 480 Do.
1241 453 1363 480 ueron
1384 438 1513 478 serio?

186 515 248 552 ΞΥ.
282 513 447 551 nimium
470 512 544 551 scis
565 526 700 562 sapere
721 511 796 549 ruri
817 524 918 561 quae
939 523 1019 548 non
1041 507 1239 547 manseris.
1535 512 1575 534 20

185 577 390 628 quamueis
411 577 598 628 insipiens
619 584 770 627 poterat
790 575 1071 626 persentiscere

188 659 204 677 ἢῆ
319 657 336 676 9.(
451 656 468 675 >k
583 657 600 676 tl<
715 655 732 675 ἃ(
845 654 864 675 *

186 708 291 746 illam
312 722 396 747 esse
416 708 583 746 amicam
605 707 661 746 tui
682 707 753 745 uiri
773 705 1000 745 bellissumi.

189 776 266 812 Do.
298 775 417 812 credo
439 781 641 821 mecastor.
703 775 765 811 ΞΥ.
798 772 809 809 i
830 773 904 810 hac
926 783 1093 817 mecum,
1117 776 1159 806 ut
1179 767 1315 806 uideas
1336 766 1461 805 semul

100 841 170 884 690
187 847 295 877 tuam
316 841 578 877 Alcumenam
600 837 804 889 paelicem,
826 838 928 874 Iuno
950 849 1105 874 mea.—

190 906 265 942 Do.
298 912 449 942 ecastor
470 916 563 942 uero
585 902 683 941 istuc
704 915 752 941 eo
773 909 964 952 quantum
986 907 1183 950 potest.—
1539 905 1577 936 25

673 1013 1038 1050 LYSIMACHVS
1537 1008 1567 1044 ii

192 1098 261 1135 Lv.
294 1099 489 1135 Parumne
510 1095 568 1133 est
588 1093 703 1132 malai
724 1093 777 1132 rei
798 1094 906 1143 quod
926 1099 1031 1130 amat
1053 1089 1265 1141 DemiphO,

191 1163 231 1201 ni
252 1170 506 1213 sumptuosus
527 1161 685 1210 insuper
705 1159 823 1197 etiarn
844 1158 946 1196 siet?

191 1230 331 1267 decem
352 1229 384 1266 si
405 1233 585 1266 uocasset
606 1237 781 1263 summos
802 1225 852 1262 ad
873 1236 1013 1262 cenam
1034 1221 1149 1269 uiros,

104 1299 170 1344 695
192 1294 357 1332 nimium
379 1291 598 1343 opsonanit.
659 1291 728 1328 sed
750 1302 910 1339 coquos,
933 1287 1044 1338 quasi
1065 1287 1104 1325 in
1125 1285 1221 1324 mari

191 1361 290 1397 solet
310 1360 485 1397 hortator
504 1355 668 1405 remiges
689 1354 886 1401 hortarier,
1538 1364 1557 1395 5

191 1425 244 1463 ita
263 1425 500 1463 hortabatur.
559 1429 715 1473 egomet
736 1420 908 1460 conduxi
928 1433 1111 1470 coquom.

192 1491 262 1528 sed
283 1503 373 1528 eum
394 1489 566 1528 demiror
586 1502 666 1526 non
687 1487 822 1526 uenire
842 1494 885 1525 ut
904 1486 1103 1524 iusseram.

193 1556 263 1594 sed
284 1555 376 1593 hinc
397 1556 559 1605 quinam
579 1567 602 1592 a
623 1553 738 1592 nobis
760 1553 866 1592 exit?
894 1551 1064 1602 aperitur
1083 1550 1185 1589 foris.

490 1668 748 1704 DORIPPA
860 1665 1226 1702 LvslMACHvs
1544 1659 1589 1696 iii

109 1759 177 1794 700
197 1749 273 1786 DO.
308 1748 490 1787 Miserior
510 1747 648 1786 mulier
668 1760 732 1785 me
752 1760 826 1785 nec
846 1746 912 1784 fiet
933 1758 1006 1783 nec
1026 1743 1109 1791 fuit,

195 1813 262 1851 tali
282 1813 366 1852 uiro
387 1827 488 1864 quae
509 1812 719 1862 nupserim.
780 1813 857 1849 heu
878 1809 1042 1848 miserae
1064 1807 1159 1845 mihi
1177 1811 1183 1845 ἒ

195 1892 258 1917 ern
279 1878 373 1929 quoi
393 1886 431 1917 te
451 1886 489 1917 et
509 1885 576 1916 tua
596 1891 697 1927 quae
717 1884 758 1914 tu
779 1876 926 1914 habeas
947 1874 1204 1913 commendes
1225 1872 1319 1919 uiro,

196 1958 259 1983 em
280 1943 373 1994 quoi
394 1945 533 1982 decem
554 1944 700 1980 talenta
721 1941 824 1979 dotis
845 1939 979 1986 detuli,

197 2011 295 2047 haec
316 2016 358 2046 ut
378 2008 566 2054 uiderem,
589 2014 631 2045 ut
652 2007 790 2045 ferrern
811 2006 881 2043 has
902 2003 1161 2043 contumelias
1178 2006 1184 2041 ἕ
1548 2009 1565 2041 5

242 2113 393 2151 681—713
413 2111 614 2151 paucissima
640 2113 768 2140 servata
794 2109 828 2139 in
852 2108 886 2138 A
1029 2109 1089 2137 681
1117 2106 1263 2146 dispersi
1291 2104 1324 2136 P
1464 2106 1527 2144 683

200 2155 340 2196 clamas]
355 2155 437 2194 sort.
464 2165 552 2186 nunc
581 2155 625 2195 (v.
656 2153 701 2193 Ι),
729 2163 811 2183 nam
836 2153 996 2192 Dorippa.
1024 2151 1104 2191 quid
1132 2151 1258 2182 clamas
1283 2150 1340 2180 vix
1352 2148 1527 2189 ferendum

199 2202 261 2239 687
281 2203 357 2240 post
373 2199 460 2230 hunc
474 2209 502 2229 v.
524 2198 611 2228 alius
628 2197 663 2227 in
679 2196 712 2226 A
732 2196 862 2227 extabat
1002 2197 1067 2233 689
1091 2194 1123 2225 ei
1142 2193 1207 2225 cod.
1232 2194 1385 2234 (antiqua
1392 2193 1527 2232 forma)

197 2245 263 2282 694
287 2243 328 2274 ad
351 2253 469 2274 cenam
491 2246 646 2273 uocasset
666 2250 814 2271 summos
833 2239 918 2270 cod.:
944 2239 1016 2269 irai.
1038 2237 1104 2269 Leo
1249 2239 1313 2278 695
1337 2236 1387 2267 vel
1399 2236 1527 2275 quamsi

198 2289 261 2326 697
279 2297 419 2326 coquam
434 2285 498 2317 cod.
590 2286 655 2324 699
677 2284 812 2323 quinam
829 2283 907 2313 hinc
924 2281 987 2313 cod.
1007 2293 1014 2312 :
1036 2283 1108 2313 trai.
1122 2280 1249 2313 Sclzoell
1262 2293 1269 2312 ε
1285 2281 1340 2320 qui
1358 2280 1435 2310 hinc
1452 2289 1527 2310 nam

200 2331 260 2360 alii
389 2339 452 2368 703
476 2329 637 2360 talentam
654 2327 720 2358 cod.
