1814 2723
188 65 319 102 111.v
698 66 743 102 T.
778 65 957 104 MACCI
991 66 1195 103 PLAVTI

285 174 363 213 iarn
383 176 504 214 hosce
522 177 724 226 apsolutos
745 187 928 214 censeas:
961 177 1117 223 cedunt,
1140 184 1280 227 petunt

284 239 440 286 treceni,
464 254 585 290 quom
606 248 709 278 stant
730 240 958 290 thylacistae
978 240 1018 278 in
1038 240 1142 279 atriis

222 314 263 345 45
284 312 451 344 textores
471 305 693 353 limbularii‚
712 305 899 343 arcularii.

282 370 489 417 ducuntur,
513 371 627 408 datur
645 383 722 408 aes.
772 369 850 408 iam
870 372 1072 421 apsolutos
1092 385 1264 420 censeas,
1297 395 1299 398 -

282 447 403 484 quom
423 435 613 474 incedunt
633 435 842 474 infectores
863 436 1078 484 corcotarii,

280 507 347 538 aut
366 500 498 550 aliqua
518 502 621 538 mala
640 513 733 538 crux
753 513 908 551 semper
928 508 987 539 est
1006 515 1108 551 quae
1128 501 1277 551 aliquid
1297 508 1414 552 petat.

282 566 379 603 Evc.
411 567 688 615 compellarem
710 579 782 616 ego
803 565 927 613 illum,
947 565 987 603 ni
1008 573 1181 604 metuam
1202 579 1252 604 ne
1272 565 1425 605 desinat

220 646 261 677 50
281 643 498 669 memorare
518 644 646 670 mores
667 631 875 670 mulierum
892 647 899 669 :
929 645 1035 669 nunc
1056 631 1111 670 sic
1131 631 1267 669 sinam.

281 696 364 732 ME.
396 696 463 734 ubi
485 696 721 746 nugigerulis
742 709 801 734 res
823 698 950 735 soluta
970 704 1028 735 est
1049 696 1244 743 omnibus,

278 759 332 797 ibi
352 762 403 799 ad
423 769 667 810 postremum
688 760 793 799 cedit
814 761 936 809 miles,
959 775 1025 799 aes
1045 760 1152 811 petit.

277 824 363 872 itur,
385 834 543 876 putatur
563 826 660 864 ratio
681 840 772 864 cum
792 826 1010 876 argentario
1025 841 1034 874 ;

278 890 388 928 miles
408 890 616 941 inpransus
635 899 746 938 astat,
768 905 834 930 aes
855 899 989 931 censet
1009 891 1101 930 dari.

215 971 255 1002 55
277 955 344 993 ubi
365 955 563 1006 disputata
583 964 641 994 est
660 956 757 995 ratio
775 970 865 995 curn
885 957 1114 1007 argentario,

276 1020 394 1058 etiam
414 1021 521 1071 ipsus
542 1023 643 1060 ultro
664 1022 784 1060 debet
803 1022 1021 1072 argentario
1038 1038 1045 1061 :

274 1099 363 1136 spes
384 1095 612 1137 prorogatur
633 1086 746 1124 militi
768 1087 808 1125 in
827 1087 949 1125 alium
970 1087 1086 1126 diem.

273 1152 372 1190 haec
392 1159 483 1189 sunt
502 1159 621 1202 atque
641 1151 740 1190 aliae
762 1154 908 1191 multae
928 1152 968 1190 in
989 1152 1140 1202 magnis
1162 1151 1322 1191 dotibus

272 1215 618 1255 incommoditates
640 1224 900 1267 sumptusque
919 1216 1194 1256 intolerabiles.

209 1288 252 1319 60
272 1294 364 1319 narn
384 1295 485 1331 quae
505 1281 684 1321 indotata
705 1290 774 1329 est,
797 1295 843 1320 ea
862 1281 902 1319 in
923 1289 1117 1332 potestate
1137 1290 1195 1320 est
1215 1281 1287 1320 uiri
1302 1297 1312 1330 3

271 1348 430 1385 dotatae
450 1354 624 1385 mactant
644 1354 682 1385 et
704 1349 809 1385 malo
829 1355 867 1385 et
888 1348 1036 1386 damno
1056 1347 1171 1386 uiros.

272 1413 341 1450 sed
362 1425 500 1450 eccum
520 1413 694 1451 adfinem
715 1420 806 1451 ante
825 1412 945 1451 aedis.
1004 1412 1101 1462 quid
1120 1412 1213 1463 agis,
1238 1411 1407 1451 Euclio?

207 1526 252 1562 vi
597 1526 812 1563 Evctlo
923 1526 1281 1563 MEGADORVS

274 1608 370 1645 Evc.
403 1606 582 1645 Nimium
603 1603 785 1645 lubenter
805 1607 870 1646 edi
890 1612 1113 1646 sermonem
1135 1614 1256 1646 tuom.

274 1673 356 1710 ME.
388 1685 438 1710 an
457 1671 673 1711 audiuisti?
731 1674 829 1710 Evc.
862 1675 987 1723 iisque
1006 1686 1030 1711 a
1049 1671 1242 1723 principio
1263 1670 1407 1710 omnia.

272 1738 355 1774 ME.
387 1745 520 1776 tamen
541 1736 631 1776 meo
652 1737 814 1788 quidem
834 1737 968 1776 animo
987 1737 1191 1788 aliquanto
1210 1736 1328 1775 facias
1349 1735 1501 1783 rectius,

270 1800 302 1839 si
322 1801 481 1840 nitidior
501 1802 552 1840 sis
573 1802 665 1841 filiai
687 1803 844 1854 nuptiis.

233 1876 250 1906 5
271 1868 369 1905 Evc.
401 1881 472 1917 pro
492 1881 532 1906 re
552 1867 720 1906 nitorem
744 1876 782 1908 et
801 1868 963 1920 gloriam
985 1882 1056 1920 pro
1076 1869 1190 1920 copia

270 1931 337 1981 qui
358 1932 516 1980 habent,
541 1933 806 1973 meminerunt
827 1948 912 1973 sese
932 1936 1039 1974 unde
1060 1933 1215 1973 oriundi
1236 1933 1347 1973 sient.

269 2010 399 2047 neque
417 1999 495 2047 pol,
520 2000 748 2049 Megadore,
774 1999 870 2038 mihi
891 2013 1021 2050 neque
1042 1999 1257 2050 quoiquam
1277 1997 1440 2049 pauperi

311 2102 375 2140 518
398 2101 609 2142 phylacistae
627 2103 688 2134 cod.
709 2116 715 2135 :
740 2115 819 2135 corr.
837 2103 1057 2135 Wilamowz'lz
1144 2114 1209 2143 519
1231 2103 1411 2134 limbolarii
1425 2101 1496 2142 (wi)
1510 2101 1599 2134 codd.

267 2144 372 2175 Nonii
378 2155 438 2184 541
453 2157 460 2176 :
484 2146 652 2177 limbuarii
668 2147 752 2187 (PE)
766 2148 816 2178 vel
824 2148 980 2179 linbuarii
993 2147 1088 2189 (BD)
1102 2147 1166 2178 cod.
1236 2146 1386 2177 alcularii
1399 2145 1487 2177 codd,
1500 2145 1606 2176 Nonii

1536 2199 1598 2228 521

263 2241 355 2264 croc,
373 2232 449 2269 cod,
464 2233 563 2264 etiam
583 2234 668 2265 codd.
689 2234 775 2265 Non.
795 2245 859 2274 549
947 2245 1010 2274 522
1028 2236 1064 2274 cf
1084 2233 1130 2265 ad
1143 2243 1207 2272 510
1296 2243 1360 2273 525
1378 2233 1601 2272 nugigerulus

266 2285 343 2307 corr.
361 2276 416 2307 -lis
433 2276 496 2307 cod.
516 2289 523 2308 ε
554 2278 759 2317 nugiuendis
777 2282 915 2309 testatur
927 2279 1060 2311 Nonius
1078 2288 1138 2317 144
1264 2287 1328 2316 530
1352 2277 1448 2316 ipsus
1466 2276 1599 2306 Lambi-

265 2329 351 2350 nus:
378 2320 454 2359 plus
471 2321 565 2360 ipsus
586 2321 650 2351 cod.
672 2321 729 2359 (iv.
747 2322 782 2360 3)
926 2331 988 2360 537
1013 2321 1068 2352 edi
1092 2332 1167 2351 cum
1181 2321 1295 2362 glossa
1311 2326 1467 2360 superscr.
1487 2319 1600 2351 audivi

264 2362 341 2402 cod„
363 2364 416 2394 edi
434 2364 530 2393 eliam
548 2364 634 2395 codd.
652 2364 756 2394 Nonii
769 2375 833 2404 454
951 2366 1015 2404 538
1039 2365 1108 2395 Ain
1124 2364 1171 2394 B¹
1293 2374 1357 2403 539
1381 2368 1515 2395 tamene
1531 2363 1596 2395 cod.

264 2405 543 2446 (antiquaforma
555 2408 580 2447 2)
655 2417 717 2446 542
743 2408 956 2438 meminerint
970 2409 1003 2438 Β
1077 2418 1139 2447 543
1163 2409 1342 2448 quicquam
1360 2407 1425 2438 cod.
1443 2408 1522 2449 (non
1536 2406 1597 2448 ΡΙ)

267 2198 331 2227 520
356 2189 422 2219 iarn
438 2189 561 2221 Bothe:
587 2191 652 2221 iam
671 2192 774 2222 hosce
793 2191 860 2224 cod.
879 2192 931 2232 (qs.
948 2192 1027 2232 517)
1127 2201 1186 2221 aes
1202 2190 1260 2222 del.
1280 2189 1407 2221 Scltoell

1635 386 1702 423 520

1633 709 1699 746 525

1628 1033 1697 1070 530

1627 1359 1692 1396 535

1623 1813 1690 1849 540
