1814 2723
146 59 214 94 IV.
239 56 315 92 viii
653 56 699 92 T.
733 53 913 92 MACCI
946 53 1150 90 PLAVTI

241 167 312 206 CL.
344 165 412 204 ubi
433 179 537 204 nunc
561 164 834 203 Mnesilochus
856 165 1012 213 ergost?
1070 164 1146 202 CH.
1179 177 1243 201 rus
1264 162 1369 201 misit
1388 169 1507 213 pater.

240 232 304 270 illa
324 239 456 270 autem
477 230 517 269 in
537 244 667 268 arcem
687 228 812 267 abiuit
831 229 972 267 aedem
992 227 1118 266 uisere
1587 242 1658 277 900

179 303 221 333 60
243 297 458 335 Mineruae.
517 309 623 333 nunc
643 300 823 344 apertast.
884 293 906 340 i,
929 292 1012 331 uise
1033 300 1142 331 estne
1162 292 1227 331 ibi.

241 363 312 401 CL.
330 361 431 399 abeo
447 361 497 398 ad
511 361 639 398 forum
656 358 780 409 igitur.
823 359 899 398 CH.
919 359 982 396 uel
999 359 1128 396 hercle
1155 357 1158 408 Ι
1185 358 1225 395 in
1239 359 1382 395 malam
1399 370 1566 395 crucem.

241 428 311 466 CL.
344 424 463 463 hodie
484 424 635 474 exigam
655 437 793 462 aurum
816 424 922 461 hoc?
980 424 1057 462 CH.
1090 422 1209 472 exige,
1227 436 1273 461 ac
1294 423 1492 473 suspende
1508 428 1569 460 te:

241 505 290 530 ne
311 490 530 540 supplicare
551 502 722 536 censeas,
746 488 857 526 nihili
879 489 1069 526 homo.-

241 556 305 594 ille
326 563 383 594 est
403 562 568 593 amotus
629 553 713 592 sine
734 567 797 592 me
817 551 903 604 (per
923 560 975 597 te,
996 566 1072 600 ere,
1092 566 1257 603 opsecro
1588 564 1654 601 905

179 626 220 668 65
241 623 337 660 deos
358 618 594 670 inmortalis)
614 619 668 657 ire
690 620 768 657 hue
788 618 891 656 intro
911 619 962 656 ad
984 618 1118 656 filium.

242 689 307 725 N1.
340 686 435 736 quid
456 699 504 724 eo
524 684 735 723 introibis?
793 685 869 724 CH.
903 691 945 721 ut
965 697 1056 722 eum
1077 682 1191 722 dictis
1211 682 1402 733 plurumis

238 751 435 801 castigem,
459 764 581 800 quom
602 751 700 788 haee
720 749 775 788 sic
796 751 898 787 facta
917 750 968 787 ad
989 750 1095 786 hunc
1114 747 1229 786 faciat
1250 748 1424 786 modum.

240 818 306 855 N1.
339 816 462 854 immo
483 829 552 854 oro
572 822 615 854 ut
635 814 765 861 facias,
790 815 990 864 Chrysale,
1014 821 1052 852 et
1072 814 1139 851 ted
1160 826 1335 863 opsecro,

240 895 337 921 caue
357 881 478 932 passis
499 881 539 918 in
560 894 650 919 eum
672 880 812 918 dicere.
874 880 951 918 CH.
984 878 1102 917 etiam
1123 891 1186 916 me
1207 878 1375 916 mones?
1590 889 1661 925 910

183 960 222 994 70
241 947 341 986 satin
362 954 420 986 est
441 946 472 984 si
493 948 603 996 plura
623 959 670 984 ex
690 958 753 983 me
773 944 907 983 audiet
928 943 1048 982 hodie
1068 944 1171 981 mala

240 1026 360 1063 quam
380 1011 532 1050 audiuit
553 1024 742 1060 umquam
765 1009 894 1049 Clinia
914 1023 961 1047 ex
983 1007 1186 1047 Demetrio
1197 1008 1268 1046 Ρ-

241 1080 307 1116 N1.
339 1076 435 1127 lippi
456 1076 533 1115 illic
555 1076 658 1115 oculi
679 1089 814 1114 seruos
836 1082 894 1113 est
915 1073 1159 1113 simillimus:

240 1142 271 1181 si
293 1156 373 1181 non
394 1149 465 1189 est,
486 1141 586 1180 nolis
607 1154 692 1180 esse
713 1154 843 1190 neque
864 1139 1062 1178 desideres
1078 1154 1088 1186 3

242 1207 273 1246 si
294 1215 362 1255 est,
385 1207 581 1257 apstinere
601 1206 696 1256 quin
716 1205 883 1256 attingas
905 1218 986 1243 non
1007 1217 1139 1254 queas.
1590 1213 1658 1251 915

184 1282 222 1317 75
243 1287 334 1311 nam
355 1272 395 1310 ni
416 1272 493 1311 illic
514 1272 633 1310 hodie
653 1273 752 1309 forte
773 1272 929 1309 fortuna
949 1269 1013 1308 hie
1033 1271 1142 1315 foret,

243 1337 354 1376 miles
376 1336 671 1376 Mnesilochum
693 1349 784 1375 cum
808 1349 928 1373 uxore
948 1334 1187 1385 opprimeret
1206 1347 1277 1372 sua

241 1410 359 1453 atque
380 1409 629 1453 optruncaret
651 1402 863 1440 moechum
885 1399 1219 1438 manufestarium.

241 1482 347 1506 nunc
368 1468 479 1518 quasi
500 1467 680 1506 ducentis
703 1466 894 1517 Philippis
915 1465 992 1505 emi
1013 1465 1147 1511 filium,

241 1547 342 1583 quos
363 1534 455 1571 dare
476 1532 637 1583 promisi
658 1532 794 1570 militi:
825 1545 925 1582 quos
946 1545 1027 1569 non
1048 1531 1155 1569 dabo
1591 1538 1665 1573 920v

181 1609 224 1640 80
243 1606 389 1637 temere
410 1597 527 1636 etiam
548 1598 645 1648 priu'
666 1611 785 1648 quam
806 1597 930 1636 filium
951 1609 1187 1635 conuenero.

243 1677 461 1714 numquam
483 1665 626 1713 edepol
646 1663 860 1714 quicquam
882 1670 1027 1701 temere
1049 1662 1207 1700 credam
1229 1662 1419 1711 Chrysalo
1434 1675 1444 1707 ,-

244 1743 380 1768 uerum
402 1730 511 1768 lubet
531 1729 648 1768 etiam
670 1729 723 1767 mi
744 1731 814 1767 has
834 1730 1028 1779 pellegere
1049 1728 1181 1766 denuo
1198 1741 1205 1764 ι

244 1802 452 1846 aequomst
473 1794 625 1834 tabellis
646 1794 885 1845 consignatis
906 1795 1132 1832 credere.—

181 1963 226 2000 ix
740 1959 1076 1998 CHRYSALvs

245 2051 321 2090 CH.
355 2049 517 2088 Atridae
537 2051 618 2088 duo
639 2051 772 2088 fratres
793 2050 925 2087 cluent
946 2047 1084 2086 fecisse
1105 2046 1256 2085 facinus
1277 2058 1519 2092 maxumum,
1592 2059 1658 2096 925

244 2129 365 2166 quom
388 2114 530 2153 Priami
551 2114 715 2165 patriam
738 2116 971 2164 Pergamum
992 2111 1127 2151 diuina
1148 2110 1366 2150 moenitum
1388 2123 1507 2147 manu

248 2242 256 2253 N
286 2229 352 2257 900
376 2217 456 2248 abiit
486 2217 552 2248 cod.
713 2228 777 2257 902
815 2218 868 2248 uel
892 2215 972 2259 (tu)
1002 2216 1034 2247 h.
1067 2216 1100 2245 in
1132 2215 1376 2254 Kampmamz:
1403 2213 1483 2253 fort.
1518 2211 1572 2243 uel

243 2263 275 2294 h.
291 2261 345 2304 (i)
357 2262 391 2291 in
533 2272 596 2300 904
620 2260 727 2303 (nos)
743 2261 840 2292 nihili
862 2260 994 2301 Ussing,
1012 2270 1092 2290 nam
1111 2258 1206 2289 nihili
1225 2257 1368 2298 displicet
1506 2257 1572 2296 908

243 2306 291 2337 sic
308 2306 396 2336 sacta
415 2305 647 2336 Camertin'zcs:
671 2305 759 2336 facta
782 2305 830 2336 sic
850 2303 916 2336 cod.
978 2300 1001 2310 Ι
1061 2303 1189 2343 922-61
1217 2300 1310 2332 habet
1330 2300 1363 2331 A
1507 2309 1572 2339 922

243 2355 370 2381 temere
386 2348 563 2389 quicquam
581 2349 613 2378 A
