1742 2718
99 1037 164 1081 865

676 71 1022 110 AMPHITRVO

1453 71 1507 107 II.
1526 68 1557 106 ii

183 186 256 222 AL.
289 183 405 222 nimis
425 189 577 221 ecastor
597 181 747 220 facinus
769 181 910 219 mirum
932 187 990 218 est
1012 180 1079 229 qui
1099 178 1153 217 illi
1175 178 1408 217 conlibitum
1430 179 1502 217 siet

184 262 274 287 meo
295 248 379 286 uiro
399 248 455 286 sic
475 261 539 285 me
559 246 784 285 insimulare
805 247 902 283 falso
924 244 1075 283 facinus
1097 252 1177 282 tam
1198 245 1357 281 malum.

97 313 167 348 860
184 313 379 364 quidquid
413 321 482 360 est,
518 312 596 350 iam
646 325 692 350 ex
743 312 941 349 Naucrate
985 317 1155 360 cognato
1200 308 1241 347 id
1275 322 1513 359 cognoscam
1536 325 1597 356 230

657 561 896 608 ACTVS
950 560 1029 607 III

715 672 989 708 IVPPITER

1357 387 1515 412 [EGO.—

186 773 244 811 IV.
277 774 363 823 Ego
383 785 470 810 sum
491 769 827 821 illevAmphitruQ
851 769 960 819 quoii
981 777 1040 807 est
1060 781 1196 807 seruos
1217 767 1340 814 Sosia,

184 838 291 876 idem
314 836 532 875 Mercurius
553 835 620 886 qui
641 837 683 873 fit
704 836 866 885 quando
887 834 1194 880 commodumst,

183 903 224 940 in
244 902 442 952 superiore
463 901 531 952 qui
551 901 687 939 habito
708 902 910 947 cenaculo,

185 967 252 1017 qui
272 966 470 1005 interdum
492 967 544 1003 fio
567 965 743 1015 Iuppiter
765 966 927 1015 quando
947 964 1057 1003 lubet
1070 979 1081 1012 5

185 1034 263 1071 huc
282 1040 415 1071 autem
436 1044 556 1082 quom
580 1032 778 1081 extemplo
798 1032 1015 1069 aduentum
1036 1030 1216 1079 adporto,
1238 1027 1330 1066 ilico

186 1097 424 1147 Amphitruo
445 1098 498 1135 fio
517 1104 555 1134 et
576 1095 762 1134 uestitum
784 1094 952 1133 immuto
973 1107 1116 1133 meum.

185 1176 292 1201 nunc
313 1164 390 1201 huc
411 1162 571 1201 honoris
593 1161 714 1200 uostri
736 1160 855 1199 uenio
874 1160 1005 1211 gratia,

186 1241 236 1266 ne
256 1229 359 1267 hanc
378 1228 606 1266 incohatam
627 1225 839 1276 transigam
859 1224 1107 1264 comoediam
1125 1240 1135 1273 ,-

187 1293 303 1332 simul
323 1295 578 1340 Alcumenae,
602 1305 721 1342 quam
743 1290 802 1329 uir
821 1290 1020 1329 insontem
1040 1289 1173 1340 probri

187 1358 426 1409 Amphitruo
445 1365 615 1405 accusat,
639 1355 731 1395 ueni
752 1363 794 1394 ut
814 1355 1001 1394 auxilium
1022 1356 1144 1394 feram
1161 1370 1168 1392 :

187 1438 281 1462 narn
301 1438 390 1463 mea
409 1423 465 1462 sit·
474 1419 609 1474 culpa,
628 1423 738 1472 quod
759 1429 916 1472 egomet
936 1419 1208 1465 contraxerim,

187 1489 218 1527 si
239 1489 280 1528 id
300 1491 545 1528 Alcumenae
566 1486 808 1528 †innocenti·
838 1494 1003 1537 expetat.

186 1567 293 1592 nunc
312 1553 647 1604 Amphitruonem
668 1559 826 1599 memet,
849 1559 892 1590 ut
912 1550 1049 1601 occepi
1070 1551 1203 1598 semel,

187 1633 272 1658 esse
292 1619 540 1658 adsimulabo
568 1618 571 1669 Ι
596 1625 715 1668 atque
737 1617 777 1655 in
799 1618 941 1655 horum
961 1615 1150 1655 familiam

152 1698 166 1707 -
188 1684 308 1723 hodie
327 1683 618 1722 frustrationem
637 1682 795 1721 iniciam
817 1695 1042 1720 maxumam
1057 1696 1068 1730 ;

187 1757 277 1800 post
296 1749 411 1799 igitur
431 1750 594 1788 demum
614 1747 755 1787 faciam
776 1760 836 1786 res
857 1748 924 1785 fiat
944 1748 1074 1797 palam

187 1820 306 1862 atque
325 1814 570 1851 Alcumenae
590 1811 631 1849 in
653 1818 831 1861 tempore
851 1809 1039 1848 auxilium
1060 1810 1183 1847 feram

153 1880 155 1883 ’
187 1877 408 1928 faciamque
428 1885 471 1915 ut
490 1890 571 1916 uno
591 1878 673 1915 fetu
694 1884 732 1915 et
753 1876 863 1926 quod
882 1874 1045 1925 grauida
1064 1882 1122 1912 est
1142 1873 1228 1912 uiro

102 2014 171 2049 880

188 1951 227 1982 et
247 1956 311 1982 me
331 1944 440 1993 quod
459 1942 658 1993 grauidast
677 1941 801 1992 pariat
822 1939 906 1979 sine
926 1939 1140 1979 doloribus.

191 2008 433 2047 Mercurium
453 2008 547 2047 iussi
568 2021 631 2046 me
652 2006 843 2046 continuo
863 2005 1066 2055 consequi,

191 2073 222 2111 si
242 2073 339 2124 quid
359 2075 502 2112 uellem
522 2073 724 2124 imperare.
784 2085 891 2110 nunc
911 2072 1014 2110 hanc
1033 2072 1236 2122 adloquar.

234 2178 298 2217 858
321 2178 482 2209 conlitum
515 2177 582 2208 cod.
618 2176 830 2217 (conlibitum
857 2175 927 2209 D&
1075 2175 1140 2213 859
1173 2175 1258 2206 falso
1289 2173 1524 2204 Lindemannt

191 2222 310 2252 falsum
328 2223 363 2261 (i.
385 2223 419 2261 3)
532 2222 595 2259 865
621 2231 688 2260 quo
701 2221 764 2250 cod.
878 2220 942 2249 868
966 2217 1024 2249 nel
1050 2223 1086 2248 ut
1102 2217 1214 2248 Havet

191 2266 325 2296 centiae
342 2264 542 2295 Lachmann
683 2265 747 2302 874
774 2261 943 2302 (iterum)
960 2272 1037 2292 esse
1053 2261 1225 2292 Fleckeisen

191 2308 230 2339 fr.
249 2308 442 2340 fleckeisen:
468 2308 508 2339 sr.
527 2308 604 2338 hod.
623 2307 688 2339 cod.
707 2318 714 2337 :
738 2306 775 2337 fr.
795 2305 904 2349 (ego)
921 2306 998 2336 hod.
1018 2304 1158 2345 Pylades

1343 2219 1407 2256 872
1430 2217 1523 2247 inno-

1358 2262 1421 2300 875
1447 2259 1522 2289 hod.

1536 676 1641 713 HLi

1542 1373 1581 1395 10

1542 1694 1579 1725 ¹5

1543 2021 1583 2042 20
