1742 2718
687 131 1008 169 PRAEFATIO

182 239 360 290 quamvis
392 240 522 277 nullus
561 252 698 286 annus,
733 252 783 277 ne
823 241 968 277 mensis
1007 240 1183 289 quidem,
1221 240 1297 277 hoc
1335 247 1510 288 tempore

183 304 389 356 praeterire
416 304 540 354 possit
561 303 656 353 quin
686 303 777 342 novi
805 304 955 354 aliquid
980 304 1040 342 his
1068 303 1206 342 studiis
1234 305 1454 341 conseratur
1473 312 1510 341 et

181 369 371 408 lectiones
405 368 554 407 codicis
587 367 763 406 Turnebi
789 382 914 418 nuper
943 376 1118 418 repertae
1148 368 1289 405 mirum
1320 376 1508 417 quantum

181 435 232 472 de
271 435 557 484 proarchetypo
597 432 799 471 Palatinae
842 433 1083 472 recensionis
1121 432 1339 479 docuerint,
1380 440 1509 470 tamen

181 498 376 537 editiones
397 498 675 536 Teubneriana
695 505 733 536 et
754 497 1084 536 Weidmanniana
1105 511 1186 535 non
1207 497 1401 535 eiusmodi
1422 505 1512 535 sunt

181 571 223 602 ut
244 563 398 602 facilem
419 565 551 601 locum
572 562 708 601 tertiae
729 562 962 612 relinquant.
1005 564 1066 601 Re
1086 562 1201 612 igitur
1220 562 1288 600 diu
1310 569 1511 612 perspecta

180 628 329 678 placuit
358 628 532 678 denique
562 635 604 666 ut
634 628 674 666 in
704 629 779 666 hac
808 628 983 666 editione
1016 628 1361 678 Palaeograpbiam
1391 641 1512 666 arces-

182 707 306 732 serem
347 693 590 744 Philologiae
632 693 878 739 adiutricem,
919 691 1149 743 praesertim
1186 706 1276 731 cum
1317 694 1422 730 haud
1461 692 1513 730 ita

181 758 333 808 pridem
368 758 408 796 in
442 758 576 797 libello
610 757 799 796 Londinii
829 757 939 796 edito
972 758 1294 809 (‘Introduction
1328 765 1368 795 to
1398 758 1510 795 Latin

181 825 348 862 Textual
376 823 655 869 Emendation,
679 823 803 861 based
830 836 884 860 on
911 824 979 861 the
1006 824 1107 860 Text
1131 823 1177 860 of
1200 824 1385 869 Plautus,'
1407 824 1513 860 Mac-

182 888 328 936 millan,
369 890 488 938 1896)
527 887 689 927 usitatas
727 887 768 925 in
802 887 1009 926 codicibus
1044 886 1236 925 Plautinis
1275 889 1512 937 corruptelas

181 953 467 1003 congessissem
502 961 539 992 et
574 967 708 992 earum
743 966 882 991 causas
916 966 1185 1000 enarrassem,
1218 953 1424 1002 visumque
1454 961 1512 992 est

181 1020 255 1057 hac
276 1019 427 1058 ratione
447 1021 611 1058 fortasse
636 1026 764 1057 textus
785 1018 958 1057 Plautini
985 1018 1306 1057 emendationem
1333 1019 1513 1057 nonnihil

180 1092 411 1134 provectum
454 1084 509 1122 iri.
588 1084 798 1134 Optimum
841 1083 946 1122 enim
992 1083 1088 1122 illud
1130 1083 1298 1123 Cobeti:
1346 1086 1430 1122 ‘est
1473 1084 1513 1122 in

181 1149 415 1188 codicibus.
440 1180 448 1188 .
475 1150 673 1200 quaedam
701 1148 896 1200 peccandi
922 1150 1029 1188 velut
1056 1149 1280 1186 constantia
1308 1151 1513 1199 solentque

180 1216 228 1253 τὰ
247 1217 340 1253 αὐτὰ
358 1216 443 1265 περὶ
460 1217 508 1254 τὰ
527 1216 622 1253 αὐτὰ
641 1215 876 1265 ἁμαρτάνειν,
897 1221 936 1252 et
957 1227 1037 1263 quo
1059 1212 1146 1263 quis
1172 1214 1283 1263 plura
1303 1214 1352 1252 de
1371 1227 1513 1264 genere

181 1281 258 1319 hoc
286 1288 354 1318 aut
383 1279 468 1331 ipse
496 1279 709 1330 reppererit
737 1287 806 1317 aut
834 1280 887 1317 ab
915 1279 1049 1328 aliquo
1078 1286 1231 1328 reperta
1260 1279 1299 1316 in
1329 1287 1512 1329 promptu

181 1346 335 1392 habeat,
358 1358 408 1384 eo
426 1346 478 1383 ad
493 1358 629 1383 verum
648 1344 933 1383 inveniendum
953 1342 1107 1381 accedit
1127 1343 1319 1392 paratior!
1349 1344 1512 1383 Utinam

182 1411 407 1449 mehercule
426 1411 488 1448 vel
514 1423 654 1448 omnes
674 1410 737 1447 vel
764 1410 977 1459 pleraeque
1002 1409 1237 1457 scriptorum
1263 1408 1513 1459 antiquorum

181 1475 376 1514 editiones
401 1488 516 1513 suum
546 1487 729 1525 quaeque
755 1473 907 1512 socium
933 1472 1111 1511 libellum
1140 1473 1342 1520 baberent,
1368 1473 1408 1511 in
1434 1487 1514 1523 quo

181 1541 336 1592 plenius
352 1554 470 1590 quam
488 1541 588 1577 intra
602 1552 819 1590 paucarum
834 1537 1087 1588 praefationis
1101 1538 1329 1588 paginarum
1344 1538 1512 1589 spatium

182 1606 264 1645 fieri
284 1613 415 1657 potest
435 1612 678 1643 enarraretur
698 1617 797 1654 quas
818 1602 1108 1642 vicissitudines
1129 1617 1175 1642 ea
1196 1604 1338 1653 scripta
1359 1610 1515 1654 experta

182 1679 324 1719 essent,
352 1678 450 1720 quot
473 1677 513 1710 et
542 1670 678 1719 quales
709 1668 923 1719 scripturae
953 1670 1098 1707 formas
1122 1668 1340 1708 identidem
1371 1668 1514 1707 induis-

182 1744 279 1784 sent,
315 1743 483 1786 quantas
520 1748 544 1773 a
582 1733 810 1772 monasticis
849 1741 917 1772 aut
951 1734 1236 1772 correctoribus
1274 1741 1341 1772 aut
1378 1733 1514 1772 scribis

182 1815 251 1840 seu
272 1800 438 1840 consilio
458 1813 528 1838 seu
549 1813 642 1837 casu
664 1798 903 1837 mutationes
926 1800 1170 1849 accepissent
1186 1814 1197 1847 3
1225 1798 1375 1837 facilius
1396 1799 1512 1846 enim,

182 1867 222 1906 ni
244 1869 365 1914 fallor,
388 1873 428 1905 et
447 1865 591 1904 certius
612 1867 857 1916 corruptelae
883 1866 1198 1904 emendarentur.
1258 1865 1336 1903 Sed
1357 1865 1407 1903 de
1430 1863 1514 1902 aliis

182 1932 436 1984 scriptoribus
470 1930 536 1970 alii
568 1932 737 1970 editores
772 1931 951 1970 viderint.
1014 1930 1218 1969 Plautinus
1256 1943 1350 1968 sane
1387 1938 1514 1969 textus

182 2006 263 2036 tam
289 1997 510 2048 simplicem
537 2004 699 2047 tamque
720 1998 880 2048 cognitu
906 1998 1061 2037 facilem
1083 1996 1186 2035 viam
1207 2003 1362 2034 secutus
1389 2003 1447 2034 est
1471 2002 1514 2034 ut

182 2072 221 2103 et
247 2063 446 2114 possimus
474 2070 512 2101 et
532 2063 750 2102 debeamus
779 2078 933 2115 semper
959 2065 1012 2103 ob
1033 2064 1170 2102 oculos
1198 2074 1344 2112 ponere
1370 2060 1513 2110 quibus

182 2131 377 2169 erroribus
417 2135 667 2178 correctores,
709 2130 853 2181 quibus
893 2129 1044 2168 scribae
1088 2126 1306 2166 identidem
1345 2125 1513 2163 maxime

181 2195 344 2234 obnoxii
364 2194 506 2234 fuerint
520 2196 541 2236 ¹.
578 2195 701 2235 Verbi
720 2196 842 2246 gratia
861 2196 977 2234 liceat
997 2193 1095 2233 mihi
1115 2193 1178 2232 hic
1199 2192 1320 2231 semel
1340 2203 1511 2238 monere,

181 2274 232 2299 ne
266 2260 307 2300 in
335 2262 593 2301 adnotatione
627 2261 782 2300 iteratio
815 2261 937 2299 nimia
966 2260 1026 2308 sit,
1058 2259 1226 2298 scribam
1257 2255 1510 2304 nescioquem

225 2350 237 2371 ¹
262 2350 357 2390 Quos
381 2361 515 2382 errores
539 2351 573 2382 in
599 2350 714 2381 libello
739 2360 814 2380 meo
839 2350 886 2380 sic
910 2349 1058 2388 disposui
1080 2351 1116 2378 ut
1138 2347 1171 2376 in
1193 2345 1301 2384 capite
1325 2343 1432 2383 primo
1455 2349 1512 2370 eos

182 2403 395 2434 tractaverim
412 2403 470 2442 qui
493 2413 536 2434 ex
555 2413 659 2443 prava
679 2401 918 2433 emendatione
935 2400 999 2432 orti
1021 2403 1110 2436 sunt,
1131 2398 1165 2428 in
1186 2406 1259 2436 cap.
1280 2394 1330 2425 110
1347 2404 1389 2424 ex
1405 2398 1511 2424 trans-

831 2457 868 2495 ix
