1742 2718
667 293 1046 342 PROLOGVS

193 423 286 460 Hoc
305 421 407 472 agite
428 421 550 468 sultis,
573 429 821 472 spectatores,
846 421 1041 468 nunciam,

191 500 292 536 quae
313 486 474 536 quidem
496 486 592 524 mihi
611 494 731 536 atque
751 486 865 524 uobis
887 500 946 524 res
967 493 1095 524 uortat
1115 486 1218 524 bene

190 551 374 601 gregique
395 551 486 590 huic
507 559 545 590 et
566 551 739 589 dominis
759 559 877 600 atque
898 550 1218 589 conductoribus.

191 618 274 655 face
295 616 481 654 nunciam
502 625 557 664 tu,
578 630 730 666 praeco,
755 630 914 654 omnem
936 616 1104 654 auritum
1125 617 1300 666 poplum.

154 695 170 730 5
190 694 260 731 age
281 694 387 719 nunc
408 681 545 728 reside,
569 695 666 720 caue
687 683 808 720 modo
829 695 878 719 ne
898 680 1040 730 gratiis.

192 760 297 784 nune
318 746 414 796 quid
434 747 691 797 processerim
713 748 790 785 huc
811 755 849 785 et
870 746 966 796 quid
988 746 1041 784 mi
1063 746 1255 784 uoluerim

191 810 319 849 dicam
337 827 343 849 :
375 819 416 849 ut
438 807 585 850 sciretis
606 825 754 850 nomen
776 811 904 849 huiius
926 811 1081 849 fabulae
1099 826 1106 856 ;

191 889 281 913 nam
304 878 412 926 quod
432 878 482 915 ad
502 885 777 927 argumentum
798 877 947 923 attinet,
971 889 1064 914 sane
1086 877 1253 915 breuest.

191 954 297 979 nunc
319 943 427 991 quod
449 955 511 979 me
532 941 611 979 dixi
633 943 734 980 uelle
755 941 869 980 uobis
890 941 1021 980 dicere

130 1021 172 1045 10
191 1005 319 1044 dicam
337 1022 344 1044 z
375 1008 466 1045 huic
487 1020 633 1045 nomen
654 1020 792 1057 graece
813 1009 990 1056 Onagost
1011 1011 1166 1045 fabulae
1183 1022 1191 1054 ;

193 1071 454 1121 Demophilus
476 1071 639 1122 scripsit,
665 1074 828 1110 Maccus
850 1071 968 1110 uortit
989 1072 1152 1110 barbare
1168 1087 1178 1119 3

190 1135 411 1174 Asinariam
432 1138 514 1174 uolt
536 1150 630 1183 esse,
655 1136 687 1174 si
707 1150 776 1186 per
796 1150 867 1174 uos
888 1136 989 1174 licet.

190 1200 290 1239 inest
311 1202 419 1250 lepos
441 1202 638 1250 ludusque
658 1201 698 1238 in
719 1202 793 1239 hac
813 1200 1032 1247 comoedia,

191 1265 353 1303 ridicula
373 1279 432 1304 res
453 1273 523 1304 est.
582 1267 672 1304 date
694 1265 864 1315 benigne
884 1279 1043 1315 operam
1066 1265 1162 1304 mihi

130 1344 168 1380 15
190 1338 232 1369 ut
253 1344 335 1378 uos,
359 1338 402 1369 ut
421 1330 527 1378 alias,
550 1330 692 1382 pariter
712 1344 818 1369 nunc
840 1332 947 1369 Mars
967 1330 1139 1371 adiuuet.

703 1469 1008 1517 ACTVSI

482 1573 731 1610 LIBANVS
844 1572 1232 1609 DEMAENETVS

191 1660 252 1697 L1.
283 1658 393 1698 Sicut
412 1666 524 1698 tuom
544 1659 603 1698 uis
624 1659 787 1697 unicum
807 1665 971 1708 gnatum
991 1665 1082 1696 tuae

190 1737 393 1773 superesse
413 1723 518 1762 uitae
539 1723 727 1774 sospitem
749 1730 787 1762 et
808 1722 1069 1773 superstitem,

189 1788 242 1827 ita
262 1790 328 1827 ted
350 1796 525 1839 optestor
545 1802 614 1839 per
633 1796 878 1828 senectutem
900 1796 1009 1826 tuam

189 1867 336 1903 perque
356 1854 461 1892 illam
484 1867 603 1904 quam
625 1862 666 1892 tu
688 1853 830 1892 metuis
851 1867 1013 1892 uxorem
1034 1860 1154 1900 tuam,

128 1934 172 1958 20
190 1918 221 1956 si
242 1918 338 1968 quid
359 1920 451 1957 med
471 1932 561 1969 erga
588 1919 591 1970 Ι
617 1918 737 1957 hodie
758 1920 899 1957 falsum
921 1917 1074 1964 dixeris,

190 1990 233 2021 ut
252 1983 323 2021 tibi
343 1991 539 2034 superstes
560 1997 657 2022 uxor
675 1991 844 2022 aetatem
866 1983 938 2022 siet

189 2055 308 2098 atque
328 2048 393 2086 illa
412 2048 505 2087 uiua
524 2048 638 2087 uiuos
659 2056 701 2087 ut
722 2056 873 2099 pestem
894 2055 1069 2098 oppetaS.

235 2162 254 2191 3
278 2156 441 2192 gregique
473 2157 654 2193 suspectum
754 2158 788 2184 et
805 2153 886 2192 sori.
916 2152 1038 2183 delend.
1145 2151 1281 2183 domino
1310 2151 1520 2182 Camerarius

192 2207 211 2234 4
236 2197 394 2227 nunciam
411 2195 536 2237 Lz‘nge:
562 2197 628 2227 iam
652 2206 742 2227 nunc
767 2196 832 2227 cod.
945 2197 1003 2226 vix
1018 2207 1049 2227 ο.
1067 2196 1238 2236 praedico,
1257 2196 1394 2234 antiqua
1399 2195 1519 2234 forma

195 2249 234 2270 10
256 2239 306 2270 vel
319 2241 397 2271 hu'l'c
525 2250 560 2270 11
588 2240 739 2271 Maccius
755 2239 882 2270 Ritschl
1008 2249 1045 2278 15
1071 2244 1107 2270 ut
1123 2239 1165 2270 al.
1183 2238 1268 2270 Leo:
1295 2240 1374 2269 item
1391 2238 1422 2269 al
1451 2237 1515 2268 cod.

191 2284 236 2321 (v.
263 2283 295 2322 1)
457 2294 500 2314 20
523 2284 604 2323 quid
630 2289 665 2315 tu
694 2294 738 2314 m.
763 2283 912 2316 Malzler:
948 2283 1127 2322 quidquam
1155 2293 1196 2314 m.
1225 2281 1361 2313 Mueller
1383 2281 1515 2323 (Rhein.

191 2326 277 2357 Mus.
297 2337 347 2366 54,
368 2327 449 2367 383)
553 2328 610 2358 vix
624 2338 726 2366 erega
745 2328 867 2365 (wig-N,
876 2327 995 2366 forma
1012 2326 1150 2366 antiqua
