1742 2718
725 72 1015 114 CVRCVLIO

680 206 918 255 ACTVS
972 205 1052 252 III

394 312 538 349 cho
647 307 939 346 CVRCVLIO
1051 303 1355 342 CAPPADOX

211 401 281 438 Lv.
314 400 458 436 Beatus
478 395 638 434 uideor:
669 391 838 431 subduxi
858 390 1128 434 ratiunculam,

210 470 402 513 quantum
422 460 520 499 aeris
541 458 637 497 mihi
658 458 706 496 sit
728 464 1000 508 quantumque
1021 452 1137 492 alieni
1158 451 1229 489 siet
1246 465 1253 489 :

209 528 321 566 diues
342 540 440 573 sum,
463 525 492 563 si
514 538 593 562 non
615 524 740 562 reddo
761 522 816 560 eis
837 520 972 571 quibu'
993 519 1147 565 debeo,

211 593 241 631 si
262 592 386 631 reddo
406 590 480 628 illis
501 589 635 639 quibu'
656 588 797 634 debeo,
821 587 908 636 plus
929 583 1097 626 †alieni†
1117 590 1185 621 est.

127 673 191 708 375
213 670 348 695 uerum
370 656 499 693 hercle
520 667 613 692 uero
634 666 757 703 quom
778 652 880 689 belle
900 648 1083 698 recogito,

214 722 244 760 si
267 720 378 771 magi’
400 734 463 758 me
484 719 698 765 instabunt,
721 718 771 755 ad
792 723 1011 767 praetorem
1033 713 1225 752 sufferam.

214 787 361 825 habent
381 787 486 823 hunc
508 797 659 824 morem
680 782 857 832 plerique
877 778 1082 830 argentarii

214 860 257 890 ut
275 851 373 890 alius
393 850 513 888 alium
534 855 710 899 poscant,
734 848 901 886 reddant
922 843 1080 890 nemini,

216 917 356 968 pugnis
377 929 458 954 rern
479 916 644 961 soluant‚
669 913 699 951 si
721 912 808 962 quis
829 918 966 961 poscat
986 908 1136 948 clarius.

131 991 200 1034 380
217 982 285 1032 qui
305 983 426 1020 homo
447 987 596 1018 mature
616 977 812 1028 quaesiuit
831 974 1051 1026 pecuniam,

218 1047 292 1086 nisi
312 1060 399 1085 eam
420 1053 569 1084 mature
589 1044 722 1094 parsit,
743 1049 894 1081 mature
914 1039 1062 1079 essurit.

219 1112 335 1163 cupio
355 1111 526 1161 aliquem
545 1108 635 1163 (mi)
655 1121 785 1148 emere
804 1119 970 1157 puerum
992 1104 1059 1154 qui
1080 1101 1276 1142 usurarius

218 1190 324 1215 nunc
344 1175 440 1214 mihi
461 1182 679 1225 quaeratur.
737 1186 831 1211 usus
853 1179 910 1209 est
931 1168 1108 1221 pecunia.

220 1243 291 1282 CV.
324 1241 378 1280 nil
399 1249 440 1280 tu
462 1254 524 1279 me
545 1247 718 1278 saturum
742 1236 951 1275 monueris.
1012 1232 1174 1272 memini
1194 1239 1232 1271 et
1253 1230 1344 1270 scio.

134 1314 199 1359 385
221 1322 293 1358 ego
314 1309 390 1346 hoc
410 1308 604 1345 ecfectum
625 1304 756 1355 lepide
777 1302 848 1341 tibi
868 1302 1030 1340 tradam.
1090 1306 1186 1337 tace.

221 1374 363 1424 edepol
384 1386 433 1411 ne
454 1385 526 1421 ego
546 1371 610 1409 hic
631 1371 724 1409 med
745 1369 850 1407 intus
871 1365 1025 1417 expleui
1045 1364 1177 1415 probe,

221 1446 259 1478 et
279 1438 441 1489 quidem
462 1436 596 1486 reliqui
619 1436 660 1473 in
681 1442 819 1473 uentre
839 1434 961 1471 cellae
981 1430 1049 1469 uni
1069 1431 1213 1475 locum,

221 1503 290 1542 ubi
310 1502 558 1553 reliquiarum
579 1499 765 1550 reliquias
785 1498 1052 1537 reconderem.

222 1568 310 1619 quis
330 1568 394 1607 hic
413 1575 471 1606 est
491 1573 628 1618 operto
649 1564 778 1615 capite
798 1563 866 1613 qui
886 1560 1167 1611 Aesculapium

136 1648 205 1683 390
223 1634 392 1672 salutat?
420 1640 526 1680 attat,
550 1644 669 1682 quern
690 1628 930 1681 quaerebam
947 1630 954 1666 ί
984 1639 1148 1677 sequere
1167 1638 1241 1663 me.

224 1698 419 1737 simulabo
439 1697 551 1748 quasi
570 1710 652 1736 non
673 1694 864 1735 nouerim.
923 1694 1022 1731 heus
1042 1699 1095 1739 tu,
1118 1698 1157 1729 te
1176 1691 1270 1729 uolo
1287 1692 1294 1727 1

225 1767 294 1804 Lv.
327 1766 507 1812 unocule,
531 1766 648 1803 salue.
709 1764 782 1803 CV.
815 1774 975 1812 quaeso,
998 1758 1206 1798 deridesne
1226 1758 1319 1795 me?

225 1834 295 1870 LY.
327 1833 378 1871 de
399 1831 625 1871 Coculitum
646 1828 828 1881 prosapia
848 1836 887 1867 te
908 1840 994 1866 esse
1013 1824 1187 1870 arbitror,

1452 66 1530 103 III.
1553 64 1567 101 i

1558 294 1636 335 ΙΙΙ.
1654 294 1667 331 i

1571 986 1613 1011 ΖΟ

1575 1311 1612 1344 15

1577 1643 1618 1664 20

225 1911 316 1936 nam
337 1897 349 1936 i
369 1904 460 1936 sunt
480 1896 651 1936 unoculi.
711 1896 783 1935 Cv.
817 1894 1015 1943 catapulta
1034 1892 1112 1929 hoc
1132 1889 1254 1927 ictum
1275 1894 1332 1925 est
1354 1885 1449 1924 mihi

141 1977 204 2014 395
225 1964 332 2014 apud
352 1963 572 2014 Sicyonem.
631 1964 702 2001 Lv.
734 1974 827 1999 nam
849 1959 945 2010 quid
966 1958 1007 1997 id
1027 1957 1141 1995 refert
1162 1967 1260 2000 mea,

227 2042 278 2067 an
297 2030 385 2067 aula
405 2042 547 2079 quassa
566 2042 658 2067 cum
678 2027 809 2066 cinere
830 2026 1005 2064 ecfossus
1027 2022 1128 2061 siet?

1579 1965 1619 1997 25

272 2147 335 2177 374
358 2147 487 2168 versum
502 2137 615 2167 delevit
622 2135 724 2165 Bothe
803 2132 887 2171 sort.
902 2130 1005 2162 alieni
1022 2127 1180 2168 ampliust
1317 2125 1382 2164 376
1403 2122 1454 2156 vel
1463 2132 1559 2161 mage

229 2191 336 2221 377—9
357 2181 424 2212 secl.
443 2179 509 2211 Leo
597 2180 664 2218 380
684 2177 734 2208 vel
747 2175 890 2216 quaesiit
981 2174 1044 2211 382
1067 2172 1111 2201 mi
1129 2169 1204 2201 add.
1223 2167 1398 2200 Fleckeisen

230 2225 280 2256 vel
289 2235 343 2255 me
357 2224 418 2264 (ita
431 2223 518 2263 cod.)
608 2223 670 2261 387
692 2221 827 2260 quidem
843 2217 1050 2249 Camerarius
1065 2226 1072 2246 :
1093 2214 1248 2253 equidem
1262 2211 1327 2243 cod.

1495 2166 1560 2204 386

1417 2211 1483 2249 389
1501 2208 1559 2247 qui

230 2272 350 2308 operto
367 2267 476 2307 capite
493 2265 574 2297 cod.:
598 2266 669 2296 trai.
684 2263 787 2295 Bothe
875 2271 940 2300 392
962 2269 1029 2290 une
1046 2258 1143 2289 ocule
1160 2256 1224 2288 cod.
1315 2264 1378 2294 393
1402 2253 1558 2284 coelitum

232 2312 297 2343 cod.
434 2311 499 2350 396
521 2309 571 2340 vel
584 2319 672 2340 anne
763 2315 839 2337 cum
856 2304 940 2344 cin.]
958 2313 1000 2334 an
1016 2310 1195 2333 cucumere
1212 2299 1352 2331 Palmer
1367 2295 1556 2340 <Hermam

231 2367 261 2396 9,
281 2355 337 2394 68)
