1814 2723
239 69 383 106 111.iii
752 69 799 106 T.
832 67 1014 107 MACCI
1045 68 1250 105 PLAVTI

337 180 443 229 prius
464 179 619 218 etiamst
640 180 748 230 quod
769 186 807 217 te
828 180 955 217 facere
976 192 1048 229 ego
1068 192 1239 229 aequom
1260 191 1414 217 censeo.

337 258 428 282 nam
449 259 555 283 nunc
577 245 608 283 si
629 245 695 283 illo
716 244 922 291 introieris,
944 244 1130 293 amplecti
1150 246 1272 291 uoles,
1688 259 1755 296 570

279 327 316 349 10
337 310 580 349 confabulari
600 317 719 360 atque
741 309 918 347 osculari.
981 311 1056 347 DE.
1090 316 1131 347 tu
1152 309 1314 359 quidem

336 388 469 413 meum
490 375 667 413 animum
688 382 840 424 gestas:
871 373 946 412 scis
968 374 1064 424 quid
1084 381 1242 412 acturus
1263 373 1371 412 siem.

336 441 405 477 Lv.
456 453 641 490 peruorse
688 439 818 478 facies.
899 441 975 477 DE.
1021 440 1182 489 quodne
1229 440 1366 477 ames?
1442 439 1512 476 Lv.
1558 443 1668 475 tanto

1524 501 1665 540 minus.

336 569 547 608 iaiunitatis
569 571 719 619 plenus,
743 569 875 608 anima
896 568 1054 616 foetida,

336 648 453 673 senex
475 635 651 673 hircosus
673 643 714 673 tu
735 636 911 673 osculere
932 634 1166 673 mulierem?
1307 671 1311 677 ,
1689 638 1753 674 575

278 716 314 747 15
335 700 443 739 utine
463 700 681 739 adueniens
703 700 898 738 uomitum
920 699 1092 738 excutias
1114 699 1296 738 mulieri?

335 765 416 803 scio
438 767 504 815 pol
525 773 562 803 te
583 779 725 812 amare,
749 779 871 815 quom
893 765 1013 803 istaec
1034 772 1295 815 praemostras
1317 764 1423 802 mihi.

335 832 411 868 DE.
444 830 539 879 quid
561 830 592 868 si
613 830 729 880 igitur
749 844 872 868 unum
893 829 1034 868 faciam
1056 830 1132 868 hoc
1150 832 1167 868 ?
1196 829 1226 867 si
1248 843 1396 876 censes,
1419 841 1589 878 coquom

333 895 504 944 aliquem
524 895 754 945 arripiamus
774 894 984 945 prandium
1006 894 1073 945 qui
1094 901 1309 944 percoquat

333 962 439 1010 apud
461 968 498 999 te
519 960 583 999 hic
604 974 730 1010 usque
749 961 800 998 ad
821 973 1041 1010 uesperum.
1102 961 1173 997 Lv.
1205 973 1269 998 em
1289 959 1389 997 istuc
1410 971 1564 997 censeo.
1687 959 1755 1004 580

275 1041 315 1063 20
334 1039 440 1063 nunc
461 1033 502 1063 tu
523 1025 719 1075 sapienter
738 1026 900 1075 loquere
920 1038 1050 1074 neque
1070 1024 1269 1063 amatorie.

337 1093 412 1128 DE.
445 1090 542 1140 quid
563 1092 741 1129 stamus?
771 1090 867 1140 quin
888 1103 980 1140 ergo
1000 1089 1102 1127 imus
1123 1097 1242 1139 atque
1263 1088 1474 1140 opsonium

334 1169 527 1203 curamus,
552 1157 714 1205 pulchre
735 1163 777 1194 ut
799 1155 950 1193 simus?
1008 1157 1078 1193 Lv.
1111 1154 1298 1205 equidem
1319 1162 1357 1193 te
1378 1167 1530 1205 sequor.

332 1229 451 1271 atque
472 1222 601 1259 hercle
623 1221 801 1259 inuenies
822 1228 864 1259 tu
884 1222 1017 1259 locum
1039 1219 1104 1268 illi,
1128 1219 1159 1258 si
1180 1219 1282 1270 sapis
1299 1235 1307 1258 :

333 1288 484 1325 nullum
506 1288 636 1325 hercle
657 1294 808 1337 praeter
828 1288 935 1324 hunc
955 1285 1062 1324 diem
1083 1285 1148 1324 illa
1167 1286 1275 1336 apud
1295 1286 1387 1323 med
1407 1284 1488 1323 erit.
1689 1284 1751 1328 585

274 1364 313 1396 25
333 1358 468 1390 metuo
489 1365 561 1401 ego
582 1360 755 1399 uxorem,
778 1365 862 1389 cras
884 1350 915 1389 si
936 1365 1022 1389 rure
1043 1350 1199 1389 redierit

333 1431 383 1456 ne
404 1417 509 1455 illam
531 1416 595 1455 hic
616 1418 802 1456 offendat.
864 1418 940 1454 DE.
973 1430 1032 1454 res
1054 1423 1187 1466 parata
1207 1422 1276 1464 est,
1299 1428 1462 1466 sequere
1482 1427 1613 1453 me.—

267 1525 314 1561 iv
645 1528 944 1567 CHARINVS
1057 1528 1356 1565 EVTvchs

334 1611 411 1650 CH.
454 1604 614 1649 Sumne*
641 1623 714 1660 ego
751 1611 874 1648 homo
914 1609 1042 1657 miser,
1059 1609 1150 1660 ‘qui
1188 1622 1384 1659 nusquam
1423 1608 1525 1646 bene
1563 1619 1667 1657 queo

1437 1672 1638 1723 quiescere
1651 1673 1668 1710 ?

334 1739 365 1778 si
386 1739 495 1779 domi
516 1753 614 1787 sum,
637 1739 730 1778 foris
751 1747 810 1779 est
830 1740 998 1787 animus,
1021 1739 1081 1778 sin
1102 1739 1194 1778 foris
1215 1752 1316 1787 sum,
1331 1737 1486 1777 animus
1507 1737 1664 1776 domist.

333 1805 385 1843 ita
406 1805 459 1842 mi
479 1805 518 1842 in
540 1813 700 1855 pectore
720 1813 839 1856 atque
859 1805 900 1843 in
921 1807 1040 1844 corde
1060 1803 1152 1843 facit
1171 1818 1281 1843 amor
1302 1802 1530 1842 incendium
1547 1819 1554 1841 :
1686 1806 1753 1843 590

334 1870 374 1908 ni
395 1884 440 1908 ex
461 1870 584 1908 oculis
605 1873 803 1909 lacrumae
825 1872 1052 1917 defendant,
1076 1869 1154 1908 iam
1173 1871 1308 1908 ardeat
1328 1870 1447 1907 credo
1468 1875 1596 1918 caput.

295 1945 312 1977 5
334 1948 445 1985 spem
465 1943 593 1982 teneo,
618 1938 783 1974 salutem
804 1935 918 1974 amisi
934 1950 944 1983 ,-
973 1936 1107 1973 redeat
1126 1948 1177 1972 an
1198 1948 1278 1972 non
1299 1933 1433 1972 nescio
1450 1949 1456 1972 :

377 2041 442 2080 569
464 2051 530 2079 quo
557 2041 622 2077 (vel
643 2041 757 2080 quom)
787 2045 820 2070 te
845 2039 910 2071 cod.
937 2043 974 2069 ut
996 2038 1059 2070 vid.
1089 2038 1168 2079 (pro
1190 2042 1271 2077 quot
1295 2042 1349 2075 te;
1381 2038 1401 2068 i.
1431 2037 1468 2077 4)
1602 2048 1662 2078 571

333 2084 497 2115 ausculari
521 2083 585 2115 cod.
724 2094 787 2123 573
812 2093 922 2113 amem
948 2082 1101 2122 Scalzger,
1121 2083 1203 2121 sort.
1235 2085 1310 2111 recte
1439 2091 1502 2121 575
1527 2081 1577 2112 vel
1597 2082 1665 2112 hir-

333 2138 458 2168 quosus
549 2127 723 2158 ausculere
740 2126 806 2159 cod.
920 2127 983 2165 578
1008 2126 1126 2156 faciam
1146 2124 1362 2156 Gulielmius:
1386 2125 1505 2156 factam
1527 2125 1664 2166 (sactum

332 2172 377 2211 Β)
396 2172 462 2203 cod.
533 2182 634 2201 unum
652 2172 716 2201 hoc
733 2171 853 2201 faciam
867 2170 911 2212 (2)
925 2169 990 2200 Leo
1006 2181 1013 2200 z
1036 2179 1174 2199 coenam
1191 2168 1325 2199 faciam?
1351 2169 1415 2199 hoc
1431 2168 1516 2199 Pius
1602 2171 1662 2208 581

333 2216 471 2255 loquere
490 2225 600 2253 neque
616 2214 778 2245 amatorie
794 2214 878 2244 Brix
892 2226 898 2245 :
922 2214 1059 2252 loquere
1075 2217 1176 2251 atque
1192 2213 1332 2242 amatori
1350 2211 1415 2243 cod.
1434 2224 1441 2242 :
1465 2212 1614 2252 loqueris
1630 2217 1664 2244 et

333 2260 495 2290 amatorie
524 2258 667 2297 Guz'etus,
690 2259 742 2288 cui
762 2262 863 2297 atque
889 2257 1051 2288 amatorie
1075 2256 1234 2296 displicet:
1269 2255 1288 2285 l.
1316 2267 1343 2286 a.
1373 2260 1408 2286 ut
1427 2257 1587 2287 amatoris
1611 2260 1663 2286 est

332 2302 467 2343 Seyffirt
605 2303 669 2341 583
693 2311 848 2332 curamus
877 2300 1106 2332 Camerarius:
1140 2309 1295 2330 curemus
1321 2299 1385 2331 cod.
1528 2301 1592 2339 585
1616 2299 1666 2330 vel

334 2357 388 2376 me
406 2346 465 2387 (ila
482 2345 565 2382 cod.)
687 2346 752 2383 586
775 2355 806 2375 u.
827 2355 855 2375 e.
876 2355 919 2374 m.
943 2343 1048 2374 Goetz.
1068 2343 1122 2373 cm‘
1134 2353 1198 2381 ego
1218 2342 1224 2385 l
1244 2352 1300 2374 ux.
1319 2342 1459 2383 dzlsplicet
1577 2354 1664 2382 590-

334 2391 399 2421 600
427 2392 460 2420 in
477 2390 509 2420 A
525 2394 688 2429 perpauca
705 2389 737 2418 in
754 2398 908 2419 versuum
925 2388 1026 2418 r'nitiz‘s·
1041 2390 1167 2417 servata
1299 2395 1359 2424 591
1385 2387 1418 2416 ni
1436 2386 1551 2417 oculos
1567 2386 1599 2416 Β
