1814 2723
223 89 275 125 ΙΙ.
297 88 342 124 iv
711 88 756 126 T.
790 87 971 126 MACCI
1004 87 1208 126 PLAVTI

296 196 462 236 suasisse
482 197 555 236 sibi
576 211 626 236 ne
645 198 833 235 crederes.
893 198 958 245 da,
978 210 1138 246 quaeso,
1159 210 1206 235 ac
1225 210 1277 235 ne
1296 196 1488 236 formida:

295 264 446 301 saluom
467 263 597 301 hercle
617 262 697 300 erit.
759 264 841 299 ΜΕ.
874 263 1033 300 credam
1054 263 1146 309 fore,
1170 263 1266 300 dum
1288 261 1450 312 quidem
1478 261 1561 312 ipse
1581 261 1621 300 in

1312 327 1431 364 manu
1452 327 1618 365 habebo.

294 392 518 443 peregrinus
539 406 612 442 ego
632 406 730 439 sum,
755 393 941 430 Sauream
963 405 1044 429 non
1065 391 1171 429 noui.
1232 393 1292 429 L1.
1315 399 1355 429 at
1375 405 1495 429 nosce
1515 405 1618 429 sane.

295 460 379 496 ME.
402 458 460 504 sit,
477 471 557 496 non
579 457 638 504 sit,
655 469 735 494 non
756 458 898 506 edepol
915 457 1007 494 scio.
1061 456 1092 494 si
1113 456 1144 493 is
1161 463 1229 502 est,
1246 470 1337 494 eum
1355 469 1439 494 esse
1455 463 1618 506 oportet.
1639 461 1706 504 465

233 530 275 560 60
294 537 368 573 ego
388 531 491 561 certe
512 536 575 560 me
596 522 745 560 incerto
765 521 848 559 scio
868 523 945 559 hoc
965 523 1150 560 daturum
1171 520 1321 559 nemini
1342 521 1507 558 homini.

295 590 365 626 LE.
399 589 528 626 hercle
557 587 674 625 istum
704 586 745 624 di
774 599 912 625 omnes
941 586 1136 637 perduint.
1200 587 1324 624 uerbo
1353 599 1450 624 caue
1480 585 1621 636 suppli-

1490 651 1617 689 cassis.

292 719 398 756 ferox
418 725 477 756 est
498 717 635 767 uiginti
656 717 782 755 minas
804 730 911 755 meas
932 724 1097 755 tractare
1117 730 1211 755 sese.

291 796 410 821 nemo
451 782 604 832 accipit,
641 783 749 820 aufer
794 789 832 820 te
872 783 1052 830 domurn,
1089 783 1261 831 apscede
1299 781 1402 828 hinc,
1432 783 1619 820 molestus

1489 860 1539 884 ne
1554 846 1616 885 sis.

292 915 376 952 ME.
408 912 524 951 nimis
554 912 751 951 iracunde.
811 926 893 951 non
922 914 1037 951 decet
1061 913 1276 963 superbum
1303 926 1388 950 esse
1415 911 1617 950 hominem
1638 928 1709 962 470

1450 989 1616 1014 seruom.

228 1047 268 1089 65
292 1045 362 1081 LE.
394 1045 499 1081 malo
518 1043 649 1081 hercle
669 1042 748 1081 iarn
768 1056 912 1093 magno
934 1050 1013 1090 tuo,
1037 1042 1078 1080 ni
1097 1042 1161 1080 isti
1181 1056 1255 1080 nec
1276 1050 1380 1080 recte
1401 1041 1509 1080 dicis.

292 1109 357 1145 L1.‘
385 1107 534 1157 inpure,
557 1107 679 1145 nihili.
739 1121 821 1145 non
841 1107 954 1145 uides
975 1106 1118 1145 irasci?
1176 1108 1246 1145 LE.
1279 1120 1397 1156 perge
1417 1120 1544 1157 porro.

289 1173 350 1210 L1.
382 1171 572 1221 flagitium
592 1171 775 1210 hominis.
826 1172 888 1219 da,
906 1185 1081 1222 opsecro,
1098 1172 1303 1221 argentum
1324 1170 1430 1219 huic,
1445 1185 1496 1210 ne
1516 1174 1619 1212 male

1423 1238 1615 1286 loquatur.

288 1305 372 1341 ME.
395 1305 543 1342 malum
563 1304 695 1342 hercle
715 1303 830 1341 uobis
850 1303 1045 1353 quaeritis.
1098 1305 1169 1341 LE.
1192 1316 1304 1341 crura
1323 1303 1454 1341 hercle
1474 1302 1618 1341 diffrin—

1464 1376 1615 1418 gentur,

285 1434 325 1471 ni
342 1434 460 1472 istum
476 1435 709 1485 inpudicum
722 1434 882 1485 percies.
934 1436 995 1472 LI.
1018 1434 1114 1484 perii
1130 1435 1270 1472 hercle.
1317 1447 1398 1483 age,
1417 1433 1614 1483 inpudice,
1635 1448 1701 1484 475

227 1514 266 1546 70
285 1501 460 1547 sceleste,
483 1513 565 1538 non
584 1501 707 1538 audes
728 1499 825 1537 mihi
846 1501 1014 1538 scelesto
1035 1499 1276 1537 subuenire?
1600 1546 1602 1549 r

287 1566 356 1603 LE.
392 1565 529 1615 pergin
558 1565 707 1615 precari
736 1567 953 1615 pessumo?
1012 1566 1095 1625 ΜΕ.
1128 1578 1230 1614 quae
1259 1566 1349 1602 res?
1389 1572 1459 1602 tun
1493 1564 1615 1602 libero

1465 1628 1615 1666 homini

284 1696 387 1733 male
416 1708 551 1733 seruos
580 1696 772 1745 loquere?
830 1695 900 1733 LE.
938 1696 1091 1744 uapula.
1154 1696 1237 1731 ΜΕ.
1275 1693 1315 1731 id
1350 1694 1511 1743 quidem
1546 1692 1616 1731 tibi

1398 1760 1528 1796 hercle
1549 1759 1615 1796 fiet

284 1832 326 1862 ut
346 1827 521 1874 uapules,
546 1827 838 1864 Demaenetum
859 1824 975 1863 simul
994 1838 1041 1863 ac
1061 1837 1304 1874 conspexero
1324 1823 1454 1862 hodie.

283 1889 323 1928 in
355 1890 413 1928 ius
449 1904 552 1929 uoco
582 1899 632 1930 te.
705 1893 777 1929 LE.
808 1904 889 1929 non
924 1904 982 1929 eo.
1055 1892 1139 1928 ME.
1171 1903 1252 1927 non
1292 1889 1352 1927 is?
1399 1896 1610 1927 memento.
1632 1893 1702 1935 480

1336 1956 1406 1992 LE.
1438 1953 1611 1992 memini.

227 2027 265 2064 75
287 2022 373 2059 ME.
412 2020 569 2058 dabitur
603 2022 669 2071 pol
700 2020 938 2071 supplicium
970 2020 1067 2058 mihi
1098 2021 1149 2059 de
1180 2027 1288 2068 tergo
1326 2026 1470 2057 uostro.
1541 2020 1612 2056 LE.

1461 2097 1533 2121 uae
1553 2091 1591 2122 te
1607 2086 1615 2121 1

327 2190 389 2228 462
413 2189 467 2230 ac]
471 2190 552 2228 fort.
577 2191 620 2220 ah
643 2190 695 2232 (cf.
712 2189 849 2230 &Egren
866 2189 904 2220 de
919 2189 1012 2221 Part.
1040 2189 1153 2230 Copul.
1173 2199 1205 2228 p.
1223 2188 1281 2229 97)
1432 2188 1497 2227 463
1521 2188 1615 2227 ipsus

242 2240 251 2250 Χ
284 2231 475 2263 Nz'emoeller
575 2235 639 2272 469
663 2234 794 2273 accepit
809 2232 876 2265 cod.
910 2234 955 2274 (v.
984 2244 1014 2272 9.
1040 2233 1076 2273 5)
1188 2237 1221 2263 te
1246 2231 1343 2262 aufer
1364 2230 1486 2272 Enger,
1514 2235 1616 2261 metm

283 2276 449 2306 consulens
597 2287 657 2316 471
681 2277 731 2308 vel
753 2277 829 2308 istic
972 2285 1042 2316 475
1066 2286 1129 2315 age
1156 2275 1190 2305 in
1215 2275 1339 2314 pudice
1362 2275 1396 2305 in
1409 2275 1484 2314 fine
1504 2285 1616 2305 versus

284 2318 494 2350 antecedentis
510 2320 559 2360 (ii.
580 2322 616 2360 5)
707 2330 769 2360 477
794 2321 932 2351 homine
948 2319 1012 2351 cod.
1105 2319 1169 2358 478
1192 2319 1280 2349 malo
1297 2317 1361 2350 cod.
1377 2318 1412 2358 (i.
1434 2319 1488 2357 10)
1557 2319 1614 2349 flet

285 2363 349 2394 cod.
367 2363 460 2404 (corr.
481 2362 550 2403 D2)
569 2364 595 2404 (1
616 2368 677 2403 pro
693 2364 719 2404 i)
867 2364 1020 2402 480—483
1042 2362 1110 2393 secl.
1133 2362 1257 2402 Ussing
1399 2363 1466 2400 480
1489 2362 1530 2392 iis
1544 2361 1613 2392 cod.

285 2407 366 2447 (pro
382 2407 445 2446 eis,
459 2407 598 2445 antiqua
605 2406 722 2445 forma
734 2408 759 2447 ἓ)
