1742 2718
693 99 1023 138 AVLVLARIA
1447 97 1514 134 IV.
1535 96 1549 133 i

106 226 171 264 595
193 211 303 263 quasi
324 212 434 263 pueri
454 210 521 262 qui
541 223 634 249 nare
654 210 811 249 discunt
833 209 982 260 scirpea
1003 207 1177 247 induitur
1197 206 1297 253 ratis,

192 277 259 327 qui
280 278 459 316 laborent
479 275 613 324 minu',
634 275 784 314 facilius
805 283 847 313 ut
868 282 963 313 nent
984 281 1021 312 et
1042 280 1229 311 moueant
1251 284 1400 317 manus,
1542 285 1580 306 10

192 343 334 381 eodem
356 343 477 381 modo
498 355 652 381 seruorn
674 349 796 379 ratem
818 353 902 378 esse
922 338 1070 377 amanti
1091 351 1157 376 ero
1177 350 1346 386 aequom
1364 349 1518 382 censeo,

192 415 234 445 ut
254 409 402 454 toleret,
426 420 476 445 ne
496 420 654 458 pessum
674 406 790 444 abeat
811 413 1013 454 tamquam
1035 400 1349 455 <catapirateria>.

192 472 245 510 eri
266 472 330 511 ille
350 471 558 523 imperium
579 471 738 517 ediscat,
762 478 803 507 ut
825 470 933 520 quod
954 471 1059 506 frons
1081 467 1175 505 uelit
1195 467 1298 504 oculi
1320 465 1467 512 sciant3

105 541 175 575 600
193 539 301 587 quod
322 537 455 576 iubeat
475 536 561 576 citis
582 535 779 586 quadrigis
801 534 915 573 citius
936 541 1117 584 properet
1139 531 1329 583 persequi.

193 602 260 653 qui
281 616 325 641 ea
346 602 498 641 curabit
517 600 731 652 apstinebit
751 599 938 638 censione
960 599 1118 644 bubula,
1546 608 1580 638 ¹5

193 680 266 705 nec
286 680 356 705 sua
376 680 494 718 opera
513 666 662 715 rediget
682 677 871 714 umquam
894 665 931 701 in
953 663 1205 713 splendorem
1226 660 1440 711 compedis.

193 745 299 770 nunc
320 734 398 771 eru’
420 745 530 770 meus
550 739 656 769 amat
678 730 798 768 filiam
820 728 950 767 huiius
973 727 1177 766 Euclionis
1198 726 1404 777 pauperis;

192 811 280 837 eam
302 811 367 836 ero
389 811 495 835 nunc
515 795 780 834 renuntiatum
804 802 862 833 est
883 801 1051 843 nuptum
1072 792 1165 830 huic
1187 792 1405 841 Megadoro
1426 789 1518 828 dari.

104 866 170 909 605
192 862 223 900 is
244 864 489 913 speculatum
511 863 588 900 huc
609 860 713 898 misit
734 873 808 907 me,
832 866 873 897 ut
894 872 995 908 quae
1015 859 1153 896 fierent
1174 857 1280 895 fieret
1301 855 1504 905 particeps.

192 941 299 966 nunc
320 928 404 966 sine
424 927 534 965 omni
554 925 779 975 suspicione
799 924 839 961 in
860 936 926 961 ara
946 923 1010 964 hic
1029 922 1338 974 adsidamsssacra
1353 935 1362 967 3
1543 932 1584 953 20

193 993 285 1032 hinc
306 1006 378 1043 ego
398 1000 436 1031 et
457 993 534 1030 huc
554 999 593 1029 et
614 990 704 1029 illuc
725 997 862 1040 potero
883 989 979 1039 quid
999 996 1115 1038 agant
1135 985 1362 1025 arbitrarier.
1422 1006 1427 1013 ι

404 1151 616 1187 Echlo
730 1149 1047 1185 LYCONIDIS
1099 1147 1315 1183 SEvas
1541 1136 1571 1173 ii

197 1252 295 1289 Evc.
324 1251 388 1288 Tu
409 1249 530 1287 modo
551 1260 648 1286 caue
664 1246 880 1297 quoiquam
901 1243 1105 1284 indicassis
1126 1256 1265 1282 aurum
1285 1255 1419 1280 meum
1439 1254 1524 1279 esse

1263 1307 1360 1354 istic,
1385 1306 1524 1345 Fides:

195 1393 275 1418 non
315 1386 449 1417 metuo
488 1391 538 1416 ne
576 1377 786 1427 quisquam
820 1374 1006 1423 inueniat,
1040 1373 1094 1413 ita
1131 1373 1254 1424 probe
1292 1372 1332 1410 in
1370 1371 1526 1411 latebris

1358 1444 1523 1475 situmst.

108 1516 178 1550 610
196 1511 339 1560 edepol
354 1522 404 1548 ne
420 1508 498 1547 illic
513 1509 718 1559 pulchram
734 1507 921 1557 praedam
941 1512 1041 1556 agat,
1056 1504 1088 1543 si
1103 1503 1190 1554 quis
1205 1503 1312 1542 illam
1333 1502 1526 1541 inuenerit

195 1576 326 1614 aulam
355 1581 538 1613 onustam
566 1572 675 1621 auri3
714 1585 851 1611 uerum
881 1570 923 1610 id
951 1578 990 1609 te
1019 1582 1167 1620 quaeso
1200 1576 1243 1607 ut
1272 1567 1522 1619 prohibessis‚

1393 1632 1521 1672 Fides.

196 1717 303 1743 nunc
322 1704 475 1751 lauabo,
494 1710 537 1741 ut
556 1716 638 1742 rem
659 1701 836 1741 diuinam
857 1700 1008 1747 faciam,
1027 1713 1077 1738 ne
1097 1700 1270 1738 adfinem
1290 1711 1419 1737 morer
1546 1704 1563 1735 5

197 1768 292 1819 quin
313 1768 382 1807 ubi
400 1775 574 1808 accersat
595 1781 724 1806 meam
745 1768 943 1817 extemplo
964 1765 1084 1803 filiam
1105 1765 1223 1803 ducat
1243 1765 1419 1802 domum.

198 1833 301 1880 uide,
324 1833 452 1880 Fides,
476 1832 594 1872 etiam
623 1840 742 1882 atque
771 1831 888 1870 etiam
919 1843 1036 1877 nunc,
1059 1831 1208 1868 saluam
1229 1836 1271 1867 ut
1300 1830 1430 1867 aulam
1455 1842 1525 1879 aps

1271 1902 1309 1933 te
1329 1896 1502 1933 auferam
1519 1910 1525 1932 :

110 1965 176 2010 615
198 1970 287 2001 tuae
308 1964 386 2002 fide
406 1961 636 2002 concredidi
655 1975 809 2009 aurum,
830 1960 870 1999 in
890 1968 959 1999 tuo
980 1962 1070 1998 luco
1092 1968 1130 1998 et
1149 1961 1242 1998 fano
1263 1968 1320 1998 est
1342 1959 1469 1998 situm.

239 2077 303 2107 595
327 2068 440 2106 scirpo
463 2066 530 2098 cod.
548 2066 636 2097 Festi
648 2076 713 2105 33ο
730 2065 802 2103 (sed
820 2065 956 2104 scirpea
976 2064 1062 2104 166),
1081 2063 1210 2097 Donati
1223 2064 1270 2094 ad
1282 2064 1377 2096 And.
1395 2074 1424 2103 5,
1438 2075 1468 2103 4,
1483 2065 1526 2102 38

197 2112 262 2151 598
284 2116 321 2142 ut
337 2110 457 2152 (eum)
473 2111 568 2141 Hare
641 2110 775 2141 tolleret
792 2109 856 2140 cod.
924 2109 1029 2149 suppl.
1051 2106 1238 2138 Lambinus
1258 2108 1319 2147 (iii.
1337 2108 1372 2148 4)
1462 2117 1527 2147 599

197 2155 247 2185 eri
264 2154 320 2185 ille
341 2153 505 2195 Wagner:
528 2154 636 2184 herile
653 2153 718 2184 cod.
862 2153 926 2190 603
953 2152 1038 2181 Nam
1055 2151 1141 2181 Brix
1281 2152 1346 2182 608
1369 2152 1525 2190 quiquam

196 2198 241 2227 13⁵
252 2202 290 2228 ut
303 2197 387 2228 vid.:
411 2198 590 2238 quicquam
606 2196 683 2227 ΡΒῙ)
772 2196 959 2226 indicasses
976 2195 1054 2235 (-sis
1070 2193 1120 2234 D)
1132 2194 1196 2226 cod.
1322 2197 1388 2234 609
1405 2195 1526 2234 probet

197 2251 274 2272 corr.
294 2241 398 2281 probe
414 2241 482 2272 cod.
596 2243 661 2279 613
685 2249 795 2270 meam
811 2238 923 2269 Hare:
954 2247 1008 2268 me
1024 2248 1133 2268 meam
1149 2237 1214 2269 cod.
1236 2238 1292 2278 (iv.
1310 2239 1345 2278 3)
1462 2239 1525 2275 615

196 2283 275 2315 fano
297 2295 325 2315 e.
344 2295 372 2316 s.
393 2283 554 2325 Pylades:
578 2284 658 2314 sano
681 2284 780 2313 modo
801 2286 854 2312 est
872 2281 975 2312 situm
999 2281 1064 2312 cod.
1086 2283 1138 2323 (ex
1159 2281 1280 2322 duplici
1300 2282 1426 2312 lectione
1449 2281 1525 2312 sano

198 2328 296 2358 modo
313 2332 342 2358 et
355 2328 436 2358 fano
453 2332 505 2359 est
522 2328 623 2359 situm
641 2326 835 2366 conflatum)
