1742 2718
708 69 979 107 ASINARIA
1455 72 1507 108 ΙΙ.
1529 71 1540 107 i

178 178 255 218 iam
287 179 355 218 diu
382 185 440 217 est
466 179 613 217 facturn
646 190 768 228 quom
796 176 955 216 discesti
982 177 1032 216 ab
1060 190 1126 216 ero
1156 185 1274 228 atque
1301 178 1429 218 abiisti
1457 182 1506 218 ad

1367 246 1504 292 sorum,

177 308 291 360 igitur
311 308 558 347 inueniundo
577 314 739 358 argento
760 314 802 346 ut
823 308 988 358 fingeres
1009 307 1212 346 fallaciam.

177 375 230 413 ibi
252 382 292 413 tu
313 376 364 413 ad
384 375 461 412 hoc
481 373 558 412 diei
579 381 735 423 tempus
756 372 976 411 dormitasti
997 372 1037 411 in
1058 372 1150 412 otio.
1526 391 1543 422 5

176 439 271 489 quin
292 447 333 477 tu
354 452 423 489 aps
444 446 482 477 te
502 438 724 477 socordiam
746 451 907 476 omnem
928 437 1030 476 reice
1051 445 1089 476 et
1110 438 1315 488 segnitiem
1337 452 1479 479 amoue

87 518 153 555 255
174 512 293 554 atque
313 505 364 542 ad
384 503 585 554 ingenium
606 511 719 541 uetus
740 511 945 541 uorsutum
967 510 1005 541 te
1025 503 1164 552 recipis
1186 505 1326 542 tuom?

174 583 285 608 serua
306 583 425 615 erum,
449 582 546 607 caue
566 569 608 606 tii
629 567 734 607 idern
756 567 852 606 faxis
873 567 937 605 alii
959 569 1067 618 quod
1089 567 1189 606 serui
1211 570 1349 616 solent,

172 636 240 684 qui
259 635 310 673 ad
331 634 384 673 eri
405 633 692 673 fraudationem
713 633 900 672 callidum
921 633 1123 683 ingenium
1144 641 1295 683 gerunt.

172 700 278 738 unde
306 701 489 737 sumam?
518 698 637 749 quem
664 698 950 738 interuortam?
979 699 1059 749 quo
1086 700 1189 738 hanc
1209 701 1385 738 celocem
1413 713 1503 738 con·
1527 714 1564 735 10

565 808 568 811 ,
1353 766 1473 804 seram
1487 768 1503 803 ?

172 828 424 878 impetritum,
448 828 784 879 inauguratumst:
814 829 956 879 quouis
976 829 1192 869 admittunt
1211 843 1317 878 aues,

85 899 153 933 260
171 894 282 943 picus
302 901 340 932 et
360 893 495 932 cornix
514 894 564 932 ab
585 896 708 942 laeua,
732 907 887 942 coruos,
908 908 1019 945 parra
1038 896 1089 934 ab
1110 896 1270 934 dextera

170 960 417 998 consuadent
431 974 441 1007 3
471 967 621 998 certum
641 961 810 998 herclest
830 968 1003 998 uostram
1025 960 1216 1011 consequi
1237 962 1486 1001 sententiam.

170 1025 241 1063 sed
256 1024 352 1074 quid
373 1025 450 1063 hoc
470 1026 579 1074 quod
600 1024 711 1075 picus
728 1026 880 1063 ulmum
902 1025 1062 1064 tundit?
1092 1027 1169 1065 hau
1190 1028 1487 1067 temerariumst.

170 1096 274 1128 certe
295 1090 425 1128 hercle
445 1103 518 1140 ego
539 1097 733 1140 quantum
755 1104 801 1129 ex
822 1091 985 1140 augurio
1007 1090 1103 1129 eiius
1125 1091 1202 1142 pici
1223 1092 1418 1144 intellego,
1523 1107 1559 1139 15

169 1161 238 1192 aut
257 1154 354 1192 mihi
373 1153 413 1192 in
433 1156 586 1194 mundo
606 1162 697 1194 sunt
717 1155 848 1206 uirgae
877 1163 944 1194 aut
964 1155 1123 1195 atriensi
1143 1158 1323 1196 Saureae.

83 1225 148 1271 265
170 1220 241 1258 sed
261 1219 357 1270 quid
377 1219 469 1258 illuc
489 1221 598 1270 quod
619 1220 864 1260 exanimatus
884 1221 1002 1260 currit
1022 1223 1101 1260 huc
1122 1222 1331 1262 Leonida?

170 1291 305 1323 metuo
327 1298 449 1335 quom
470 1284 548 1324 illic
568 1286 825 1336 opscaeuauit
844 1300 956 1326 meae
976 1288 1095 1326 falsae
1115 1288 1302 1328 fallaciae.

546 1397 807 1436 LEONIDA
918 1399 1167 1438 LIBAst
1520 1401 1549 1438 ii

169 1478 240 1516 LE.
263 1477 343 1516 Vbi
364 1491 437 1528 ego
457 1491 565 1516 nunc
587 1478 785 1517 Libanum
806 1479 1001 1530 requiram
1023 1488 1090 1520 aut
1110 1481 1339 1526 familiarem
1363 1483 1497 1530 filiurn,

168 1549 211 1580 ut
231 1556 304 1592 ego
324 1542 410 1581 illos
430 1542 671 1582 lubentiores
691 1544 833 1583 faciam
854 1559 973 1595 quam
996 1545 1258 1584 Lubentiast?

168 1621 391 1646 maxumam
413 1610 600 1658 praedam
622 1616 661 1647 et
681 1609 925 1660 triumphum
946 1610 978 1649 is
998 1612 1134 1650 adfero
1155 1613 1331 1651 aduentu
1353 1626 1452 1651 meo.

80 1687 149 1722 270
167 1673 329 1722 quando
349 1686 506 1711 mecum
527 1673 670 1723 pariter
690 1681 838 1723 potant,
862 1675 1005 1725 pariter
1025 1676 1186 1714 scortari
1206 1678 1344 1724 solent,

166 1738 268 1776 hanc
285 1737 447 1787 quidem
465 1751 583 1788 quam
601 1746 739 1777 nactus
760 1741 947 1789 praedam
965 1741 1107 1790 pariter
1124 1754 1212 1779 cum
1232 1741 1304 1781 illis
1320 1742 1495 1792 partiam.
1518 1756 1535 1789 5

166 1804 226 1841 L1.
258 1802 336 1841 illic
356 1803 479 1841 homo
499 1802 607 1842 aedis
629 1804 870 1854 compilauit,
894 1819 1002 1844 more
1023 1805 1054 1844 si
1074 1806 1166 1845 fecit
1186 1820 1269 1846 suo.

165 1868 238 1907 uae
260 1869 315 1907 illi
335 1868 403 1919 qui
423 1877 503 1908 tarn
524 1869 775 1921 indiligenter
795 1871 1022 1921 opseruauit
1042 1871 1211 1911 ianuam.

166 1935 237 1973 LE.
269 1941 438 1972 aetatem
458 1934 578 1973 uelim
600 1935 755 1980 seruire,
780 1936 978 1975 Libanum
1000 1944 1043 1975 ut
1063 1938 1300 1976 conueniam
1320 1940 1452 1978 modo.

79 2009 121 2044 27
127 2009 144 2046 5
167 2000 228 2038 L1.
260 2013 347 2038 mea
368 1999 530 2050 quidem
551 2001 683 2040 hercle
703 2001 802 2041 liber
822 2016 943 2053 opera
962 2016 1181 2053 numquam
1203 2005 1272 2043 fies
1292 2004 1414 2044 ocius.

208 2101 271 2131 252
295 2102 426 2122 versum
451 2092 508 2123 del.
539 2093 674 2124 Guietus
806 2104 868 2134 254
894 2095 992 2126 reicis
1019 2101 1053 2127 et
1081 2097 1260 2135 segnitiem
1286 2108 1427 2129 amoues
1454 2097 1494 2138 (ἲ)

166 2135 231 2165 Leo
318 2145 382 2175 259
405 2137 562 2167 amittunt
587 2137 651 2169 cod.
744 2139 809 2169 260
833 2139 875 2169 ab
896 2139 915 2170 1.
931 2139 1082 2171 Guietus:
1110 2145 1161 2170 est
1183 2141 1224 2170 ab
1242 2142 1261 2171 l.
1275 2140 1338 2172 cod.
1430 2142 1495 2171 262

164 2179 254 2209 haud
266 2178 353 2209 codd.
370 2179 543 2219 Nom't'414
559 2191 566 2211 :
584 2191 649 2211 non
663 2180 731 2211 cod.
843 2184 905 2220 263
929 2183 1002 2213 eius
1020 2183 1085 2223 piei
1107 2182 1201 2214 Gertz
1218 2196 1225 2215 ε
1247 2185 1389 2223 auspicii
1407 2184 1471 2215 cod.
1486 2196 1493 2215 ε

163 2223 219 2252 vix
235 2224 291 2252 aut
307 2223 457 2262 auspicio
568 2225 633 2254 266
656 2235 687 2255 m
716 2226 806 2263 quod
824 2226 888 2257 cod.
906 2237 913 2257 ι
938 2237 980 2256 m.
998 2237 1073 2256 cum
1093 2226 1179 2258 codd.
1195 2227 1371 2266 N0111'i146
1438 2228 1480 2258 ob

163 2266 338 2296 scaeuauit
363 2276 440 2297 corr.
460 2266 656 2298 obseruauit
680 2268 744 2298 cod.
766 2272 804 2298 ut
825 2269 889 2300 vid.
911 2270 1162 2307 (obscaeruauit
1185 2271 1218 2301 Β
1236 2271 1276 2310 Ε,
1298 2271 1493 2302 obseruauit

164 2307 227 2347 3³)
349 2319 413 2348 274
437 2315 548 2340 aetate
565 2310 632 2342 cod.
723 2311 774 2352 ut]
793 2313 849 2352 qui
868 2312 956 2345 codd.
975 2313 1079 2344 Nonii
1092 2323 1132 2354 72
1260 2325 1322 2355 275
1347 2315 1402 2346 vix
1418 2315 1493 2345 her-

165 2351 239 2382 cule
327 2352 360 2384 li.
378 2364 432 2393 op.
453 2354 555 2385 Reiz:
579 2365 632 2395 op.
651 2355 683 2386 li.
701 2354 766 2387 cod.

210 2406 327 2428 PLAVT.
348 2407 359 2427 1
1383 2403 1402 2434 5
