1814 2723
192 39 245 76 II.
267 39 296 75 ii
379 51 382 54 ⁴
688 40 735 78 T.
768 39 949 78 MACCI
981 39 1185 77 PLAVTI

269 149 350 187 HE.
383 149 478 199 quid
499 151 637 200 pater?
665 149 849 188 uiuitne?
892 151 1062 188 PHILoc.
1095 149 1243 197 uiuom,
1265 163 1388 200 quom
1408 150 1501 189 inde
1520 150 1600 190 abi-

1267 229 1364 262 mus,
1386 215 1571 265 liquimus
1590 231 1602 264 3

269 292 376 317 nunc
396 279 556 318 uiuatne
577 293 713 326 necne,
737 279 777 317 id
798 280 947 318 Oreum
968 279 1066 318 scire
1086 286 1241 329 oportet
1262 279 1420 317 scilicet.

269 346 342 383 Tv.
375 346 483 382 salua
513 358 572 383 res
607 352 675 391 est,
698 344 998 394 philosophatur
1022 357 1182 394 quoque
1213 344 1302 390 iam,
1325 357 1406 382 non
1433 346 1603 383 mendax

1387 410 1509 447 modo
1530 417 1600 447 est.

212 485 250 516 35
273 476 353 512 HE.
386 474 481 524 quid
503 482 583 512 erat
614 474 648 512 ei
679 476 858 512 nomen?
915 476 1086 512 PHILOC.
1119 474 1604 524 Thensaurochrysonico-
1621 476 1687 520 285

1388 539 1599 589 chrysides.

272 608 353 644 HE.
385 605 570 644 uidelicet
590 613 748 655 propter
768 605 925 643 diuitias
946 605 1115 643 inditum
1136 605 1176 643 id
1197 619 1344 643 nomen
1365 605 1476 655 quasi
1496 613 1564 643 est.

272 672 441 709 PH1Loc.
476 670 598 708 immo
619 672 761 720 edepol
787 677 945 720 propter
964 670 1168 708 auaritiam
1192 670 1315 719 ipsius
1343 678 1462 720 atque
1488 671 1605 708 auda-

1490 735 1601 773 ciam.

271 816 363 840 nam
384 801 437 838 illi
459 801 621 851 quidem
642 802 997 839 Theodoromedes
1018 801 1090 838 fuit
1110 814 1298 850 germano
1318 800 1490 839 nomine.

272 869 353 905 HE.
387 866 483 916 quid
507 874 549 904 tu
571 866 660 904 ais?
690 874 857 905 tenaxne
883 874 992 916 pater
1022 873 1080 904 est
1110 866 1222 904 eius?
1278 868 1449 904 PHILoc.
1482 865 1605 904 immo

1230 931 1372 980 edepol
1393 938 1579 981 pertenax
1596 945 1607 978 5

212 1012 253 1043 40
272 997 369 1047 quin
398 997 514 1035 etiam
542 1003 585 1035 ut
609 996 723 1046 magi'
752 1009 916 1035 noscas:
948 995 1078 1035 Genio
1103 1009 1175 1034 suo
1203 995 1271 1034 ubi
1294 997 1456 1046 quando
1482 1009 1608 1033 sacru-
1626 1007 1695 1040 290

1504 1061 1605 1107 fleat,

271 1129 323 1166 ad
342 1141 424 1166 rem
445 1127 622 1166 diuinam
643 1127 787 1177 quibus
808 1134 867 1166 est
891 1128 995 1177 opu',
1016 1127 1156 1165 Samiis
1177 1126 1280 1165 uasis
1301 1126 1435 1174 utitur,

272 1207 321 1231 ne
342 1193 425 1243 ipse
447 1192 597 1231 Genius
619 1192 813 1242 surrupiat
830 1207 838 1230 z
870 1192 1037 1242 proinde
1056 1191 1141 1230 aliis
1162 1199 1204 1230 ut
1225 1193 1357 1230 credat
1377 1191 1480 1230 uide.

274 1259 354 1296 HE.
387 1270 550 1307 sequere
577 1258 650 1295 hac
678 1270 742 1295 me
769 1256 892 1307 igitur.
953 1258 1093 1295 eadem
1121 1270 1195 1307 ego
1223 1270 1271 1295 ex
1296 1258 1373 1295 hoc
1393 1270 1495 1307 quae
1516 1257 1609 1295 uolo

1315 1321 1606 1371 exquaesiuero.

276 1388 528 1435 Philocrates,
550 1387 614 1426 hie
634 1387 725 1426 fecit
746 1387 950 1426 hominem
971 1387 1069 1436 frugi
1090 1394 1132 1425 ut
1152 1389 1279 1425 facere
1298 1386 1480 1436 oportuit.

214 1468 255 1499 45
276 1455 368 1492 nam
389 1466 462 1503 ego
482 1467 529 1491 ex
548 1454 625 1492 hoc
646 1466 725 1503 quo
745 1465 886 1502 genere
906 1460 1047 1502 gnatus
1068 1451 1119 1489 sis
1140 1451 1235 1499 scio,
1252 1451 1316 1489 hic
1331 1452 1472 1489 fassust
1488 1449 1584 1488 mihi
1598 1465 1609 1498 3
1628 1461 1693 1497 295

276 1520 374 1557 haec
394 1526 436 1556 tu
457 1519 597 1556 eadem
618 1517 649 1555 si
670 1516 848 1555 confiteri
869 1517 940 1563 uis,
963 1524 1031 1554 tua
1050 1530 1090 1554 re
1110 1515 1246 1554 feceris
1266 1531 1273 1554 :
1605 1525 1606 1528 ’

275 1597 376 1635 quae
406 1591 538 1622 tamen
566 1582 648 1621 seio
679 1583 776 1621 scire
806 1596 869 1620 me
895 1595 942 1620 ex
969 1582 1061 1620 h0c‹
1116 1583 1189 1619 ΤΥ.
1222 1580 1313 1619 fecit
1340 1579 1512 1619 officium
1544 1579 1608 1618 hic

1481 1658 1607 1692 suom,

276 1728 397 1766 quom
418 1714 489 1752 tibi
510 1721 568 1752 est
588 1714 791 1752 confessus
813 1726 962 1760 uerum,
985 1725 1227 1762 quamquam
1248 1711 1356 1750 uolui
1377 1712 1516 1750 sedulo

276 1794 405 1819 meam
426 1779 673 1817 nobilitatem
694 1780 891 1817 occultare
913 1786 951 1816 et
970 1791 1093 1828 genus
1113 1785 1152 1816 et
1172 1777 1329 1816 diuitias
1350 1790 1467 1823 meas,

217 1857 258 1889 50
278 1845 433 1895 Hegio3
463 1857 568 1882 nunc
589 1845 750 1893 quando
771 1843 936 1894 patriam
956 1850 995 1882 et
1014 1843 1234 1881 libertatem
1255 1841 1418 1892 perdidi,
1629 1852 1699 1887 300

277 1925 358 1950 non
379 1924 451 1960 ego
472 1910 599 1948 istunc
620 1923 683 1948 me
704 1909 835 1959 potius
855 1923 974 1959 quam
994 1916 1033 1947 te
1056 1915 1230 1946 metuere
1249 1920 1419 1957 aequom
1440 1920 1595 1945 censeo.

277 1977 336 2016 uis
357 1977 508 2016 hostilis
529 1991 619 2015 eum
641 1977 739 2016 istoc
759 1977 851 2015 fecit
871 1990 978 2014 meas
998 1988 1094 2025 opes
1114 1972 1356 2024 aequabilis3

278 2043 454 2091 memini,
475 2056 597 2093 quom
617 2043 725 2081 dicto
746 2043 853 2080 haud
874 2042 1045 2080 audebat
1064 2055 1071 2078 :
1102 2039 1205 2077 facto
1226 2051 1331 2076 nunc
1352 2039 1481 2076 laedat
1502 2037 1602 2076 licet.

320 2150 382 2189 283
406 2149 545 2180 uiuatne
562 2148 684 2179 Bothe:
710 2148 803 2178 uiuat
819 2146 884 2177 cod.
993 2146 1055 2183 285
1079 2144 1157 2184 quid
1175 2143 1271 2179 Brix,
1288 2141 1467 2172 secundum
1485 2152 1609 2172 morem

276 2193 489 2223 Plautinum:
507 2193 596 2231 quod
613 2191 680 2223 cod.
758 2191 822 2221 288
846 2189 904 2221 del.
918 2189 1037 2226 Bothe;
1061 2187 1119 2218 sed
1125 2186 1209 2218 Phil.
1223 2196 1331 2216 secum
1345 2185 1407 2225 (vel
1419 2184 1606 2225 Tyndarus)

263 2237 422 2276 *loquitur
471 2236 522 2266 vel
533 2235 599 2266 illic
688 2235 753 2273 289
776 2234 935 2273 pertinax
947 2232 1011 2263 cod.
1104 2241 1169 2270 290
1191 2230 1240 2260 vel
1255 2239 1351 2269 mage
1440 2238 1499 2267 291
1525 2238 1610 2268 opus

277 2286 328 2311 est
339 2280 413 2311 Ital.
536 2280 600 2318 296
622 2277 710 2321 (ex)
727 2283 783 2309 tua
799 2275 1015 2307 Studemund
1121 2284 1182 2313 297
1208 2273 1278 2303 scio
1294 2276 1478 2312 suspectum
1493 2284 1500 2303 :
1525 2272 1611 2302 scito

282 2324 345 2354 17²:
361 2324 441 2363 fort.
462 2324 509 2354 sci
622 2323 685 2361 298
709 2330 912 2361 quamquam
931 2318 1161 2349 Camerarius:
1186 2326 1285 2356 quam
1304 2316 1367 2347 cod.
