1742 2718
735 81 1009 119 ASINARIA
1483 85 1529 122 V.
1551 84 1564 121 i

117 195 183 240 845
204 202 342 228 uerum
362 189 476 228 istam
496 202 598 228 amo.
649 190 765 228 aliam
787 197 919 229 tecum
935 203 1021 229 esse
1037 190 1223 241 equidem
1244 191 1356 230 facile
1372 205 1533 241 possum

1370 258 1530 307 perpeti.

204 322 279 358 DE.
310 328 350 358 at
370 334 442 371 ego
463 322 565 359 hanc
586 322 689 359 uolo.
749 323 854 359 ARG.
887 334 978 371 ergo
999 329 1090 359 sunt
1105 335 1206 371 quae
1222 329 1382 371 exoptas
1400 337 1406 359 :
1438 322 1533 359 mihi

1007 400 1109 436 quae
1130 387 1203 436 ego
1223 394 1405 436 exoptem
1426 388 1529 425 uolo.

204 450 279 487 DE.
312 463 435 488 unum
463 451 570 488 hunc
597 450 703 488 diem
734 458 949 500 perpetere,
978 450 1167 500 quoniam
1195 450 1266 488 tibi
1295 458 1530 501 potestatem

1437 516 1530 554 dedi

200 593 291 618 cum
312 582 385 619 hac
405 594 554 619 annum
576 588 618 619 ut
638 594 754 628 esses,
777 588 895 630 atque
915 581 1063 619 amanti
1083 580 1233 631 argenti
1253 580 1327 619 feci
1348 580 1513 630 copiam.
1552 592 1591 613 20

113 625 181 668 849
200 648 304 683 ARG.
337 659 399 684 em
430 646 529 684 istoc
559 659 622 685 me
651 647 756 685 facto
785 645 856 684 tibi
885 645 1072 685 deuinxti.
1134 647 1210 683 DE.
1243 645 1339 695 quin
1368 653 1405 683 te
1439 659 1530 695 ergo

112 672 181 716 8⁵⁰
1126 710 1292 748 hilarum
1313 710 1531 748 dasmihi?

249 823 569 859 ARTEMONA
680 823 999 859 PARASITVS
1111 823 1478 858 ARGYRIPPVS
1548 820 1577 856 ii

428 889 817 924 DEMAENETVS
929 887 1299 922 PHILAENIVM

197 970 301 1006 ART.
333 968 412 1006 Ain
432 976 474 1006 tu
496 981 628 1006 meum
650 967 778 1006 uirum
799 967 864 1005 hic
884 975 1031 1017 potare,
1055 968 1234 1017 opsecrO,
1255 980 1345 1005 cum
1368 967 1450 1005 filio

197 1041 235 1072 et
254 1034 306 1072 ad
325 1033 494 1071 amicam
516 1033 703 1071 detulisse
723 1032 873 1082 argenti
894 1031 1033 1082 uiginti
1054 1031 1180 1069 minas

198 1112 367 1149 meoque
387 1099 468 1137 filio
489 1098 638 1136 sciente
658 1098 699 1136 id
719 1099 846 1136 facere
867 1097 1056 1147 flagitium
1078 1099 1259 1147 patrem?

198 1165 267 1202 ΡΑ.
308 1177 437 1214 neque
475 1163 601 1202 diuini
638 1176 770 1214 neque
808 1162 862 1201 mi
904 1162 1068 1201 humani
1109 1163 1276 1213 posthac
1315 1163 1527 1213 quicquam

1302 1229 1526 1276 accreduas,

108 1302 173 1346 855
195 1296 422 1341 Artemona,
446 1294 478 1333 si
498 1294 614 1332 huius
635 1294 688 1333 rei
710 1307 773 1332 me
794 1296 880 1332 esse
901 1294 1135 1332 mendacem
1155 1293 1364 1332 inueneris.
1549 1307 1566 1337 5

194 1361 298 1397 ART.
329 1368 369 1398 at
389 1361 554 1398 scelesta
574 1373 647 1409 ego
667 1366 819 1409 praeter
838 1358 935 1397 alios
957 1372 1090 1397 meum
1111 1358 1240 1397 uirum
1260 1358 1359 1409 frugi
1379 1367 1470 1406 rata,

192 1427 352 1473 siceum,
375 1426 485 1477 frugi,
508 1426 790 1474 continentem,
813 1433 1014 1464 amantem
1035 1425 1165 1464 uxoris
1186 1438 1380 1463 maxume.

194 1493 263 1530 PA.
294 1500 333 1530 at
359 1505 466 1530 nunc
492 1491 638 1530 dehinc
665 1490 763 1530 scito
793 1490 903 1529 illum
929 1498 1022 1529 ante
1051 1490 1181 1529 omnis
1210 1490 1363 1528 minimi
1387 1497 1526 1528 morta-

1315 1557 1392 1594 lem
1413 1555 1522 1605 preti,

193 1622 410 1669 madidum,
434 1622 556 1669 nihili,
578 1621 892 1660 incontinentem
912 1628 1031 1671 atque
1051 1633 1207 1659 osorem
1227 1620 1357 1659 uxoris
1378 1634 1481 1658 suae.

102 1693 172 1730 860
192 1689 295 1725 ART.
328 1688 395 1737 pol
421 1687 462 1725 ni
488 1686 608 1726 istaec
635 1700 728 1726 uera
754 1693 896 1733 essent,
925 1698 1145 1736 numquam
1174 1686 1318 1724 faceret
1347 1698 1394 1724 ea
1423 1698 1524 1735 quae
1547 1696 1584 1717 10

1290 1763 1398 1789 nunc
1418 1751 1520 1789 facit.

192 1821 260 1858 ΡΑ.
293 1832 366 1869 ego
387 1832 546 1869 quoque
567 1820 697 1857 hercle
717 1817 828 1856 illum
847 1819 1016 1856 antehac
1036 1816 1239 1855 hominem
1261 1830 1417 1866 semper
1435 1830 1521 1854 sum

1286 1882 1385 1933 frugi
1404 1889 1520 1928 ratus,

189 1964 326 1990 uerum
348 1952 425 1990 hoc
445 1952 549 1989 facto
570 1964 655 1989 sese
676 1950 860 1997 ostendit,
884 1949 951 2000 qui
972 1949 1135 1999 quidem
1156 1961 1247 1986 cum
1268 1946 1349 1985 filio

188 2023 299 2066 potet
318 2030 398 2055 una
416 2024 536 2066 atque
555 2030 635 2054 una
654 2015 823 2054 amicam
844 2017 991 2061 ductet,
1015 2013 1238 2064 decrepitus
1259 2026 1388 2051 senex.

189 2083 292 2119 ART.
325 2083 402 2120 hoc
423 2089 575 2120 ecastor
594 2088 653 2119 est
674 2082 782 2130 quod
803 2080 868 2118 ille
887 2080 916 2117 it
937 2081 988 2117 ad
1009 2092 1149 2117 cenam
1169 2077 1343 2116 cottidie.

102 2152 168 2197 865
189 2146 242 2184 ait
261 2159 347 2185 sese
366 2146 421 2184 ire
440 2147 491 2184 ad
512 2145 810 2192 Archidemum,
835 2145 1068 2191 Chaeream,
1089 2144 1419 2190 Chaerestratum,
1542 2155 1578 2185 15

232 2251 295 2289 855
319 2250 368 2281 vel
382 2250 458 2281 med
555 2260 631 2280 esse
656 2260 709 2279 me
727 2248 1014 2288 Seyffert,savente
1025 2247 1265 2278 allitteratzbne:
1291 2257 1367 2277 esse
1383 2245 1441 2276 del.
1455 2245 1519 2275 Leo

188 2293 254 2332 856
277 2293 380 2334 frugi]
404 2293 449 2324 fui
466 2293 627 2333 Pylades:
660 2293 790 2323 sueram
816 2292 859 2331 (3)
879 2291 942 2321 Leo
1124 2291 1189 2321 860
1213 2291 1278 2321 ista
1302 2300 1383 2320 uera
1410 2299 1438 2320 e.
1465 2288 1518 2318 B:

189 2346 270 2367 uera
286 2336 352 2367 ista
367 2348 395 2367 e.
414 2336 481 2366 DE
501 2337 555 2376 (cf.
573 2334 722 2375 Lz'ndsay
741 2334 790 2365 ad
813 2334 907 2375 Capt.
922 2334 1022 2375 964):
1047 2334 1130 2373 sort.
1151 2344 1234 2364 uera
1252 2334 1358 2364 istaec
1377 2333 1444 2363 sint
1464 2331 1515 2372 (cf.

192 2379 361 2420 Lindskog
374 2379 413 2410 de
428 2379 710 2410 Condicionalilms
727 2389 759 2419 p.
780 2380 854 2415 102)
