1742 2718
741 53 947 94 CASINA
1459 51 1512 89 11.
1533 52 1579 88 iv

188 169 265 208 CH.
299 166 394 205 mihi
414 167 478 204 illa
499 165 632 210 nubet,
656 163 882 201 machinare
902 160 1110 211 quidlubet
1130 159 1272 210 quouis
1294 161 1423 199 modo.

189 235 258 272 Lv.
290 232 382 270 abin
417 231 508 269 hinc
542 230 591 268 ab
627 228 781 267 oculis?
837 228 915 267 CH.
947 225 1094 264 inuitus
1128 239 1191 264 me
1226 225 1349 272 uides,
1387 225 1518 263 uiuam

1321 298 1520 328 tamen„—

190 366 259 402 Lv.
293 375 431 401 sumne
452 373 524 411 ego
547 359 662 397 miser
682 359 833 396 homo?
863 356 963 395 satin
984 369 1123 394 omnes
1144 369 1203 394 res
1224 362 1314 394 sunt
1330 356 1521 394 aduorsae

1397 420 1524 458 mihi?

190 494 267 532 iam
290 500 423 531 metuo
445 505 493 529 ne
515 489 796 540 Olympionem
819 501 906 526 mea
927 500 1023 526 uxor
1042 486 1259 525 exorauerit
1548 504 1585 536 ²5

103 572 167 609 305
190 573 240 597 ne
279 557 465 597 Casinam
505 557 647 594 ducat:
696 554 727 592 si
766 554 807 592 id
845 555 992 591 factum
1033 560 1102 600 est,
1139 566 1231 591 ecce
1272 565 1333 590 me
1373 553 1525 589 nullum

1365 630 1500 655 senem
1519 619 1525 654 l

191 688 222 727 si
243 701 323 726 non
344 685 578 737 impetrauit,
603 685 720 723 etiam
742 685 903 734 specula
924 684 963 721 in
980 682 1155 721 sortitust
1176 681 1283 720 mihi.

191 754 222 791 si
243 767 326 792 sors
346 760 477 791 autem
499 750 734 797 decollassit,
757 749 931 800 gladium
952 748 1093 787 faciam
1114 748 1297 786 culcitam

191 831 363 869 eumque
376 815 614 856 incumbam.
648 817 717 854 sed
731 815 975 866 progreditur
988 821 1151 864 optume
1167 826 1305 851 eccum
1323 811 1521 861 Olympio.

506 927 767 965 OLYMP1o
879 926 1206 962 Lvs1DAMvs
1540 928 1569 953 v

194 1016 267 1055 OL.
299 1016 390 1052 Vna
409 1015 551 1064 edepol
573 1026 691 1062 opera
711 1011 750 1049 in
772 1012 930 1049 furnum
951 1010 1123 1048 calidum
1144 1008 1307 1047 condito

107 1096 178 1130 310
193 1089 312 1130 atque
332 1079 387 1118 ibi
407 1086 552 1117 torreto
573 1092 637 1117 me
656 1090 728 1128 pro
748 1090 850 1127 pane
871 1075 1025 1122 rubido,

194 1146 268 1192 erzi,
292 1158 370 1195 qua
388 1144 502 1182 istam
523 1144 642 1194 opera
660 1156 684 1181 a
704 1155 767 1180 me
787 1141 982 1192 impetres,
1006 1141 1115 1190 quod
1136 1141 1321 1190 postulas.

195 1212 265 1248 LY.
298 1211 428 1248 saluos
448 1222 546 1255 sum,
568 1209 677 1246 salua
697 1220 785 1257 spes
806 1214 874 1254 est,
898 1213 940 1244 ut
960 1205 1081 1243 uerba
1100 1204 1230 1243 audio.

196 1276 269 1314 OL.
302 1274 398 1325 quid
419 1281 461 1312 tu
482 1287 545 1312 me
565 1281 641 1320 tua,
666 1286 740 1319 era,
764 1271 943 1310 libertate
963 1269 1142 1309 territas?
1545 1283 1564 1316 5

195 1340 263 1390 qui
283 1339 314 1378 si
335 1347 376 1378 tu
398 1339 498 1377 nolis
518 1338 700 1388 filiusque
720 1337 838 1375 etiam
859 1344 958 1383 tuos,

109 1417 175 1454 315
196 1405 311 1443 uobis
332 1404 464 1442 inuitis
484 1411 602 1454 atque
621 1403 830 1441 amborum
851 1400 1023 1452 ingratiis

197 1482 275 1507 una
294 1469 426 1508 libella
444 1469 542 1507 liber
561 1482 723 1519 possum
744 1467 837 1506 fieri.

198 1535 268 1572 Lv.
300 1534 397 1584 quid
415 1533 516 1572 istuc
535 1535 624 1572 est?
652 1533 814 1583 quicum
834 1532 972 1582 litigas,
996 1530 1212 1582 Olympio?

198 1600 272 1638 OL.
303 1612 394 1637 cum
413 1599 551 1637 eadem
573 1612 652 1648 qua
671 1606 713 1636 tu
734 1610 898 1648 semper.
958 1598 1028 1635 Lv.
1060 1609 1151 1635 cum
1172 1595 1281 1634 uxori
1302 1597 1420 1634 mea?
1548 1611 1587 1633 10

199 1665 273 1703 OL.
304 1677 423 1714 quam
444 1672 485 1702 tu
507 1663 560 1702 mi
581 1677 742 1703 uxorem
755 1665 773 1702 ?
801 1663 913 1714 quasi
934 1670 1098 1701 uenator
1118 1669 1159 1700 tu
1181 1661 1342 1712 quidem
1363 1674 1403 1699 es
1420 1677 1427 1699 :

113 1740 182 1776 320
199 1729 283 1768 dies
303 1729 421 1779 aitque
440 1736 578 1767 noctes
598 1742 689 1767 cum
710 1741 809 1767 cane
828 1735 997 1767 aetatem
1018 1727 1149 1777 exigis.

201 1796 270 1833 Lv.
302 1794 398 1844 quid
418 1794 506 1844 agit,
530 1793 627 1843 quid
646 1793 821 1843 loquitur
840 1795 1003 1832 tecum?
1059 1793 1133 1832 OL.
1165 1792 1259 1839 orat,
1282 1798 1460 1842 opsecrat

198 1872 250 1897 ne
269 1858 455 1899 Casinam
476 1872 637 1897 uxorem
657 1859 813 1897 ducam.
874 1859 943 1896 Lv.
975 1857 1073 1907 quid
1093 1864 1135 1896 tu
1156 1858 1323 1907 postea?

200 1925 274 1963 OL.
305 1923 447 1974 negaui
466 1923 572 1961 enim
593 1922 666 1974 ipsi
687 1936 751 1961 me
772 1935 1053 1961 concessurum
1076 1921 1176 1969 Ioui,
1551 1938 1587 1968 1²5

200 1991 230 2028 si
251 1988 283 2027 is
304 2002 459 2027 mecum
480 1996 616 2027 oraret.
676 1989 746 2026 Lv.
778 1988 819 2026 di
840 1995 878 2026 te
899 1987 1111 2026 seruassint
1131 1986 1227 2024 mihi
1244 1989 1250 2024 !

246 2102 311 2131 303
334 2103 389 2123 res
413 2103 478 2124 om.
499 2091 564 2122 cod.
586 2092 644 2129 (iii.
676 2091 707 2131 1)
727 2090 819 2132 (add.
842 2090 887 2131 J)
1021 2092 1088 2128 306
1112 2089 1250 2129 specula
1273 2090 1373 2121 etiam
1392 2088 1532 2129 Pylades

204 2136 241 2166 in
258 2137 414 2166 sortitust
437 2134 612 2166 Acidalius
627 2147 633 2165 :
659 2135 816 2165 insortita
840 2137 917 2164 sunt
935 2132 994 2174 (st)
1012 2133 1078 2164 cod.
1098 2145 1105 2164 ς
1123 2133 1156 2164 in
1172 2133 1290 2164 sortist
1309 2133 1526 2172 Camerarius,

206 2179 340 2210 Guietus
435 2188 495 2218 311
517 2189 583 2218 qua
595 2177 698 2209 Brix:
725 2188 825 2217 quarn
844 2176 940 2217 (qui)
954 2175 1020 2207 cod.
1037 2176 1107 2217 (vii.
1123 2176 1159 2216 4)
1227 2177 1278 2207 vel
1291 2177 1418 2209 istanc:
1444 2177 1529 2207 istuc

206 2223 288 2254 Brix
404 2232 468 2261 313
492 2233 544 2252 me
561 2226 619 2252 tua
635 2232 692 2252 era
711 2221 793 2251 Leo:
819 2230 873 2250 me
889 2230 970 2250 uera
986 2219 1051 2250 cod.
1069 2221 1144 2260 (pro
1161 2223 1306 2262 m&u‹;ra
1319 2220 1346 2260 2)
1466 2230 1527 2259 314

203 2266 258 2305 qui
286 2264 479 2296 Aa'dalius:
503 2266 583 2304 quid
607 2263 673 2295 cod.
692 2263 746 2304 (cf.
760 2274 788 2294 v.
802 2263 881 2304 313)
1037 2263 1099 2301 318
1123 2263 1172 2294 vel
1191 2273 1323 2294 uxoren
1464 2274 1529 2301 320

203 2308 253 2341 vel
266 2319 304 2339 ac
435 2318 496 2347 321
521 2309 568 2339 ait
585 2307 638 2338 PE
