1742 2718
76 583 140 619 335

75 910 145 944 340

75 1233 140 1270 345

76 1559 146 1596 350

28 1811 139 1854 334-5

666 69 984 109 MERCATOR
1433 68 1486 105 II.
1509 67 1538 103 ii

164 183 255 222 huic
274 184 508 234 persuadere
528 195 608 232 quo
629 183 750 220 modo
771 181 873 232 potis
894 181 989 219 siem

162 256 203 287 ut
224 249 327 286 illam
350 250 496 287 uendat
517 261 618 285 neue
638 248 706 285 det
728 247 839 284 matri
861 260 953 284 suae
972 261 981 293 ;

161 328 251 352 nam
274 313 307 352 ci
329 315 436 351 dono
456 314 607 351 aduexc
627 311 772 350 audiui.
833 313 902 350 sed
924 317 1134 361 praecauto
1155 317 1287 360 opust,

161 393 211 418 ne
232 378 295 417 hic
316 378 421 416 illam
444 391 506 415 me
525 376 703 414 animum
724 376 916 415 adiecisse
936 375 1068 425 aliqua
1089 374 1240 413 sentiat.

487 487 785 526 CHARINVS
899 486 1169 522 DEMIPHO

270 569 347 608 CH.
381 569 519 605 Homo
540 581 603 605 me
624 566 800 605 miserior
819 567 966 604 nullust
986 579 1123 615 aeque,
1147 564 1298 616 opinor,

270 646 399 683 neque
419 633 587 671 aduorsa
609 631 703 682 quoi
724 633 836 681 plura
857 632 934 669 sint
954 630 1193 680 sempiterna
1208 645 1218 678 ,-

323 697 423 736 satin
444 696 640 747 quidquid
661 704 718 735 est
735 709 854 746 quam
875 709 956 734 rem
977 709 1091 746 agere
1112 695 1261 746 occepi,

269 762 468 814 proprium
491 761 627 811 nequit
649 761 703 798 mi
723 762 832 810 quod
853 760 971 810 cupio
992 760 1183 799 euenire?

323 826 376 865 ita
397 826 493 865 mihi
514 817 616 865 mala
636 840 696 864 res
716 825 848 875 aliqua
867 825 1045 872 obicitur,

270 893 421 932 bonum
441 905 543 943 quae
564 905 697 930 meum
718 890 944 940 comprimit
964 890 1183 928 consilium.

162 957 279 997 miser
297 956 466 996 amicam
487 956 584 994 mihi
604 955 750 1007 paraui,
773 955 894 994 animi
914 969 1063 1003 caussa,
1086 955 1213 1005 pretio
1234 953 1368 1005 eripui,

267 1030 372 1061 ratus
393 1024 494 1060 clam
515 1029 665 1072 patrem
685 1019 786 1073 (me)
806 1034 939 1059 meum
959 1033 1076 1071 posse
1097 1020 1242 1058 habere
1256 1034 1267 1067 3

267 1088 300 1126 is
319 1087 476 1126 resciuit
497 1094 535 1125 et
555 1086 655 1125 uidit
675 1093 714 1124 et
734 1085 905 1137 perdidit
927 1099 990 1124 me
1006 1100 1016 1133 ;

269 1166 399 1203 neque
421 1152 451 1190 is
473 1165 595 1202 quom
617 1159 726 1201 roget
747 1151 845 1201 quid
865 1152 1004 1200 loquar
1024 1149 1286 1199 cogitatumst,

268 1218 323 1256 ita
341 1216 462 1256 animi
482 1217 622 1256 decem
642 1216 683 1254 in
703 1224 863 1266 pectore
883 1215 1021 1254 incerti
1041 1223 1201 1254 certant.

269 1296 342 1321 nec
363 1282 459 1333 quid
480 1283 599 1320 corde
619 1295 726 1320 nunc
746 1280 885 1319 consili
907 1294 1046 1331 capere
1067 1279 1215 1330 possim

269 1348 361 1395 scio,
385 1355 516 1386 tantus
532 1360 623 1385 cum
644 1360 737 1385 cura
757 1354 884 1385 meost
904 1359 1010 1384 error
1028 1345 1178 1393 animo,

268 1414 364 1452 dum
385 1412 487 1451 serui
508 1412 585 1451 mei
606 1413 803 1462 perplacet
824 1411 878 1449 mi
899 1410 1120 1457 consilium,

269 1480 366 1517 dum
387 1491 522 1517 rusum
544 1479 622 1516 hau
642 1479 771 1528 placet
792 1490 866 1515 nec
887 1484 996 1526 pater
1016 1476 1110 1526 poti'
1132 1475 1289 1514 uidetur
1305 1523 1313 1526 -

271 1543 405 1582 induci
425 1551 468 1582 ut
488 1551 599 1594 putet
621 1542 733 1581 matri
753 1542 936 1581 ancillam
957 1549 1131 1591 emptam
1152 1554 1238 1579 esse
1258 1540 1375 1578 illam.

269 1622 376 1647 nunc
397 1609 428 1647 si
447 1609 540 1648 dico
559 1616 602 1647 ut
621 1622 681 1647 res
702 1615 760 1646 est
779 1615 899 1657 atque
919 1607 1025 1645 illam
1045 1606 1143 1644 mihi
1163 1619 1228 1644 me

268 1674 409 1712 emisse
428 1673 573 1722 indico,
591 1675 710 1724 quem
730 1674 782 1712 ad
803 1673 968 1711 modum
988 1671 1196 1711 existumet
1216 1673 1309 1709 me?

267 1746 386 1789 atque
406 1738 512 1777 illam
531 1739 740 1788 apstrahat‚
759 1745 864 1776 trans
885 1750 991 1776 mare
1011 1736 1104 1775 hinc
1124 1749 1272 1774 uenum
1292 1742 1465 1786 asportet
1480 1750 1490 1783 5

268 1803 350 1842 scio
370 1805 500 1842 saeuo’
520 1817 639 1854 quam
660 1803 719 1850 sit,
742 1804 866 1842 domo
884 1803 1036 1841 doctus.
1096 1801 1211 1851 igitur

161 1867 328 1907 hoccine
348 1876 406 1907 est
425 1870 586 1908 amare?
613 1882 721 1907 arare
742 1868 927 1907 mauelim
949 1881 1069 1918 quam
1090 1866 1145 1905 sic
1164 1879 1306 1904 amare.

269 1933 346 1971 iam
373 1932 377 1984 Ι
402 1933 495 1972 hinc
515 1933 609 1972 olim
630 1932 799 1971 inuitum
821 1934 943 1971 domo
964 1931 1125 1970 extrusit
1144 1931 1195 1969 ab
1216 1944 1268 1977 se,

269 2006 483 2037 mercatum
504 1999 558 2037 ire
578 1998 689 2036 iussit
708 2014 714 2036 :
745 1997 799 2036 ibi
820 1999 896 2035 hoc
918 1998 1064 2036 malurn
1086 2009 1159 2046 ego
1180 1995 1325 2034 inueni.

203 2111 264 2141 331
290 2102 458 2141 persuade
473 2101 540 2132 cod.
563 2102 657 2141 (corr.
674 2100 739 2143 D2)
883 2111 947 2140 333
971 2103 1183 2140 praecautost
1199 2109 1285 2139 opus
1302 2098 1368 2130 cod.
1389 2099 1441 2141 (cf.
1458 2110 1486 2131 v.

160 2146 240 2185 330)
350 2155 415 2185 335
440 2145 550 2176 nullus
566 2150 618 2176 est
633 2143 699 2175 cod.
775 2144 826 2175 vel
839 2145 944 2183 opino
1061 2144 1125 2182 338
1149 2155 1200 2174 eu.
1221 2144 1312 2182 quod
1329 2153 1380 2174 cu.
1400 2143 1486 2176 cod.:

161 2189 276 2227 traieci,
295 2199 376 2220 nam
393 2189 521 2219 euenir’
541 2189 598 2219 vix
609 2187 789 2227 serendum
843 2186 1000 2228 euenire]
1018 2197 1094 2217 esse
1111 2187 1142 2217 id
1162 2186 1260 2217 Goetz
1276 2187 1419 2229 (anap.),
1439 2187 1493 2217 cui

161 2236 337 2272 proprium
354 2231 492 2272 displicet
591 2241 652 2271 341
680 2231 806 2271 eripui]
828 2232 921 2270 ι[ονί.
942 2230 1133 2261 adz'ectivum
1152 2230 1241 2261 latet'
1260 2230 1326 2260 Leo
1423 2239 1488 2269 342

161 2286 214 2306 me
231 2276 309 2307 add.
329 2276 461 2315 Bentley
606 2285 669 2314 344
693 2275 818 2314 cogitat
835 2275 923 2305 unde
941 2278 993 2304 est
1007 2274 1040 2303 Β
1169 2284 1234 2313 353
1258 2274 1375 2315 atque]
1393 2284 1412 2304 a
1434 2283 1488 2303 me

164 2319 286 2360 Ussing
394 2329 467 2358 354,
486 2328 549 2358 355
574 2318 691 2358 igitur]
710 2319 785 2349 dico
799 2317 1014 2349 Studemund
1143 2327 1205 2357 357
1230 2316 1329 2360 (me)
1346 2317 1487 2347 inuitum

160 2362 288 2393 Ritsclzl
430 2364 558 2402 358—72
576 2367 761 2402 paucorum
777 2372 932 2392 versuum
948 2361 1039 2391 initia
1055 2365 1216 2402 apparent
1228 2361 1262 2390 A
1424 2361 1487 2400 358

161 2406 280 2448 merc.]
303 2416 421 2448 acm—
443 2405 477 2436 A
495 2407 566 2448 (pro
581 2405 624 2436 ab
640 2414 688 2444 se,
708 2415 746 2435 ac
767 2405 770 2446 Ι
792 2404 979 2435 Mercatum
996 2407 1046 2436 etc.
1059 2406 1086 2446 ἓ)

1511 186 1553 216 60

1514 481 1559 517 iii

1513 1161 1554 1184 10

1514 1490 1551 1521 15

1510 1815 1550 1837 20
