1794 2728
235 92 299 129 I.i
698 90 743 127 T.
778 89 958 129 MACCI
990 88 1193 126 PLAVTI

285 214 376 239 nam
398 201 506 251 quod
527 207 682 251 egomet
703 201 808 238 solus
829 198 914 245 feci,
938 211 1011 236 nec
1031 196 1240 246 quisquam
1260 197 1359 236 alius
1379 197 1515 244 adfuit,
1628 204 1694 243 425

283 265 323 304 in
345 266 580 312 tabernaclo,
603 264 644 303 id
665 264 825 315 quidem
846 262 967 302 hodie
986 274 1204 311 numquam
1225 261 1367 311 poterit
1387 261 1527 301 dicere.

204 341 262 374 275
285 330 315 369 si
337 338 378 369 tu
399 330 511 370 Sosia
530 344 585 378 es,
605 329 777 380 legiones
799 342 920 378 quom
942 327 1171 377 pugnabant
1192 340 1388 374 maxume,

285 395 381 446 quid
401 395 441 433 in
462 396 688 434 tabernaclo
709 393 833 432 fecisti
850 395 867 431 ?
896 392 1024 431 uictus
1045 405 1132 430 sum
1154 391 1185 429 si
1206 390 1358 430 dixeris.

286 462 369 499 ME.
401 462 523 499 cadus
543 467 624 498 erat
644 459 736 506 uini,
760 458 852 497 inde
873 457 1035 507 impleui
1055 458 1242 495 hirneam.
1303 458 1368 495 So.
1400 456 1611 507 ingressust

1491 521 1607 560 uiam.

286 592 370 629 ME.
402 603 488 629 eam
510 603 593 640 ego,
612 592 654 627 iit
675 596 796 627 matre
817 589 941 626 fuerat
961 594 1109 634 natum,
1132 585 1214 624 uini
1236 585 1352 625 eduxi
1373 586 1479 625 meri.
1630 599 1700 634 430

284 658 349 695 So.
380 657 565 694 factumst
585 654 695 701 illud,
715 661 757 691 ut
778 667 851 703 ego
872 652 950 690 illic
970 651 1053 690 uini
1073 651 1251 690 hirneam
1272 651 1462 690 ebiberim
1484 651 1590 691 meri.

203 726 264 759 280
284 720 380 758 mira
401 726 491 758 sunt
511 718 584 757 nisi
605 718 717 757 latuit
736 717 841 756 intus
862 717 939 755 illic
960 718 999 754 1'n
1020 716 1109 754 illac
1129 716 1274 755 hirnea.

285 787 368 824 ΜΕ.
400 784 496 835 quid
517 785 652 822 nunc?
708 783 853 821 uincon
875 781 1114 832 argumentis
1134 788 1173 820 te
1193 795 1274 820 non
1295 795 1380 821 esse
1400 782 1552 822 Sosiam
1569 785 1585 821 ?

284 852 348 890 So.
382 857 422 888 tu
444 862 562 899 negas
584 849 675 887 med
697 850 812 886 esse?
870 849 953 885 ME.
985 846 1082 896 quid
1103 860 1176 897 ego
1200 846 1240 885 ni
1260 860 1412 897 negem,
1436 847 1503 898 qui
1523 861 1612 898 ego-

1385 920 1465 952 met
1484 912 1611 952 siem?

284 984 348 1021 So.
381 995 449 1032 per
472 983 610 1020 Iouem
632 980 717 1018 iuro
737 980 829 1018 med
851 993 936 1017 esse
956 992 1087 1029 neque
1107 992 1171 1016 me
1192 979 1332 1017 falsum
1353 978 1494 1017 dicere.
1630 983 1696 1020 435

286 1048 369 1085 ΜΕ.
400 1054 439 1085 at
460 1060 532 1096 ego
553 1059 620 1096 per
643 1044 883 1083 Mercurium
905 1043 989 1082 iuro
1010 1043 1081 1082 tibi
1102 1044 1243 1082 Iouem
1265 1056 1344 1082 non
1366 1044 1523 1083 credere
1539 1058 1548 1091 ;

202 1119 263 1160 285
283 1126 374 1150 nam
396 1111 563 1150 iniurato
584 1110 666 1149 scio
686 1111 774 1160 plus
794 1110 928 1148 credet
949 1108 1045 1146 mihi
1066 1122 1186 1158 quam
1207 1108 1333 1147 iurato
1353 1108 1434 1148 tibi.

285 1180 349 1217 So.
382 1176 469 1227 quis
490 1190 563 1226 ego
584 1189 670 1214 sum
692 1176 841 1221 saltem,
865 1173 896 1212 si
917 1188 997 1213 non
1019 1187 1106 1212 sum
1128 1173 1269 1213 Sosia?
1297 1181 1335 1213 te
1356 1173 1562 1224 interrogo.

286 1244 369 1280 ME.
401 1241 469 1280 ubi
490 1255 562 1291 ego
583 1239 694 1280 Sosia
715 1239 836 1278 nolim
859 1252 957 1287 esse,
978 1246 1020 1277 tu
1041 1246 1126 1277 esto
1146 1252 1240 1277 sane
1261 1238 1398 1286 Sosia;

284 1320 400 1354 nunc,
424 1307 586 1356 quando
606 1319 679 1355 ego
700 1319 798 1351 sum,
822 1303 1042 1354 uapulabiS,
1063 1303 1103 1342 ni
1123 1303 1217 1342 hinc
1236 1303 1333 1351 abis,
1356 1303 1550 1355 ignobilis.
1630 1314 1699 1347 440

285 1374 349 1411 So.
381 1379 485 1410 certe
519 1371 671 1420 edepol,
709 1383 830 1420 quom
864 1369 975 1407 illum
1010 1370 1240 1419 contemplo
1273 1375 1312 1407 et
1350 1370 1517 1408 formam
1551 1382 1613 1407 co-

1296 1446 1446 1483 gnosco
1466 1446 1606 1480 meam,

203 1518 265 1549 290
284 1515 401 1552 quem
436 1502 487 1539 ad
520 1501 685 1539 modum
719 1513 792 1549 ego
823 1512 910 1537 sum
946 1497 1080 1549 (saepe
1114 1497 1154 1536 in
1189 1499 1395 1548 speculum
1428 1497 1607 1549 inspexi),

593 1601 600 1607 ,
1046 1613 1057 1622 l
1199 1563 1306 1601 nimi'
1326 1563 1489 1602 similest
1508 1562 1586 1602 mei
1602 1577 1611 1610 5

284 1631 420 1670 itidem
448 1631 567 1669 habet
591 1637 769 1680 petasum
799 1644 844 1668 ac
874 1629 1084 1668 uestitum:
1116 1636 1196 1667 tam
1222 1628 1464 1668 consimilest
1491 1635 1611 1679 atque

1510 1707 1584 1744 ego
1601 1708 1611 1741 3

283 1776 381 1809 sura,
404 1774 484 1812 pes,
507 1769 662 1806 statura,
686 1767 832 1807 tonsus,
856 1759 974 1808 oculi,
996 1774 1135 1799 nasum
1156 1761 1219 1799 uel
1240 1760 1357 1806 labra,

283 1828 418 1873 malae,
441 1833 633 1873 mentum,
654 1825 785 1872 barba,
807 1827 955 1865 collus:
986 1833 1101 1864 totus.
1161 1824 1257 1875 quid
1278 1824 1407 1863 uerbis
1428 1825 1574 1875 opust?
1628 1832 1694 1868 445

283 1891 314 1929 si
334 1899 484 1941 tergum
505 1890 788 1937 cicatricosum,
811 1891 907 1929 nihil
928 1892 1005 1930 hoc
1026 1890 1180 1929 similist
1200 1889 1374 1928 similius.

202 1970 262 2004 295
283 1957 352 1995 sed
373 1969 494 2006 quom
515 1955 657 2006 cogito,
681 1956 867 2006 equidem
889 1964 996 1994 certo
1017 1955 1124 1994 idem
1144 1969 1231 1994 sum
1252 1955 1320 2005 qui
1336 1967 1491 2004 semper
1510 1953 1576 1992 fui.

283 2020 377 2060 noui
397 2034 518 2067 erum,
541 2021 634 2060 noui
655 2021 764 2060 aedis
785 2029 936 2059 nostras
953 2036 962 2067 3
991 2035 1084 2059 sane
1105 2020 1215 2071 sapio
1235 2027 1274 2059 et
1294 2019 1431 2075 sentio.

282 2100 363 2124 non
383 2099 456 2136 ego
477 2086 530 2124 illi
552 2094 783 2137 optempero
804 2087 912 2136 quod
933 2085 1115 2136 loquitur.
1175 2085 1338 2135 pultabo
1359 2087 1472 2124 fores.

284 2153 367 2189 ΜΕ.
399 2151 479 2200 quo
508 2151 589 2201 agis
619 2153 687 2190 te?
743 2153 807 2189 ΞΟ.
841 2152 1015 2189 domum.
1077 2152 1160 2188 ΜΕ.
1193 2149 1401 2200 quadrigas
1435 2150 1467 2187 si
1500 2162 1607 2188 nunc
1626 2161 1696 2198 450

1267 2215 1476 2254 inscendas
1498 2213 1606 2253 Iouis

980 2300 1000 2310 A

325 2330 389 2360 430
411 2319 459 2351 vel
474 2320 521 2350 uti
612 2324 736 2359 natum,
756 2319 871 2362 (tum)
887 2319 1034 2359 Palmer,
1052 2320 1202 2359 rhythmo
1217 2319 1386 2351 consulens
1474 2319 1538 2358 438
1561 2317 1610 2349 vel

282 2365 339 2395 ted
427 2374 491 2402 439
514 2372 589 2394 esse
606 2363 708 2394 nolim
728 2363 896 2402 Gruterus,
914 2374 996 2394 nam
1014 2364 1115 2395 Sosia
1130 2367 1313 2403 suspectum
1329 2363 1377 2403 (in
1392 2373 1423 2393 v.
1442 2363 1505 2401 438
1521 2363 1556 2392 -5
1572 2364 1606 2392 te

282 2410 348 2439 lnt-
364 2406 545 2447 tribrach.):
568 2406 624 2437 vix
638 2406 785 2437 neuelim
803 2417 878 2438 esse
958 2408 1023 2446 446
1036 2411 1203 2447 tergumst
1213 2407 1262 2438 vel
1272 2406 1538 2438 cicatricosumst
1550 2404 1610 2436 alii
