1814 2723
198 75 350 113 11.vi1i
693 76 739 113 T.
775 75 956 114 MACCI
989 75 1192 113 PLAVTI

273 185 399 226 †abeo
419 185 538 224 iratus
559 185 677 232 illinc,
701 184 916 235 quoniam†
937 184 1034 222 nihil
1055 191 1114 223 est
1135 184 1202 235 qui
1224 198 1363 224 emam.

272 250 326 288 ita
344 250 418 289 ilh's
439 250 587 300 inpuris
609 250 794 289 omnibus
814 249 893 288 adii
915 263 1087 287 manum.

274 315 420 354 deinde
440 323 596 365 egomet
618 328 773 353 mecum
795 314 965 364 cogitare
985 313 1170 353 interuias

218 397 256 419 10
275 380 412 430 occepi
430 395 436 417 :
466 381 566 418 festo
587 379 651 418 die
672 379 703 417 si
724 378 820 429 quid
842 378 1077 429 prodegeris,
1622 387 1694 429 380

274 447 447 495 profesto
468 459 580 495 egere
601 444 726 491 liceat,
750 443 824 482 nisi
844 443 1074 494 peperceris.

272 519 484 561 postquam
505 512 607 548 hanc
628 508 820 547 rationem
841 510 969 547 uentri
989 508 1178 560 cordique
1199 510 1316 558 edidi,

271 576 435 615 accessit
456 575 610 613 animus
631 576 682 613 ad
703 588 832 613 meam
854 574 1102 622 sententiam,

273 655 391 692 quarn
414 640 578 679 minimo
600 647 759 690 sumptu
782 639 901 677 filiam
923 646 965 677 ut
985 647 1153 689 nuptum
1174 641 1319 679 darem.

216 722 253 754 15
272 720 378 745 nunc
399 707 597 744 tusculum
619 704 696 743 emi
717 712 755 743 et
776 705 880 743 hasc'
902 718 1067 743 coronas
1088 706 1225 743 floreas
1243 720 1250 742 :
1626 711 1690 755 385

273 775 370 812 haec
391 772 644 822 imponentur
665 770 705 808 in
726 772 816 809 foco
837 778 972 808 nostro
994 769 1094 817 Lari,

274 846 316 877 ut
336 840 551 877 fortunatas
573 836 688 874 faciat
708 843 849 885 gnatae
870 835 1037 886 nuptias.

274 905 344 943 sed
365 903 460 954 quid
482 916 554 953 ego
574 909 727 952 apertas
748 901 857 940 aedis
878 908 1031 939 nostras
1052 901 1288 952 conspicor?

275 978 312 1008 et
333 969 532 1019 strepitust
553 968 668 1006 intus.
728 980 919 1005 numnam
941 980 1014 1017 ego
1034 966 1226 1017 compilor
1246 966 1392 1005 miser?

217 1050 255 1071 20
276 1036 347 1074 Co.
380 1036 510 1073 aulam
532 1033 732 1079 maiorem,
755 1032 786 1071 si
807 1040 911 1083 pote,
935 1045 981 1070 ex
1001 1022 1145 1070 uicinia
1163 1022 1209 1025 Ἦ
1626 1045 1695 1079 390

274 1108 363 1150 pete
381 1116 387 1138 :
417 1101 515 1138 haec
536 1106 594 1137 est
614 1111 745 1149 parua,
770 1111 909 1147 capere
929 1110 1011 1136 non
1032 1096 1126 1147 quit.
1187 1099 1284 1135 Evc.
1318 1096 1353 1135 ei
1375 1096 1482 1144 mihi,

274 1165 369 1215 perii
390 1166 530 1203 hercle.
590 1166 729 1202 aurum
750 1163 906 1213 rapitur,
928 1164 1018 1200 aula
1038 1162 1244 1212 quaeritur.

319 1230 503 1268 nimirum
521 1228 689 1275 occidor,
700 1227 774 1266 nisi
788 1241 861 1278 ego
875 1227 976 1266 intro
990 1228 1067 1266 huc
1082 1241 1246 1277 propere
1260 1241 1427 1278 propero
1442 1241 1602 1266 currere.

276 1297 431 1347 Apollo,
455 1308 614 1345 quaeso,
636 1292 805 1332 subueni
825 1292 879 1331 mi
898 1300 1017 1343 atque
1037 1292 1193 1340 adiuua,

217 1377 256 1409 25
277 1363 430 1412 confige
451 1360 598 1410 sagittis
619 1361 722 1398 fures
742 1357 1042 1405 thensaurarios,
1626 1367 1691 1404 395

277 1427 343 1479 qui
370 1427 375 1479 Ι
400 1427 440 1465 in
461 1440 500 1464 re
521 1425 588 1464 tali
608 1425 685 1463 iam
707 1423 926 1463 subuenisti
945 1423 1142 1463 antidhac.

277 1494 347 1533 sed
368 1505 478 1532 cesso
499 1490 595 1542 priu'
617 1504 736 1540 quam
756 1502 895 1541 prosus
916 1489 1012 1540 perii
1033 1503 1195 1528 currere.

212 1605 258 1642 ix
597 1599 604 1605 ”
802 1602 1083 1638 ANTHRA‘X

276 1688 354 1725 AN.
389 1687 552 1732 Dromo,
575 1685 792 1734 desquama
811 1681 939 1732 piscis.
998 1689 1052 1729 tu,
1076 1681 1315 1728 Machaerio,

275 1764 476 1802 congrum,
500 1762 703 1787 murenam
725 1749 1129 1797 exdorsuaquantum
1150 1754 1290 1796 potest.

275 1830 348 1867 ego
369 1816 461 1854 hinc
482 1822 677 1864 artoptam
698 1827 744 1852 ex
765 1825 957 1863 proxumo
979 1813 1169 1850 utendam
1190 1819 1283 1861 peto
1624 1826 1693 1860 400

319 1930 380 1960 377
405 1919 482 1950 illim
504 1920 607 1950 iratus
622 1918 722 1948 Bot'ze
790 1915 973 1959 (mihi)nil
992 1914 1138 1956 Wagm'r
1193 1915 1274 1954 fort.
1294 1915 1407 1946 abbito
1425 1939 1432 1946 .
1454 1939 1460 1946 .
1480 1940 1485 1946 .
1504 1926 1604 1955 quom

276 1965 337 2004 381
366 1963 560 2002 peperceris
585 1962 641 1993 vix
668 1961 829 1992 Plautina
850 1961 968 2000 forma
1080 1959 1146 1989 nisi
1171 1959 1198 1989 si
1229 1959 1378 1998 parseris
1405 1958 1604 1990 Abraham:

267 2008 346 2046 fort.
361 2018 392 2038 n.
408 2006 658 2046 reperser1s(cs
677 2005 765 2036 Truc.
779 2015 842 2045 375
857 2003 1070 2043 pepercisses
1084 2008 1144 2042 pro
1156 2004 1321 2042 parsisses
1339 2002 1387 2033 vel
1402 2003 1608 2041 repersisses

277 2051 328 2088 A)
441 2051 504 2089 385
528 2055 562 2080 et
578 2049 695 2087 hasce]
716 2049 777 2079 hoe
795 2054 828 2078 et
845 2047 931 2078 codd.
953 2046 1117 2077 Prisciani
1134 2056 1147 2076 1
1184 2057 1244 2084 104
1375 2047 1440 2084 386
1457 2046 1607 2084 impone-

278 2100 381 2125 untur
400 2094 464 2124 cod.
488 2100 562 2134 *pro
581 2098 669 2123 -unt-
688 2101 764 2123 corr.
781 2096 867 2122 -ent-
885 2102 892 2127 ;
917 2091 958 2121 iv.
979 2094 1013 2129 3)
1141 2099 1204 2127 390
1227 2093 1307 2128 pote
1331 2099 1374 2119 ex
1399 2088 1608 2120 Lambinus:

279 2144 376 2179 potes
402 2137 459 2168 cod
499 2142 573 2178 (pro
601 2144 703 2176 po0ex
838 2145 899 2174 391
926 2139 979 2165 est
1004 2143 1110 2169 parua
1136 2132 1292 2172 Pylades:
1330 2143 1434 2171 parua
1462 2137 1514 2163 est
1542 2133 1607 2164 cod.

279 2193 342 2222 392
370 2182 483 2212 hercle
500 2179 607 2222 (ego)
625 2180 759 2219 Seyffert
889 2188 953 2217 393
977 2177 1014 2217 cf
1041 2176 1086 2207 ad
1108 2186 1170 2215 242
1289 2185 1351 2215 395
1375 2177 1508 2215 sagittis
1527 2187 1604 2207 corr.

253 2241 261 2251 x
280 2237 317 2257 ex
333 2227 461 2265 sagitas
475 2224 532 2254 cod
654 2224 718 2262 396
742 2223 792 2254 cui
811 2221 876 2253 rod.
910 2222 928 2252 i.
943 2233 965 2252 e.
981 2221 1087 2260 quoiii
1104 2231 1110 2250 ε
1134 2219 1219 2250 sicui
1241 2218 1366 2259 Ussing
1460 2219 1517 2250 tali
1543 2221 1607 2250 iam

282 2270 515 2302 Camera’w'us:
544 2268 622 2298 ta'ia
646 2266 710 2297 cnd.
818 2265 1008 2309 subuenistli
1027 2264 1118 2294 Ima:
1143 2263 1303 2293 subuenit
1319 2262 1385 2293 cod.
1543 2264 1608 2302 398

281 2316 466 2353 desquama
491 2322 521 2350 p.
541 2310 622 2340 codd
649 2310 753 2340 Nonis
773 2319 836 2348 95:
865 2309 925 2339 des
949 2318 1047 2347 quam
1075 2307 1195 2346 aspicis
1215 2306 1279 2337 cod.
1303 2306 1336 2345 (i.
1356 2308 1391 2341 6)
1544 2317 1609 2346 399

282 2358 451 2388 exdorsua
472 2362 631 2394 quantum
656 2358 769 2392 potest
790 2357 904 2392 1p0tes
924 2354 983 2391 95)
1007 2349 1141 2381 Nonius
1161 2360 1198 2388 17
1220 2353 1247 2379 et
1267 2359 1320 2389 95,
1344 2350 1402 2389 qui
1422 2350 1521 2381 altero
1544 2350 1609 2380 loco

282 2402 414 2432 verbum
432 2403 585 2430 testatur:
611 2402 768 2428 exossata
784 2397 834 2427 sac
852 2395 941 2426 sient
959 2394 1023 2426 cod.
1045 2396 1070 2435 (3
1083 2399 1145 2434 pro
1162 2393 1208 2424 mi
1227 2404 1280 2424 ex.
1299 2393 1320 2424 f.
1341 2394 1384 2434 s.)
