1742 2718
715 59 944 100 CAPTIVI
1456 51 1500 87 V.
1523 50 1553 86 ii

181 188 310 225 neque
327 187 393 213 ero
416 178 605 224 umquam
623 187 629 210 z
660 184 708 209 nc
730 183 840 220 spem
861 181 986 219 ponas
1007 179 1070 205 me
1091 166 1219 203 bonae
1240 163 1337 213 frugi
1358 164 1449 200 fore.

184 243 262 279 HE.
288 239 577 290 propemodum
598 235 666 274 ubi
683 234 759 274 loci
776 235 954 272 fortunae
971 240 1060 270 tuae
1082 231 1157 268 sint
1175 228 1286 267 facile
1303 225 1503 276 intellegis,
1528 237 1544 267 5

183 307 214 343 si
235 303 307 344 eris
329 304 455 350 uetax‚
479 311 544 341 tua
564 306 611 340 ex
632 305 675 340 re
691 292 912 339 facies—ex
933 299 1035 336 mala
1056 295 1335 334 meliusculam.

95 374 164 418 960
183 378 286 409 recte
307 378 345 408 et
366 382 457 408 uera
478 370 649 418 loquere,
669 367 738 404 sed
760 378 889 414 neque
904 361 982 414 (tu)
997 375 1088 400 uere
1105 373 1234 409 neque
1254 365 1358 396 recte
1378 357 1508 395 adhuc

183 435 307 474 fecisti
334 446 535 484 umquam.
594 434 656 471 ST.
689 431 798 480 quod
819 442 891 480 ego
913 429 1043 474 fatear,
1066 424 1200 464 credin
1220 424 1367 474 pudeat
1388 434 1507 471 quom

1301 487 1510 526 autumes?

185 567 265 603 HE.
286 564 327 603 at
347 577 420 614 ego
440 552 581 602 faciam
598 565 640 600 ut
656 562 813 612 pudeat,
830 572 921 598 nam
938 558 978 596 in
995 557 1176 595 ruborem
1194 563 1232 592 te
1248 561 1374 591 totum
1391 551 1506 589 dabo.

184 632 246 669 ST.
275 627 374 674 heia,
398 628 516 666 credo
538 639 611 675 ego
631 623 799 674 inperito
820 624 953 672 plagas
975 617 1163 657 minitaris
1186 615 1291 654 mihi.
1532 634 1568 654 10

184 695 345 733 tandem
367 692 487 730 istaec
508 691 626 736 aufer,
651 688 715 727 dic
736 687 832 737 quid
853 687 938 732 fers,
962 692 1003 723 ut
1024 686 1122 722 feras
1144 682 1235 720 hinc
1257 682 1364 732 quod
1385 680 1494 731 petis.

97 760 162 804 965
186 761 266 797 HE.
299 757 382 796 sati'
403 757 618 794 facundu’s.
669 754 738 792 sed
759 752 836 790 iarn
858 750 938 789 fieri
960 749 1073 788 dictis
1095 749 1187 786 uolo
1217 746 1508 796 compendium.

186 826 247 863 ST.
281 831 323 862 ut
352 822 411 861 uis
442 823 518 860 fiat.
563 814 659 858 ΗΕ.
692 818 795 857 bene
825 815 1038 866 morigerus
1066 813 1137 851 fuit
1164 826 1272 863 puer,
1300 825 1405 849 nunc
1431 823 1512 848 non

1386 878 1510 914 decen

186 956 263 993 hoc
293 965 463 1004 agamus.
524 950 602 989 iam
631 948 808 988 animum
842 947 1008 985 aduorte
1041 957 1087 982 ac
1121 942 1218 981 mihi
1249 955 1350 992 quae
1383 941 1513 980 dicam

1332 1006 1511 1045 edissere.

187 1086 220 1123 si
239 1084 312 1123 eris
334 1096 460 1130 uerax,
482 1080 539 1134 (e)
559 1080 634 1119 tuis
655 1080 770 1118 rebus
792 1077 927 1116 feceris
949 1075 1208 1114 meliusculas.
1538 1085 1572 1115 ¹5

188 1151 250 1188 ST.
283 1162 410 1199 nugae
439 1148 559 1185 istaec
588 1153 688 1184 sunt.
749 1156 830 1182 non
858 1155 922 1180 me
951 1153 1087 1179 censes
1122 1139 1220 1178 scire
1249 1137 1345 1188 quid
1374 1137 1516 1187 dignus

1390 1203 1486 1241 siem
1500 1203 1517 1241 ?

101 1293 171 1329 970
191 1282 271 1318 HE.
304 1287 342 1318 at
364 1292 410 1317 ea
430 1279 696 1329 supterfugere
716 1274 819 1326 potis
840 1287 881 1312 es
901 1285 1037 1323 pauca,
1061 1271 1092 1309 si
1113 1283 1194 1308 non
1215 1268 1357 1308 omnia.

190 1347 251 1384 ST.
276 1358 401 1395 pauca
417 1343 620 1393 ecfugiam,
637 1341 736 1389 scio3
758 1353 849 1377 narn
866 1339 989 1376 multa
1005 1336 1200 1382 euenient,
1211 1343 1248 1373 et
1262 1333 1400 1372 merito
1413 1345 1514 1381 meo,

189 1410 282 1460 quia
302 1417 339 1448 et
359 1409 439 1459 fugi
460 1417 497 1447 et
519 1407 589 1446 tibi
610 1405 790 1456 surrupui
810 1403 933 1442 filium
955 1410 993 1440 et
1014 1415 1103 1440 eum
1125 1399 1299 1438 uendidi.

191 1477 271 1513 HE.
304 1475 398 1524 quoi
418 1473 599 1512 homini?
656 1473 718 1510 ST.
747 1466 1071 1508 Theodoromedi
1091 1466 1131 1504 in
1144 1465 1261 1503 Alide
1279 1462 1515 1513 Polyplusio,
1539 1476 1580 1499 20

191 1554 257 1579 sex
290 1539 418 1578 minis.
470 1540 550 1576 HE.
587 1550 657 1588 pro
692 1535 732 1575 di
766 1534 1002 1580 inmortales,
1037 1532 1068 1570 is
1102 1530 1264 1581 quidem
1298 1520 1427 1567 huiius
1462 1535 1519 1566 est

1398 1600 1517 1643 pater.

105 1681 171 1718 975
192 1671 433 1709 Philocrates
451 1672 457 1707 l
514 1670 577 1707 ST.
601 1667 697 1717 quin
717 1665 857 1704 melius
877 1663 972 1702 noui
992 1675 1112 1713 quam
1133 1668 1171 1699 te
1192 1668 1229 1699 et
1249 1659 1332 1698 uidi
1353 1657 1517 1708 saepius.

193 1738 274 1774 HE.
307 1748 429 1782 serua,
448 1733 626 1784 Iuppiter
646 1744 838 1782 supreme,
856 1737 894 1768 et
914 1727 978 1766 me'
999 1735 1036 1766 et
1056 1740 1188 1765 meum
1210 1732 1372 1775 gnatum
1393 1722 1499 1761 mihi.

193 1801 446 1847 Philocrates,
466 1812 535 1849 per
554 1805 664 1836 tuom
686 1805 724 1835 te
744 1795 902 1847 genium
924 1795 1098 1844 opsecro,
1122 1791 1191 1838 exi,
1214 1798 1253 1829 te
1272 1791 1365 1828 uolo
1382 1792 1389 1827 l

237 1913 299 1942 957
325 1912 506 1941 numquam
533 1900 679 1931 Vahlen:
702 1909 859 1938 umquam
884 1897 947 1928 cod
977 1897 1028 1937 (cf.
1054 1895 1142 1926 Men.
1172 1904 1251 1934 1027
1278 1903 1340 1924 nec
1364 1902 1521 1931 umquam

192 1951 251 1987 pro
268 1957 330 1977 nec
353 1957 399 1986 n.‚
419 1945 537 1976 Pseud.
558 1945 619 1983 136
632 1953 742 1983 neque
756 1951 913 1981 umquam
922 1946 981 1981 pro
997 1950 1030 1970 n.
1049 1938 1181 1978 numq.)
1271 1936 1331 1977 ne]
1345 1946 1456 1975 neque
1466 1934 1521 1965 PE

194 1989 273 2032 (in)
289 2000 384 2029 spem
404 1989 537 2020 Guietus
654 1997 718 2026 959
741 1987 836 2017 verba
860 1996 903 2015 ex
927 1983 1003 2014 mal.
1026 1983 1102 2013 mel.
1129 1981 1308 2021 Stalagmo
1324 1980 1383 2010 dat
1397 1978 1526 2009 Schoell

194 2036 260 2072 960
283 2037 318 2063 tu
334 2032 408 2063 add.
427 2031 566 2071 Pylades
583 2031 752 2072 (scriptum
774 2033 842 2059 erat
861 2026 1106 2067 nequ&uuere)
1273 2025 1337 2064 964
1361 2023 1425 2054 ista
1441 2022 1522 2060 cod.,

186 2077 304 2117 forma
324 2077 379 2106 vix
393 2076 553 2106 Plautina
684 2077 747 2112 965
773 2074 803 2103 d.
827 2070 1062 2110 compendium
1086 2069 1163 2100 uolo
1186 2067 1277 2099 cod.:
1300 2067 1372 2098 irai.
1398 2065 1524 2099 Bothe:

198 2121 288 2150 dicta
312 2118 489 2158 compendi
523 2119 600 2148 uolo
634 2117 769 2149 Gm'etus
913 2116 976 2153 967
1001 2123 1039 2144 ac
1071 2112 1300 2143 Camerarius:
1341 2112 1423 2141 haec
1453 2109 1519 2140 cod.

197 2165 262 2203 968
285 2164 352 2194 secl.
378 2162 505 2193 Sclzoell
605 2172 649 2191 ex
668 2162 716 2200 (e)
740 2159 814 2190 add.
843 2158 1053 2189 Camerarius
1197 2165 1262 2195 970
1285 2154 1432 2194 potisses
1455 2152 1521 2183 cod.

197 2217 259 2246 971
281 2209 357 2247 post
377 2216 441 2245 973
465 2205 625 2236 traditum
649 2205 698 2234 ln'c
720 2203 857 2244 reposuit
881 2201 976 2231 Valla
1118 2209 1183 2238 973
1206 2198 1372 2237 theodoro
1388 2197 1523 2227 medico

197 2249 262 2281 cod.
375 2260 439 2288 975
456 2248 657 2289 philocratis
678 2248 730 2278 B:
756 2245 938 2277 Philocrati
965 2243 1139 2274 Fleckeisen
1236 2247 1271 2272 tu
1292 2240 1374 2271 Weil
1458 2249 1522 2279 977

198 2293 333 2333 genium
351 2292 424 2323 Ital.
443 2304 450 2324 :
473 2293 645 2331 ingenium
662 2290 726 2322 cod.
