1742 2718
674 65 993 106 MERCATOR
1415 61 1492 98 ΙΙΙ.
1514 60 1559 97 iv

172 183 323 223 homini
344 184 464 222 docto
484 194 566 221 rem
587 181 785 226 mandare,
807 179 839 217 is
859 176 980 228 lapidi
1000 176 1148 215 mando
1169 187 1363 213 maxumo.

174 251 244 287 Ev.
278 248 374 299 quid
394 261 466 298 ego
488 247 685 285 facerem?
742 246 819 284 CH.
852 242 950 293 quid
977 249 1018 280 tu
1042 242 1218 279 faceres?
1248 253 1337 277 men
1359 239 1500 287 rogas?

1273 303 1497 353 requireres,

174 378 359 429 rogitares
379 377 466 427 quis
487 384 588 415 esset
608 383 675 413 aut
696 375 802 412 unde
822 380 934 418 esset,
958 385 1036 422 qua
1057 369 1247 421 prosapia,

87 445 153 489 635
175 443 323 481 ciuisne
344 449 445 480 esset
460 455 510 479 an
532 439 766 491 peregrinus.
814 440 887 476 Ev.
910 437 1038 475 ciuem
1060 449 1145 474 esse
1160 434 1295 473 aibant
1310 431 1498 471 Atticum.
1522 441 1565 472 50

175 509 252 547 CH.
286 507 352 545 ubi
373 506 564 545 habitaret
585 504 781 543 inuenires
802 504 950 548 saltem,
975 501 1006 539 si
1026 514 1173 539 nomen
1193 499 1344 549 nequis.

177 574 247 610 Ev.
285 585 403 610 nemo
441 571 570 609 aiebat
604 569 711 608 scire.
790 569 866 608 CH.
904 574 943 605 at
981 568 1118 605 saltem
1153 563 1325 603 hominis
1363 562 1503 601 faciem

1269 627 1501 678 exquireres.

177 705 248 741 Ev.
281 702 365 741 feci.
430 702 507 741 CH.
540 714 618 751 qua
652 701 776 738 forma
807 711 892 736 esse
925 696 1094 743 aiebant,
1129 693 1373 748 (Eutyche>?
1430 694 1502 730 Ev.

1165 773 1238 810 ego
1259 759 1389 798 dicam
1410 756 1480 795 tibi
1497 772 1505 795 :

177 845 331 880 carrum,
354 845 503 879 uarum,
526 820 782 876 uentriosum,
803 828 1098 874 bucculentum,
1120 824 1378 870 breuiculum,

89 903 159 946 640
178 897 371 948 subnigris
392 896 531 944 oculis,
551 895 732 945 oblongis
753 893 877 940 malis,
900 905 1064 942 pansam
1084 890 1383 940 aliquantulum.
1527 902 1565 933 55

178 964 255 1002 CH.
283 975 364 1000 non
384 961 588 1000 hominem
608 959 662 998 mi
679 960 748 998 sed
769 960 1023 997 thensaurum
1041 955 1297 1005 nescioquem
1313 964 1507 991 memoras

1402 1017 1505 1056 mali.

178 1092 374 1144 numquid
394 1099 452 1131 est
476 1092 586 1142 quod
612 1090 721 1129 dicas
741 1088 849 1127 aliud
877 1089 927 1127 de
954 1087 1051 1125 illo?
1108 1087 1180 1124 Ev.
1212 1091 1376 1130 tantum,
1400 1083 1509 1133 quod

1158 1153 1163 1158 '
1375 1148 1506 1187 sciam.

180 1224 258 1262 CH.
281 1224 424 1273 edepol
439 1235 490 1260 ne
506 1220 570 1259 ille
585 1220 766 1270 oblongis
780 1218 893 1257 malis
909 1217 1006 1255 mihi
1022 1216 1133 1256 dedit
1148 1228 1335 1265 magnum
1350 1215 1507 1252 malum.

181 1301 261 1326 non
282 1300 444 1338 possum
464 1288 614 1332 durare,
638 1291 826 1323 certumst
847 1284 1067 1321 exsulatum
1088 1281 1180 1319 hinc
1201 1280 1255 1318 ire
1277 1292 1349 1318 me.

96 1351 159 1397 645
181 1354 251 1391 sed
271 1366 390 1402 quam
411 1351 563 1402 capiam
584 1351 784 1389 ciuitatem
804 1348 936 1398 cogito
956 1347 1218 1398 potissumum
1235 1361 1243 1384 ε
1530 1347 1572 1379 60

183 1420 373 1468 Megares,
391 1416 593 1463 Eretriam,
609 1415 858 1462 Corinthum,
875 1413 1119 1460 Chalcidem,
1137 1413 1307 1458 Cretam,
1324 1411 1510 1460 Cyprum,

181 1482 401 1532 Sicyonem,
425 1481 611 1528 Cnidum,
633 1481 891 1530 Zacynthum,
915 1477 1111 1525 Lesbiam,
1137 1476 1354 1528 Boeotiam.

182 1549 253 1586 EV.
295 1561 368 1598 qur
403 1546 506 1585 istuc
543 1553 704 1596 coeptas
742 1544 982 1583 consilium?
1057 1544 1134 1582 CH.
1176 1542 1269 1592 quia
1306 1540 1413 1580 enim
1451 1553 1515 1578 me

1195 1606 1372 1645 adflictat
1390 1618 1512 1643 amor.

182 1679 254 1716 Ev.
287 1677 384 1728 quid
413 1684 455 1715 tu
485 1676 571 1715 ais?
618 1675 715 1726 quid
744 1688 866 1726 quom
903 1674 994 1713 illuc
1029 1687 1110 1724 quo
1144 1685 1251 1711 nunc
1284 1671 1339 1710 ire
1371 1670 1515 1721 paritas

1348 1735 1512 1783 ueneris,

95 1814 165 1859 650
183 1809 215 1846 si
235 1807 290 1846 ibi
309 1820 440 1846 amare
460 1808 559 1845 forte
579 1805 751 1857 occipias
770 1813 890 1856 atque
910 1804 1005 1843 item
1025 1804 1109 1843 eius
1129 1803 1178 1842 sit
1198 1802 1342 1852 inopia,
1535 1803 1576 1846 65

183 1873 262 1910 iam
281 1872 375 1910 inde
395 1885 510 1922 porro
529 1871 717 1921 aufugies,
736 1870 882 1909 deinde
898 1870 993 1908 item
1014 1869 1130 1916 illinc,
1150 1869 1182 1907 si
1201 1868 1296 1906 item
1312 1865 1487 1906 euenerit
1499 1867 1517 1903 ?

184 1937 272 1988 quis
293 1938 435 1976 modus
455 1936 527 1975 tibi
547 1936 682 1975 exsilio
702 1937 864 1974 tandem
885 1934 1053 1982 eueniet,
1077 1933 1146 1985 qui
1167 1933 1255 1971 finis
1276 1933 1420 1983 fugae?

184 2016 286 2053 quae
306 2001 430 2053 patria
449 2009 516 2040 aut
535 2003 680 2040 domus
701 2000 772 2039 tibi
792 2000 941 2039 stabilis
962 2013 1047 2038 esse
1068 1999 1240 2050 poterit?
1270 1998 1334 2036 dic
1355 1996 1462 2035 mihi.

184 2069 296 2114 cedo,
320 2066 351 2105 si
370 2068 445 2104 hac
465 2067 562 2105 urbe
581 2065 678 2112 abis,
699 2078 876 2104 amorem
897 2073 936 2103 te
955 2064 1020 2103 hic
1040 2064 1266 2102 relicturum
1287 2070 1401 2113 putas
1414 2063 1432 2100 ?

97 2135 164 2179 655
186 2132 218 2170 si
238 2131 279 2170 id
299 2133 381 2170 fore
400 2131 454 2169 ita
473 2138 531 2169 sat
550 2130 685 2169 animo
704 2137 914 2180 acceptum
934 2137 1004 2177 est,
1022 2137 1173 2167 certum
1193 2128 1244 2175 id,
1266 2141 1337 2178 pro
1357 2134 1464 2166 certo
1484 2126 1516 2165 si
1538 2139 1577 2174 70

1381 2191 1514 2239 habes,

230 2301 295 2340 632
319 2300 490 2332 mandaris
507 2300 527 2332 l.
547 2299 614 2332 cod.
747 2300 811 2339 638
835 2309 880 2330 an
897 2297 1030 2341 (fecisti
1041 2297 1074 2340 2)
1090 2299 1177 2338 qua?
1266 2296 1421 2336 Eutyche
1437 2294 1513 2327 add.

187 2343 291 2376 Bothe
308 2344 368 2386 (iii.
389 2344 446 2385 2):
471 2343 598 2386 (ergo)
619 2342 778 2374 Gruterus
908 2343 972 2382 649
996 2342 1044 2372 vel
1058 2341 1116 2372 illo
1249 2342 1309 2379 651
1336 2340 1385 2370 vel
1399 2339 1480 2369 illim
