1814 2723
259 447 297 478 25

263 772 304 803 30

268 1097 305 1129 35

267 1424 310 1456 40

371 1786 412 1814 23
436 1774 541 1805 'studit
561 1772 627 1804 cod.

329 1829 369 1858 25
394 1824 427 1849 et
446 1822 478 1856 (e
492 1818 538 1857 B)
552 1817 610 1847 del.
628 1816 840 1847 Camerarius

727 59 774 97 T.
807 57 989 96 MACCI
1022 55 1225 94 PLAVTI

429 184 573 221 magno
593 177 710 220 atque
732 168 858 207 solido
880 169 1019 204 multat
1039 164 1264 212 infortunio,

427 250 501 274 nec
521 237 587 285 pol
608 236 784 285 profecto
806 232 1014 282 quisquam
1037 230 1121 269 sine
1140 229 1277 280 grandi
1299 231 1403 268 malo

426 314 640 352 praequam
662 313 721 337 res
742 297 886 348 patitur
907 295 1056 335 studuit
1077 294 1303 346 elegantiae.

426 368 496 405 sed
516 365 639 404 amori
659 365 855 402 accedunt
876 362 993 400 etiam
1014 362 1112 399 haec
1133 374 1235 410 quae
1255 359 1334 398 dixi
1356 359 1485 397 minus
1503 373 1511 397 :

428 430 633 476 insomnia,
657 441 854 474 aerumna,
878 440 992 473 error,
1018 424 1089 478 [et]
1111 433 1231 463 terror
1252 432 1290 463 et
1310 426 1401 474 fuga
1423 439 1431 462 :

427 494 583 545 ineptia,
608 492 849 542 stultitiaque
869 492 971 530 adeo
991 498 1030 529 et
1050 489 1274 537 temeritast,

428 558 683 610 incogitantia
703 571 849 604 excors,
873 554 1121 602 inmodestia,

429 624 645 677 petulantia
665 631 703 662 et
723 622 930 673 cupiditas,
954 619 1225 659 maliuolentia
1246 634 1257 668 3

429 692 543 730 inerit
564 690 681 729 etiam
703 688 884 736 auiditas,
905 686 1068 733 desidia,
1091 685 1241 732 iniuria,

432 756 575 807 inopia,
598 753 839 794 contumelia
859 761 898 792 et
918 751 1183 803 dispendium,

432 821 736 871 multiloquium,
760 817 1082 870 parumloquium
1102 833 1108 855 :
1139 817 1216 855 hoc
1237 816 1329 855 ideo
1349 817 1392 854 fit
1413 814 1505 866 quia

432 902 533 939 quae
554 886 651 925 nihil
671 885 869 936 attingunt
889 885 941 922 ad
962 897 1043 922 rem
1064 896 1138 921 nec
1160 889 1251 920 sunt
1271 881 1369 929 usui,

433 961 512 992 tam
532 960 683 991 amator
703 951 848 1001 profert
870 962 987 999 saepe
1007 949 1179 987 aduorso
1199 954 1377 997 tempore
1393 960 1404 994 ;

433 1020 520 1065 hoc,
544 1015 850 1068 pauciloquium,
874 1027 1008 1052 rusum
1029 1012 1177 1051 idcirco
1197 1010 1392 1062 praedico,

434 1083 526 1134 quia
546 1083 676 1120 nullus
697 1093 887 1130 umquam
907 1085 1059 1116 amator
1078 1077 1217 1115 adeost
1237 1075 1378 1114 callide

434 1148 628 1187 facundus
649 1159 750 1196 quae
771 1144 810 1182 in
832 1157 914 1182 rem
935 1142 1013 1181 sint
1033 1156 1144 1180 suam
1167 1148 1209 1179 ut
1229 1139 1353 1190 possit
1371 1139 1491 1190 loqui.

435 1226 541 1252 nunc
562 1225 633 1251 uos
655 1210 708 1249 mi
729 1209 841 1248 irasci
862 1209 915 1248 ob
937 1205 1231 1256 multiloquium
1252 1218 1333 1243 non
1353 1206 1469 1243 decet
1486 1219 1494 1243 ε

435 1277 577 1318 eodem
599 1290 679 1327 quo
699 1287 872 1314 amorem
895 1274 1023 1312 Venu'
1045 1271 1098 1310 mi
1119 1273 1196 1309 hoc
1216 1269 1360 1320 legauit
1380 1269 1455 1309 die.

435 1344 527 1382 illuc
547 1341 691 1381 reuorti
711 1346 910 1385 certumst,
934 1345 1077 1377 conata
1097 1338 1267 1386 eloquar.

436 1407 629 1459 principio
648 1405 707 1459 (ut
728 1404 792 1457 ex>
812 1403 976 1454 ephebis
996 1410 1123 1441 aetate
1144 1401 1218 1440 exii

434 1482 553 1524 atque
572 1472 727 1511 animus
748 1470 880 1510 studio
900 1476 1057 1508 amotus
1077 1467 1253 1519 puerilist
1273 1480 1396 1514 meus,

434 1553 565 1578 amare
585 1537 716 1576 ualide
737 1535 851 1586 coepi
872 1535 937 1573 hic
959 1532 1204 1572 meretricem
1224 1547 1231 1570 ε
1261 1531 1353 1570 ilico

435 1619 494 1644 res
515 1601 734 1643 exsulatum
754 1603 806 1640 ad
827 1601 933 1639 illam
956 1600 1065 1638 clam‘
1080 1597 1215 1636 abibat
1235 1596 1363 1648 patris.

435 1673 526 1709 leno
547 1669 791 1719 inportunus,
815 1665 1002 1705 dominus
1022 1663 1120 1703 eiius
1140 1662 1323 1710 mulieris,

330 1911 404 1938 recte
422 1906 473 1947 (cf.
492 1904 538 1935 ad
546 1905 625 1943 330)
715 1914 757 1943 29
782 1905 892 1934 ineret
909 1901 975 1933 cod.
1000 1902 1033 1940 (i.
1050 1911 1074 1931 e.
1100 1899 1199 1929 inerit
1215 1900 1276 1928 aut
1290 1896 1459 1933 inhaeret)

331 1994 405 2024 usui
424 1993 633 2023 Camerarius
648 2004 655 2022 z
679 1996 799 2022 suntus
816 1991 885 2021 uidi
902 1989 967 2021 cod.
994 1989 1029 2029 (i.
1044 1989 1082 2028 5)
1170 1996 1212 2026 33
1229 1985 1313 2026 tam]
1332 1994 1371 2014 ea
1395 1983 1521 2014 Rz'tschl

335 2081 545 2112 Camerarius
559 2093 565 2111 :
591 2081 674 2111 insit
690 2090 749 2110 sua
759 2079 825 2110 cod.
959 2078 1001 2116 38
1018 2077 1080 2107 hoc
1095 2074 1306 2106 Camerarius
1321 2084 1328 2103 ε
1344 2072 1405 2102 hac
1420 2070 1486 2102 cod.

334 2128 495 2156 certumst
513 2123 639 2154 Ritschl
652 2136 659 2154 :
684 2129 811 2154 certum
829 2126 863 2153 et
881 2121 906 2162 (i
926 2120 966 2158 C)
986 2120 1050 2151 cod.

335 2169 488 2209 phoebus
506 2173 597 2198 etate
615 2167 698 2198 exiit
714 2166 779 2197 cod.
798 2167 842 2207 (v.
858 2176 886 2204 4,
899 2176 930 2205 p.
943 2164 1021 2203 80):
1048 2173 1125 2193 corr.
1142 2161 1225 2193 Leo:
1250 2171 1280 2200 p.
1301 2164 1337 2190 ut
1353 2164 1447 2190 aetas
1460 2169 1503 2189 ex
1519 2157 1662 2198 ephebis

266 2248 275 2257 x
336 2213 418 2244 exiit
442 2212 569 2243 Rt'tsclzl
755 2221 794 2249 41
822 2209 984 2249 puerilest
1008 2211 1119 2238 meust
1143 2205 1208 2236 cod.
1399 2213 1441 2240 42
1464 2202 1577 2241 coepit
1593 2199 1658 2232 cod.

336 2257 414 2287 hinc
425 2256 528 2286 Bothe
662 2264 703 2292 43
727 2264 781 2284 res
797 2253 881 2283 Pius
894 2263 901 2282 ε
925 2262 988 2282 rex
1003 2250 1069 2281 cod.
1184 2247 1376 2280 exsultatim
1394 2245 1529 2276 Zander
1543 2242 1663 2288 (Nord-

342 2300 464 2331 Tidskr.
484 2299 545 2330 Fil.
569 2299 661 2337 1897,
681 2307 712 2336 p.
739 2298 812 2337 180)
903 2295 987 2326 clam
998 2292 1224 2325 Gulielmius:
1254 2291 1318 2322 iam
1336 2289 1403 2320 cod.

722 1783 762 1811 24
787 1782 875 1811 quae
894 1770 998 1810 (quod
1020 1768 1067 1808 Β)
1086 1768 1157 1798 dixi
1176 1767 1286 1796 minus
1303 1764 1468 1803 (diximus
1483 1764 1572 1798 PCD›
1591 1764 1655 1796 cod.

942 1815 984 1843 26
997 1813 1076 1852 fort.
1098 1811 1258 1850 ineptiast
1275 1809 1326 1850 (cs.
1344 1809 1411 1849 41),
1432 1819 1514 1839 nam
1532 1809 1660 1848 ineptia

327 1861 566 1902 vixferendum
656 1860 783 1899 ineptia
799 1865 900 1899 atque
919 1857 1062 1888 stultitia
1079 1854 1205 1885 Ritschl
1292 1853 1464 1883 temeritas
1481 1851 1565 1924 edal'„
1578 1850 1659 1925 sotrt.

329 1950 416 1982 auid.
432 1949 499 1979 Leo
587 1948 710 1978 residia
724 1947 789 1978 cod.
926 1956 963 1986 31
990 1946 1022 1976 id
1041 1955 1082 1975 eo
1097 1942 1169 1983 (del.
1185 1940 1264 1978 hoc)
1281 1939 1384 1970 Marx
1515 1905 1660 1978 gzniinliii:

331 2038 396 2069 sert
420 2035 580 2077 Pylades:
614 2035 758 2075 proferri
791 2035 855 2066 cod.
991 2042 1033 2072 35
1069 2041 1208 2070 usquam
1233 2030 1267 2060 Β
1398 2029 1441 2067 36
1472 2027 1541 2058 sint
1565 1992 1659 2057 segia

1166 2129 1209 2157 40
1232 2116 1400 2157 principio
1416 2119 1516 2154 atque
1529 2113 1662 2145 animus

1667 436 1709 472 25

1671 761 1717 796 30

1675 1085 1717 1124 35

1675 1409 1723 1444 40
