<?xml version="1.0" encoding="UTF-8"?>
<!DOCTYPE html PUBLIC "-//W3C//DTD XHTML 1.0 Transitional//EN"
    "http://www.w3.org/TR/xhtml1/DTD/xhtml1-transitional.dtd">
<html xmlns="http://www.w3.org/1999/xhtml" xml:lang="en" lang="en">
 <head>
  <title>
</title>
<meta http-equiv="Content-Type" content="text/html;charset=utf-8" />
  <meta name='ocr-system' content='tesseract 3.04.00' />
  <meta name='ocr-capabilities' content='ocr_page ocr_carea ocr_par ocr_line ocrx_word'/>
</head>
<body>
  <div class='ocr_page' id='page_1' title='image "./tmacciplauticomo01plauuoft_0027.png"; bbox 0 0 1742 2718; ppageno 0'>
   <div class='ocr_carea' id='block_1_1' title="bbox 511 154 1087 216">
    <p class='ocr_par' dir='ltr' id='par_1_1' title="bbox 511 154 1087 216">
     <span class='ocr_line' id='line_1_1' title="bbox 511 154 1087 216; baseline -0.002 0"><span class='ocrx_word' id='word_1_1' title='bbox 511 154 1087 216; x_wconf 78' lang='lat' dir='ltr'><strong>AMPHITRVO</strong></span> 
     </span>
    </p>
   </div>
   <div class='ocr_carea' id='block_1_2' title="bbox 503 466 1094 518">
    <p class='ocr_par' dir='ltr' id='par_1_2' title="bbox 503 466 1094 518">
     <span class='ocr_line' id='line_1_2' title="bbox 503 466 1094 518; baseline -0.01 0"><span class='ocrx_word' id='word_1_2' title='bbox 503 466 1094 518; x_wconf 76' lang='lat' dir='ltr'><strong>ARGVMENTVMI</strong></span> 
     </span>
    </p>
   </div>
   <div class='ocr_carea' id='block_1_3' title="bbox 244 583 1529 1222">
    <p class='ocr_par' dir='ltr' id='par_1_3' title="bbox 246 583 1178 635">
     <span class='ocr_line' id='line_1_3' title="bbox 246 583 1178 635; baseline -0.01 -5"><span class='ocrx_word' id='word_1_3' title='bbox 246 592 298 630; x_wconf 83' lang='lat' dir='ltr'><strong>IN</strong></span> <span class='ocrx_word' id='word_1_4' title='bbox 327 588 467 628; x_wconf 91' lang='lat' dir='ltr'><strong>faciem</strong></span> <span class='ocrx_word' id='word_1_5' title='bbox 496 600 629 626; x_wconf 83' lang='lat' dir='ltr'><strong>versus</strong></span> <span class='ocrx_word' id='word_1_6' title='bbox 658 583 960 635; x_wconf 86' lang='lat' dir='ltr'>Amphitruonis</span> <span class='ocrx_word' id='word_1_7' title='bbox 990 583 1178 633; x_wconf 87' lang='lat' dir='ltr'><strong>Iuppiter,</strong></span> 
     </span>
    </p>

    <p class='ocr_par' dir='ltr' id='par_1_4' title="bbox 245 648 1256 702">
     <span class='ocr_line' id='line_1_4' title="bbox 245 648 1256 702; baseline -0.008 -7"><span class='ocrx_word' id='word_1_8' title='bbox 245 657 342 695; x_wconf 90' lang='lat' dir='ltr'><strong>dum</strong></span> <span class='ocrx_word' id='word_1_9' title='bbox 371 655 519 693; x_wconf 86' lang='lat' dir='ltr'><strong>bellum</strong></span> <span class='ocrx_word' id='word_1_10' title='bbox 548 658 696 702; x_wconf 81' lang='lat' dir='ltr'><strong>gereret</strong></span> <span class='ocrx_word' id='word_1_11' title='bbox 726 664 817 689; x_wconf 89' lang='lat' dir='ltr'><strong>cum</strong></span> <span class='ocrx_word' id='word_1_12' title='bbox 846 648 1035 688; x_wconf 85' lang='lat' dir='ltr'><strong>Telobois</strong></span> <span class='ocrx_word' id='word_1_13' title='bbox 1066 648 1256 695; x_wconf 84' lang='lat' dir='ltr'>hostibus,</span> 
     </span>
    </p>

    <p class='ocr_par' dir='ltr' id='par_1_5' title="bbox 244 713 1055 765">
     <span class='ocr_line' id='line_1_5' title="bbox 244 713 1055 765; baseline -0.01 -6"><span class='ocrx_word' id='word_1_14' title='bbox 244 722 478 759; x_wconf 85' lang='lat' dir='ltr'><strong>Alcmenam</strong></span> <span class='ocrx_word' id='word_1_15' title='bbox 507 730 667 755; x_wconf 87' lang='lat' dir='ltr'><strong>uxorem</strong></span> <span class='ocrx_word' id='word_1_16' title='bbox 698 715 801 765; x_wconf 86' lang='lat' dir='ltr'><strong>cepit</strong></span> <span class='ocrx_word' id='word_1_17' title='bbox 830 713 1055 753; x_wconf 88' lang='lat' dir='ltr'><strong>usurariam.</strong></span> 
     </span>
    </p>

    <p class='ocr_par' dir='ltr' id='par_1_6' title="bbox 246 778 1079 828">
     <span class='ocr_line' id='line_1_6' title="bbox 246 778 1079 828; baseline -0.01 -4"><span class='ocrx_word' id='word_1_18' title='bbox 246 783 465 824; x_wconf 89' lang='lat' dir='ltr'><strong>Mercurius</strong></span> <span class='ocrx_word' id='word_1_19' title='bbox 494 783 661 821; x_wconf 83' lang='lat' dir='ltr'><strong>formam</strong></span> <span class='ocrx_word' id='word_1_20' title='bbox 691 779 826 819; x_wconf 87' lang='lat' dir='ltr'><strong>Sosiae</strong></span> <span class='ocrx_word' id='word_1_21' title='bbox 855 778 954 818; x_wconf 88' lang='lat' dir='ltr'><strong>servi</strong></span> <span class='ocrx_word' id='word_1_22' title='bbox 983 778 1079 828; x_wconf 73' lang='lat' dir='ltr'><strong>gerit</strong></span> 
     </span>
    </p>

    <p class='ocr_par' dir='ltr' id='par_1_7' title="bbox 245 842 1504 966">
     <span class='ocr_line' id='line_1_7' title="bbox 245 842 1504 894; baseline -0.01 -5"><span class='ocrx_word' id='word_1_23' title='bbox 245 849 442 889; x_wconf 90' lang='lat' dir='ltr'><strong>absentis:</strong></span> <span class='ocrx_word' id='word_1_24' title='bbox 480 847 540 886; x_wconf 88' lang='lat' dir='ltr'><strong>his</strong></span> <span class='ocrx_word' id='word_1_25' title='bbox 570 848 763 885; x_wconf 83' lang='lat' dir='ltr'><strong>Alcmena</strong></span> <span class='ocrx_word' id='word_1_26' title='bbox 792 843 984 894; x_wconf 84' lang='lat' dir='ltr'><strong>decipitur</strong></span> <span class='ocrx_word' id='word_1_27' title='bbox 1013 842 1124 882; x_wconf 86' lang='lat' dir='ltr'><strong>dolis.</strong></span> <span class='ocrx_word' id='word_1_28' title='bbox 1487 855 1504 886; x_wconf 87' lang='lat'>5</span> 
     </span>
     <span class='ocr_line' id='line_1_8' title="bbox 247 906 1230 966; baseline -0.01 -12"><span class='ocrx_word' id='word_1_29' title='bbox 247 922 457 966; x_wconf 81' lang='lat' dir='ltr'><strong>postquam</strong></span> <span class='ocrx_word' id='word_1_30' title='bbox 487 912 636 951; x_wconf 89' lang='lat' dir='ltr'><strong>rediere</strong></span> <span class='ocrx_word' id='word_1_31' title='bbox 664 910 744 950; x_wconf 89' lang='lat' dir='ltr'><strong>veri</strong></span> <span class='ocrx_word' id='word_1_32' title='bbox 773 908 1011 959; x_wconf 89' lang='lat' dir='ltr'><strong>Amphitruo</strong></span> <span class='ocrx_word' id='word_1_33' title='bbox 1041 915 1078 946; x_wconf 92' lang='lat' dir='ltr'><strong>et</strong></span> <span class='ocrx_word' id='word_1_34' title='bbox 1108 906 1230 953; x_wconf 86' lang='lat' dir='ltr'><strong>Sosia,</strong></span> 
     </span>
    </p>

    <p class='ocr_par' dir='ltr' id='par_1_8' title="bbox 248 973 1259 1030">
     <span class='ocr_line' id='line_1_9' title="bbox 248 973 1259 1030; baseline -0.01 -11"><span class='ocrx_word' id='word_1_35' title='bbox 248 988 412 1030; x_wconf 88' lang='lat' dir='ltr'><strong>uterque</strong></span> <span class='ocrx_word' id='word_1_36' title='bbox 442 979 683 1017; x_wconf 91' lang='lat' dir='ltr'><strong>deluduntur</strong></span> <span class='ocrx_word' id='word_1_37' title='bbox 712 975 813 1015; x_wconf 87' lang='lat' dir='ltr'><strong>dolis</strong></span> <span class='ocrx_word' id='word_1_38' title='bbox 843 974 883 1012; x_wconf 89' lang='lat' dir='ltr'><strong>in</strong></span> <span class='ocrx_word' id='word_1_39' title='bbox 913 973 1055 1012; x_wconf 91' lang='lat' dir='ltr'><strong>mirum</strong></span> <span class='ocrx_word' id='word_1_40' title='bbox 1085 973 1259 1011; x_wconf 92' lang='lat' dir='ltr'><strong>modum.</strong></span> 
     </span>
    </p>

    <p class='ocr_par' dir='ltr' id='par_1_9' title="bbox 247 1037 1096 1094">
     <span class='ocr_line' id='line_1_10' title="bbox 247 1037 1096 1094; baseline -0.011 -10"><span class='ocrx_word' id='word_1_41' title='bbox 247 1045 340 1084; x_wconf 92' lang='lat' dir='ltr'><strong>hinc</strong></span> <span class='ocrx_word' id='word_1_42' title='bbox 369 1043 547 1094; x_wconf 85' lang='lat' dir='ltr'><strong>iurgium,</strong></span> <span class='ocrx_word' id='word_1_43' title='bbox 578 1043 769 1081; x_wconf 87' lang='lat' dir='ltr'><strong>tumultus</strong></span> <span class='ocrx_word' id='word_1_44' title='bbox 798 1039 908 1079; x_wconf 85' lang='lat' dir='ltr'><strong>uxori</strong></span> <span class='ocrx_word' id='word_1_45' title='bbox 937 1046 975 1077; x_wconf 90' lang='lat' dir='ltr'><strong>et</strong></span> <span class='ocrx_word' id='word_1_46' title='bbox 1003 1037 1096 1084; x_wconf 87' lang='lat' dir='ltr'><strong>viro,</strong></span> 
     </span>
    </p>

    <p class='ocr_par' dir='ltr' id='par_1_10' title="bbox 248 1103 1206 1149">
     <span class='ocr_line' id='line_1_11' title="bbox 248 1103 1206 1149; baseline -0.01 0"><span class='ocrx_word' id='word_1_47' title='bbox 248 1111 377 1149; x_wconf 91' lang='lat' dir='ltr'><strong>donec</strong></span> <span class='ocrx_word' id='word_1_48' title='bbox 406 1122 497 1148; x_wconf 90' lang='lat' dir='ltr'><strong>cum</strong></span> <span class='ocrx_word' id='word_1_49' title='bbox 526 1107 672 1147; x_wconf 88' lang='lat' dir='ltr'><strong>tonitru</strong></span> <span class='ocrx_word' id='word_1_50' title='bbox 701 1119 799 1145; x_wconf 91' lang='lat' dir='ltr'><strong>voce</strong></span> <span class='ocrx_word' id='word_1_51' title='bbox 828 1104 947 1142; x_wconf 89' lang='lat' dir='ltr'><strong>missa</strong></span> <span class='ocrx_word' id='word_1_52' title='bbox 975 1117 1022 1142; x_wconf 87' lang='lat' dir='ltr'><strong>ex</strong></span> <span class='ocrx_word' id='word_1_53' title='bbox 1050 1103 1206 1141; x_wconf 85' lang='lat' dir='ltr'><strong>aethere</strong></span> 
     </span>
    </p>

    <p class='ocr_par' dir='ltr' id='par_1_11' title="bbox 247 1170 1529 1222">
     <span class='ocr_line' id='line_1_12' title="bbox 247 1170 1529 1222; baseline -0.012 -7"><span class='ocrx_word' id='word_1_54' title='bbox 247 1176 469 1214; x_wconf 89' lang='lat' dir='ltr'><strong>adulterum</strong></span> <span class='ocrx_word' id='word_1_55' title='bbox 498 1187 540 1212; x_wconf 88' lang='lat' dir='ltr'><strong>se</strong></span> <span class='ocrx_word' id='word_1_56' title='bbox 570 1171 748 1222; x_wconf 86' lang='lat' dir='ltr'><strong>Iuppiter</strong></span> <span class='ocrx_word' id='word_1_57' title='bbox 776 1170 979 1209; x_wconf 89' lang='lat' dir='ltr'><strong>confessus</strong></span> <span class='ocrx_word' id='word_1_58' title='bbox 1008 1174 1076 1206; x_wconf 90' lang='lat' dir='ltr'><strong>est.</strong></span> <span class='ocrx_word' id='word_1_59' title='bbox 1492 1178 1529 1199; x_wconf 87' lang='lat'><strong>10</strong></span> 
     </span>
    </p>
   </div>
   <div class='ocr_carea' id='block_1_4' title="bbox 493 1315 1117 1369">
    <p class='ocr_par' dir='ltr' id='par_1_12' title="bbox 493 1315 1117 1369">
     <span class='ocr_line' id='line_1_13' title="bbox 493 1315 1117 1369; baseline -0.013 -1"><span class='ocrx_word' id='word_1_60' title='bbox 493 1315 1117 1369; x_wconf 86' lang='lat' dir='ltr'><strong>ARGVMENTVMII</strong></span> 
     </span>
    </p>
   </div>
   <div class='ocr_carea' id='block_1_5' title="bbox 248 1431 1508 2006">
    <p class='ocr_par' dir='ltr' id='par_1_13' title="bbox 249 1431 1044 1488">
     <span class='ocr_line' id='line_1_14' title="bbox 249 1431 1044 1488; baseline -0.013 -9"><span class='ocrx_word' id='word_1_61' title='bbox 249 1440 400 1479; x_wconf 90' lang='lat' dir='ltr'><strong>Amore</strong></span> <span class='ocrx_word' id='word_1_62' title='bbox 429 1445 566 1488; x_wconf 89' lang='lat' dir='ltr'><strong>eaptus</strong></span> <span class='ocrx_word' id='word_1_63' title='bbox 596 1438 835 1475; x_wconf 84' lang='lat' dir='ltr'><strong>Alcumenas</strong></span> <span class='ocrx_word' id='word_1_64' title='bbox 866 1431 1044 1482; x_wconf 85' lang='lat' dir='ltr'><strong>Iuppiter</strong></span> 
     </span>
    </p>

    <p class='ocr_par' dir='ltr' id='par_1_14' title="bbox 248 1495 1126 1546">
     <span class='ocr_line' id='line_1_15' title="bbox 248 1495 1126 1546; baseline -0.011 -2"><span class='ocrx_word' id='word_1_65' title='bbox 248 1504 418 1543; x_wconf 87' lang='lat' dir='ltr'><strong>Mutavit</strong></span> <span class='ocrx_word' id='word_1_66' title='bbox 447 1517 532 1543; x_wconf 90' lang='lat' dir='ltr'><strong>sese</strong></span> <span class='ocrx_word' id='word_1_67' title='bbox 560 1502 601 1540; x_wconf 92' lang='lat' dir='ltr'><strong>in</strong></span> <span class='ocrx_word' id='word_1_68' title='bbox 630 1503 796 1540; x_wconf 88' lang='lat' dir='ltr'><strong>formam</strong></span> <span class='ocrx_word' id='word_1_69' title='bbox 826 1498 908 1537; x_wconf 89' lang='lat' dir='ltr'><strong>eius</strong></span> <span class='ocrx_word' id='word_1_70' title='bbox 937 1495 1126 1546; x_wconf 86' lang='lat' dir='ltr'><strong>coniugis,</strong></span> 
     </span>
    </p>

    <p class='ocr_par' dir='ltr' id='par_1_15' title="bbox 249 1557 1420 1674">
     <span class='ocr_line' id='line_1_16' title="bbox 250 1557 1420 1620; baseline -0.011 -11"><span class='ocrx_word' id='word_1_71' title='bbox 250 1570 330 1609; x_wconf 93' lang='lat' dir='ltr'><strong>Pro</strong></span> <span class='ocrx_word' id='word_1_72' title='bbox 358 1569 483 1620; x_wconf 91' lang='lat' dir='ltr'><strong>patria</strong></span> <span class='ocrx_word' id='word_1_73' title='bbox 511 1566 750 1618; x_wconf 90' lang='lat' dir='ltr'><strong>Amphitruo</strong></span> <span class='ocrx_word' id='word_1_74' title='bbox 780 1565 876 1603; x_wconf 89' lang='lat' dir='ltr'><strong>dum</strong></span> <span class='ocrx_word' id='word_1_75' title='bbox 906 1561 1082 1602; x_wconf 86' lang='lat' dir='ltr'><strong>decernit</strong></span> <span class='ocrx_word' id='word_1_76' title='bbox 1111 1573 1202 1599; x_wconf 91' lang='lat' dir='ltr'><strong>cum</strong></span> <span class='ocrx_word' id='word_1_77' title='bbox 1231 1557 1420 1598; x_wconf 84' lang='lat' dir='ltr'><strong>hostibus.</strong></span> 
     </span>
     <span class='ocr_line' id='line_1_17' title="bbox 249 1626 1113 1674; baseline -0.012 0"><span class='ocrx_word' id='word_1_78' title='bbox 249 1635 403 1674; x_wconf 89' lang='lat' dir='ltr'><strong>Habitu</strong></span> <span class='ocrx_word' id='word_1_79' title='bbox 434 1632 654 1673; x_wconf 89' lang='lat' dir='ltr'><strong>Mercurius</strong></span> <span class='ocrx_word' id='word_1_80' title='bbox 683 1631 718 1670; x_wconf 91' lang='lat' dir='ltr'><strong>ei</strong></span> <span class='ocrx_word' id='word_1_81' title='bbox 748 1628 939 1669; x_wconf 88' lang='lat' dir='ltr'><strong>subservit</strong></span> <span class='ocrx_word' id='word_1_82' title='bbox 969 1626 1113 1666; x_wconf 89' lang='lat' dir='ltr'><strong>Sosiae.</strong></span> 
     </span>
    </p>

    <p class='ocr_par' dir='ltr' id='par_1_16' title="bbox 248 1688 1508 1812">
     <span class='ocr_line' id='line_1_18' title="bbox 249 1688 1508 1739; baseline -0.013 1"><span class='ocrx_word' id='word_1_83' title='bbox 249 1701 288 1739; x_wconf 87' lang='lat' dir='ltr'><strong>Is</strong></span> <span class='ocrx_word' id='word_1_84' title='bbox 316 1698 561 1739; x_wconf 90' lang='lat' dir='ltr'><strong>advenientis</strong></span> <span class='ocrx_word' id='word_1_85' title='bbox 591 1710 745 1736; x_wconf 88' lang='lat' dir='ltr'><strong>servum</strong></span> <span class='ocrx_word' id='word_1_86' title='bbox 774 1708 820 1734; x_wconf 88' lang='lat' dir='ltr'><strong>ac</strong></span> <span class='ocrx_word' id='word_1_87' title='bbox 849 1692 1056 1733; x_wconf 88' lang='lat' dir='ltr'><strong>dominum</strong></span> <span class='ocrx_word' id='word_1_88' title='bbox 1086 1692 1225 1728; x_wconf 88' lang='lat' dir='ltr'><strong>frustra</strong></span> <span class='ocrx_word' id='word_1_89' title='bbox 1252 1688 1380 1727; x_wconf 92' lang='lat' dir='ltr'><strong>habet.</strong></span> <span class='ocrx_word' id='word_1_90' title='bbox 1492 1702 1508 1733; x_wconf 84' lang='lat'><strong><em>5</em></strong></span> 
     </span>
     <span class='ocr_line' id='line_1_19' title="bbox 248 1755 1273 1812; baseline -0.013 -6"><span class='ocrx_word' id='word_1_91' title='bbox 248 1766 405 1805; x_wconf 88' lang='lat' dir='ltr'><strong>Turbas</strong></span> <span class='ocrx_word' id='word_1_92' title='bbox 434 1764 543 1804; x_wconf 91' lang='lat' dir='ltr'><strong>uxori</strong></span> <span class='ocrx_word' id='word_1_93' title='bbox 573 1763 648 1803; x_wconf 88' lang='lat' dir='ltr'><strong>ciet</strong></span> <span class='ocrx_word' id='word_1_94' title='bbox 678 1760 927 1812; x_wconf 88' lang='lat' dir='ltr'><strong>Amphitruo,</strong></span> <span class='ocrx_word' id='word_1_95' title='bbox 958 1765 1076 1808; x_wconf 87' lang='lat' dir='ltr'><strong>atque</strong></span> <span class='ocrx_word' id='word_1_96' title='bbox 1105 1755 1273 1794; x_wconf 89' lang='lat' dir='ltr'><strong>invicem</strong></span> 
     </span>
    </p>

    <p class='ocr_par' dir='ltr' id='par_1_17' title="bbox 249 1819 1336 1881">
     <span class='ocr_line' id='line_1_20' title="bbox 249 1819 1336 1881; baseline -0.012 -11"><span class='ocrx_word' id='word_1_97' title='bbox 249 1831 428 1881; x_wconf 90' lang='lat' dir='ltr'><strong>Raptant</strong></span> <span class='ocrx_word' id='word_1_98' title='bbox 456 1843 527 1880; x_wconf 91' lang='lat' dir='ltr'><strong>pro</strong></span> <span class='ocrx_word' id='word_1_99' title='bbox 557 1827 743 1867; x_wconf 89' lang='lat' dir='ltr'><strong>moechis.</strong></span> <span class='ocrx_word' id='word_1_100' title='bbox 804 1825 1000 1875; x_wconf 89' lang='lat' dir='ltr'><strong>Blepharo</strong></span> <span class='ocrx_word' id='word_1_101' title='bbox 1030 1828 1166 1872; x_wconf 90' lang='lat' dir='ltr'><strong>captus</strong></span> <span class='ocrx_word' id='word_1_102' title='bbox 1195 1819 1336 1858; x_wconf 85' lang='lat' dir='ltr'><strong>arbiter</strong></span> 
     </span>
    </p>

    <p class='ocr_par' dir='ltr' id='par_1_18' title="bbox 251 1889 1168 1944">
     <span class='ocr_line' id='line_1_21' title="bbox 251 1889 1168 1944; baseline -0.011 -11"><span class='ocrx_word' id='word_1_103' title='bbox 251 1896 351 1935; x_wconf 90' lang='lat' dir='ltr'><strong>Vter</strong></span> <span class='ocrx_word' id='word_1_104' title='bbox 379 1895 428 1935; x_wconf 90' lang='lat' dir='ltr'><strong>sit</strong></span> <span class='ocrx_word' id='word_1_105' title='bbox 456 1908 537 1933; x_wconf 92' lang='lat' dir='ltr'><strong>non</strong></span> <span class='ocrx_word' id='word_1_106' title='bbox 567 1893 651 1944; x_wconf 90' lang='lat' dir='ltr'><strong>quit</strong></span> <span class='ocrx_word' id='word_1_107' title='bbox 680 1890 919 1942; x_wconf 90' lang='lat' dir='ltr'><strong>Amphitruo</strong></span> <span class='ocrx_word' id='word_1_108' title='bbox 948 1889 1168 1927; x_wconf 88' lang='lat' dir='ltr'><strong>decernere.</strong></span> 
     </span>
    </p>

    <p class='ocr_par' dir='ltr' id='par_1_19' title="bbox 251 1949 1271 2006">
     <span class='ocr_line' id='line_1_22' title="bbox 251 1949 1271 2006; baseline -0.013 -6"><span class='ocrx_word' id='word_1_109' title='bbox 251 1960 426 2000; x_wconf 91' lang='lat' dir='ltr'><strong>Omnem</strong></span> <span class='ocrx_word' id='word_1_110' title='bbox 454 1973 536 1998; x_wconf 89' lang='lat' dir='ltr'><strong>rem</strong></span> <span class='ocrx_word' id='word_1_111' title='bbox 565 1965 745 1997; x_wconf 91' lang='lat' dir='ltr'><strong>noscunt.</strong></span> <span class='ocrx_word' id='word_1_112' title='bbox 804 1954 982 2006; x_wconf 89' lang='lat' dir='ltr'><strong>geminos</strong></span> <span class='ocrx_word' id='word_1_113' title='bbox 1012 1952 1076 1990; x_wconf 94' lang='lat' dir='ltr'><strong>illa</strong></span> <span class='ocrx_word' id='word_1_114' title='bbox 1105 1949 1271 1989; x_wconf 90' lang='lat' dir='ltr'><strong>enititur.</strong></span> 
     </span>
    </p>
   </div>
   <div class='ocr_carea' id='block_1_6' title="bbox 142 2050 1469 2194">
    <p class='ocr_par' dir='ltr' id='par_1_20' title="bbox 142 2050 1469 2194">
     <span class='ocr_line' id='line_1_23' title="bbox 187 2050 1468 2105; baseline -0.012 -8"><span class='ocrx_word' id='word_1_115' title='bbox 187 2065 234 2105; x_wconf 91' lang='lat'><strong>17</strong></span> <span class='ocrx_word' id='word_1_116' title='bbox 258 2063 367 2104; x_wconf 83' lang='lat' dir='ltr'><strong>uterq’</strong></span> <span class='ocrx_word' id='word_1_117' title='bbox 382 2063 523 2104; x_wconf 59' lang='lat' dir='ltr'><strong>dis-plicet</strong></span> <span class='ocrx_word' id='word_1_118' title='bbox 622 2062 785 2093; x_wconf 87' lang='lat' dir='ltr'><strong>luduntur</strong></span> <span class='ocrx_word' id='word_1_119' title='bbox 809 2059 998 2090; x_wconf 84' lang='lat' dir='ltr'><strong>Lambinus</strong></span> <span class='ocrx_word' id='word_1_120' title='bbox 1014 2057 1069 2097; x_wconf 81' lang='lat' dir='ltr'><strong>(cs.</strong></span> <span class='ocrx_word' id='word_1_121' title='bbox 1092 2055 1162 2087; x_wconf 83' lang='lat' dir='ltr'><strong>Mil.</strong></span> <span class='ocrx_word' id='word_1_122' title='bbox 1186 2054 1273 2095; x_wconf 83' lang='lat' dir='ltr'><strong>Arg.</strong></span> <span class='ocrx_word' id='word_1_123' title='bbox 1293 2054 1312 2084; x_wconf 92' lang='lat' dir='ltr'><strong>i.</strong></span> <span class='ocrx_word' id='word_1_124' title='bbox 1332 2063 1353 2091; x_wconf 93' lang='lat'><strong>9</strong></span> <span class='ocrx_word' id='word_1_125' title='bbox 1376 2050 1468 2082; x_wconf 84' lang='lat' dir='ltr'><strong>delu-</strong></span> 
     </span>
     <span class='ocr_line' id='line_1_24' title="bbox 144 2094 1469 2149; baseline -0.011 -8"><span class='ocrx_word' id='word_1_126' title='bbox 144 2109 235 2141; x_wconf 88' lang='lat' dir='ltr'><strong>ditur</strong></span> <span class='ocrx_word' id='word_1_127' title='bbox 255 2114 314 2149; x_wconf 83' lang='lat' dir='ltr'><strong>pro</strong></span> <span class='ocrx_word' id='word_1_128' title='bbox 336 2108 482 2145; x_wconf 61' lang='lat' dir='ltr'><strong>luditum</strong></span> <span class='ocrx_word' id='word_1_129' title='bbox 508 2106 583 2138; x_wconf 80' lang='lat' dir='ltr'><strong>Ct&#39;st.</strong></span> <span class='ocrx_word' id='word_1_130' title='bbox 610 2105 696 2145; x_wconf 80' lang='lat' dir='ltr'><strong>Arg.</strong></span> <span class='ocrx_word' id='word_1_131' title='bbox 722 2115 739 2144; x_wconf 92' lang='lat'><strong>7</strong></span> <span class='ocrx_word' id='word_1_132' title='bbox 769 2102 952 2143; x_wconf 86' lang='lat' dir='ltr'><strong>despondit</strong></span> <span class='ocrx_word' id='word_1_133' title='bbox 976 2106 1039 2143; x_wconf 85' lang='lat' dir='ltr'><strong>pro</strong></span> <span class='ocrx_word' id='word_1_134' title='bbox 1060 2099 1225 2141; x_wconf 87' lang='lat' dir='ltr'><strong>spondet)</strong></span> <span class='ocrx_word' id='word_1_135' title='bbox 1315 2095 1400 2127; x_wconf 85' lang='lat' dir='ltr'><strong>dolis</strong></span> <span class='ocrx_word' id='word_1_136' title='bbox 1410 2094 1469 2126; x_wconf 83' lang='lat' dir='ltr'><strong>del.</strong></span> 
     </span>
     <span class='ocr_line' id='line_1_25' title="bbox 142 2143 1167 2194; baseline -0.01 -10"><span class='ocrx_word' id='word_1_137' title='bbox 142 2152 219 2184; x_wconf 84' lang='lat' dir='ltr'><strong>Ital.</strong></span> <span class='ocrx_word' id='word_1_138' title='bbox 241 2152 293 2194; x_wconf 88' lang='lat' dir='ltr'><strong>(cf.</strong></span> <span class='ocrx_word' id='word_1_139' title='bbox 311 2152 346 2193; x_wconf 82' lang='lat'><strong>5)</strong></span> <span class='ocrx_word' id='word_1_140' title='bbox 481 2150 546 2190; x_wconf 86' lang='lat'><strong>119</strong></span> <span class='ocrx_word' id='word_1_141' title='bbox 569 2149 626 2181; x_wconf 90' lang='lat' dir='ltr'><strong>illa</strong></span> <span class='ocrx_word' id='word_1_142' title='bbox 643 2148 767 2180; x_wconf 81' lang='lat' dir='ltr'><strong>Bothe:</strong></span> <span class='ocrx_word' id='word_1_143' title='bbox 792 2147 969 2179; x_wconf 87' lang='lat' dir='ltr'><strong>alcumena</strong></span> <span class='ocrx_word' id='word_1_144' title='bbox 984 2143 1050 2177; x_wconf 88' lang='lat' dir='ltr'><strong>cod.</strong></span> <span class='ocrx_word' id='word_1_145' title='bbox 1068 2147 1113 2184; x_wconf 77' lang='lat' dir='ltr'><strong>(v.</strong></span> <span class='ocrx_word' id='word_1_146' title='bbox 1133 2144 1167 2183; x_wconf 90' lang='lat'><strong>1)</strong></span> 
     </span>
    </p>
   </div>
   <div class='ocr_carea' id='block_1_7' title="bbox 186 2462 1379 2509">
    <p class='ocr_par' dir='ltr' id='par_1_21' title="bbox 186 2462 1379 2509">
     <span class='ocr_line' id='line_1_26' title="bbox 186 2462 1379 2509; baseline -0.013 0"><span class='ocrx_word' id='word_1_147' title='bbox 186 2486 306 2509; x_wconf 67' lang='grc' dir='ltr'><strong>ΡιΑντ.</strong></span> <span class='ocrx_word' id='word_1_148' title='bbox 325 2486 336 2506; x_wconf 85' lang='lat'>1</span> <span class='ocrx_word' id='word_1_149' title='bbox 1363 2462 1379 2494; x_wconf 92' lang='lat'>1</span> 
     </span>
    </p>
   </div>
  </div>
 </body>
</html>
