1814 2723
228 48 297 85 IV.
322 47 365 83 vi
747 44 793 80 T.
827 41 1008 80 MACCI
1043 40 1246 78 PLAVTI

256 157 301 192 vi
918 153 944 190 S
959 164 983 189 v
998 164 1023 189 R
1039 164 1063 189 A

322 224 385 261 Sv.
420 223 583 259 Ecastor
604 221 689 270 lege
710 220 808 257 dura
829 217 969 256 uiuont
990 216 1172 255 mulieres

322 288 528 336 multoque
548 284 743 335 iniquiore
765 283 929 321 miserae
952 296 1069 332 quam
1092 281 1174 319 uiri.

323 366 414 390 nam
436 351 466 389 si
487 350 546 389 uir
566 357 739 388 scortum
761 347 872 387 duxit
894 349 995 386 clam
1018 360 1178 385 uxorem
1200 359 1323 392 suam,

323 418 364 456 id
384 417 415 455 si
436 416 593 455 resciuit
614 428 719 461 uxor,
743 414 929 463 inpunest
950 412 1035 451 uiro
1051 427 1061 460 5
1677 417 1746 450 820

287 498 303 528 5
324 496 421 521 uxor
440 481 568 520 uirum
589 480 621 518 si
641 481 742 518 clam
764 480 887 518 domo
909 491 1063 528 egressa
1084 484 1142 515 est
1163 478 1275 522 foras,

325 547 409 586 uiro
430 548 471 585 fit
492 559 641 592 caussa,
664 543 827 594 exigitur
851 542 1127 581 matrumonio.

325 612 475 651 utinam
496 613 557 649 lex
578 618 679 649 esset
700 611 840 648 eadem
864 622 965 658 quae
986 607 1095 646 uxori
1117 614 1174 646 est
1195 606 1304 653 uiro,

324 692 415 716 nam
437 691 532 715 uxor
553 683 740 714 contenta
760 682 818 713 est
840 688 941 724 quae
962 674 1068 712 bona
1088 680 1146 711 est
1166 686 1247 711 uno
1267 671 1374 710 uiro:

324 742 391 793 qui
413 741 532 780 minu'
553 741 612 779 uir
632 754 711 779 una
730 753 850 778 uxore
872 746 1082 778 contentus
1104 737 1204 776 siet?
1678 739 1743 782 825

266 822 305 843 10
325 814 476 846 ecastor
496 805 626 852 faxim,
649 805 679 843 si
701 804 838 843 itidem
860 805 1082 854 plectantur
1102 802 1186 849 uiri,

325 872 356 911 si
378 871 464 922 quis
486 873 587 909 clam
608 883 770 908 uxorem
791 868 944 908 duxerit
966 876 1139 906 scortum
1161 881 1283 914 suam,

325 945 368 976 ut
387 937 475 976 illae
497 936 702 986 exiguntur
722 949 823 985 quae
844 934 884 972 in
906 948 947 972 se
970 935 1127 984 culpam
1149 940 1408 980 commerent,

324 1004 454 1054 plures
475 1001 546 1041 uiri
568 1000 645 1040 sint
665 999 775 1039 uidui
797 1013 917 1051 quam
938 1012 1045 1037 nunc
1066 997 1315 1036 mulieres.—

833 1199 1070 1247 ACTVS
1118 1199 1164 1245 V

222 1304 306 1342 V.i
846 1302 1147 1339 CHAR1st

327 1387 405 1426 CH.
430 1384 571 1424 Limen
592 1396 777 1435 superum
803 1381 807 1433 Ι
835 1381 1097 1432 inferumque,
1113 1382 1231 1428 salue,
1250 1380 1366 1419 simul
1385 1387 1518 1418 autem
1539 1379 1649 1417 uale:
1680 1380 1749 1424 830

328 1453 434 1489 hunc
455 1449 575 1489 hodie
595 1456 840 1499 postremum
860 1448 1006 1485 extollo
1028 1460 1117 1485 mea
1136 1448 1259 1484 domo
1279 1444 1403 1496 patria
1422 1445 1578 1495 pedem.

328 1530 434 1564 usus,
456 1517 615 1562 fructus,
638 1513 778 1560 uictus,
802 1514 930 1551 cultus
951 1511 1029 1550 iam
1051 1511 1147 1549 mihi
1168 1513 1317 1550 harunc
1337 1509 1496 1549 aedium

332 1582 619 1631 interemptust,
640 1579 894 1624 interfectust,
918 1577 1137 1619 alienatust.
1197 1576 1350 1615 occidi!

296 1660 312 1691 5
333 1647 374 1686 di
393 1653 556 1697 penates
577 1658 710 1683 meum
731 1651 949 1694 parentum,
974 1642 1135 1680 familiai
1156 1644 1232 1680 Lar
1251 1649 1370 1691 pater,

333 1712 448 1752 uobis
469 1712 617 1749 mando
638 1723 771 1748 meum
793 1716 1000 1758 parentum
1022 1721 1104 1746 rem
1124 1708 1227 1746 bene
1247 1715 1290 1745 ut
1310 1705 1501 1745 tutemini.
1683 1705 1748 1748 835

331 1791 404 1828 ego
425 1775 521 1814 mihi
541 1775 638 1813 alios
659 1775 756 1813 deos
777 1772 930 1824 penatis
952 1785 1174 1823 persequar,
1196 1771 1317 1810 alium
1337 1773 1490 1816 Larem,

330 1842 447 1881 aliam
468 1841 617 1888 urbem,
640 1839 757 1878 aliam
781 1839 981 1878 ciuitatem
998 1854 1004 1877 :
1035 1838 1087 1876 ab
1107 1837 1248 1876 Atticis
1268 1837 1462 1876 abhorreo
1476 1850 1486 1883 3

332 1909 424 1947 nam
445 1907 513 1945 ubi
534 1920 662 1945 mores
684 1904 898 1945 deteriores
920 1903 1216 1943 increbrescunt
1235 1902 1276 1940 in
1296 1902 1391 1948 dies,

276 1988 313 2009 10
333 1972 481 2023 ubique
501 1971 618 2010 amici
638 1971 706 2022 qui
727 1970 907 2009 infideles
929 1969 1030 2008 sient
1049 1981 1223 2019 nequeas
1243 1980 1476 2018 pernoscere

333 2038 482 2088 ubique
502 2037 543 2076 id
564 2036 748 2087 eripiatur
768 2036 903 2074 animo
924 2043 993 2073 tuo
1015 2035 1124 2084 quod
1144 2035 1296 2084 placeat
1316 2045 1509 2078 maxume,
1684 2035 1753 2077 840

333 2103 389 2143 ibi
410 2102 571 2154 quidem
593 2102 624 2140 si
645 2115 808 2151 regnum
830 2102 957 2147 detur,
977 2113 1059 2137 non
1080 2098 1248 2148 cupitast
1269 2097 1416 2136 ciuitas.

378 2210 439 2240 821
458 2207 533 2238 uiro
546 2205 611 2237 cod.
696 2205 760 2235 828
778 2204 834 2235 illa
848 2214 901 2235 ex.
918 2202 984 2234 cod.
1057 2202 1245 2241 insculpam
1257 2201 1480 2232 conuenirent
1493 2200 1524 2231 Β
1601 2201 1665 2239 830

276 2251 284 2261 “
335 2248 608 2292 superum<que>
631 2248 759 2279 Ritsclal
887 2248 952 2286 839
976 2246 1031 2277 ubi
1051 2246 1108 2286 qui
1127 2245 1315 2276 Palmerius
1445 2245 1511 2283 840
1533 2243 1589 2274 ubi
1608 2243 1664 2283 qui

336 2297 408 2370 {1225
430 2294 546 2368 ssa?
563 2298 625 2334 pro
647 2291 703 2331 ei;
729 2292 750 2322 i.
780 2301 808 2331 7,
835 2301 866 2331 p.
895 2291 970 2329 108)
1007 2299 1029 2310 κ
1104 2290 1165 2328 841
1192 2294 1244 2320 est
1267 2288 1380 2328 cupita
1404 2288 1478 2330 (-da
1500 2287 1548 2329 Β)
1573 2287 1638 2318 cod.
1657 2298 1664 2317 ι
