1814 2723
191 52 238 88 V⁵
260 51 289 87 ii
682 50 728 87 T.
762 48 941 87 MACCI
974 48 1176 85 PLAVTI

261 175 398 200 uerum
427 161 563 200 audire
592 160 710 199 etiam
741 173 787 198 ex
816 166 854 197 te
883 161 1034 198 studeo.
1086 160 1160 196 PH.
1192 158 1312 197 uiden
1333 159 1465 195 hanc?
1520 158 1586 195 N1.

845 224 975 262 uideo.
1033 225 1107 261 PH.
1139 225 1217 261 hau
1239 224 1341 260 mala
1361 230 1418 260 est
1439 221 1585 260 mulier.

261 293 327 331 N1.
346 293 412 342 pol
429 304 523 330 uero
539 290 612 328 ista
627 291 730 328 mala
743 296 781 328 et
794 296 835 327 tu
849 289 970 327 nihili.
1031 290 1104 326 PH.
1128 289 1224 338 quid
1238 289 1382 325 multa?
1402 300 1474 337 ego
1486 300 1587 324 amo.

970 355 1035 391 N1.
1067 367 1118 391 an
1138 354 1277 390 amas?
1335 354 1408 389 PH.
1431 353 1489 391 ναὶ
1507 353 1588 404 γάρ.

266 424 331 461 N1.
364 429 444 468 tun,
468 423 590 459 homo
611 420 758 471 putide,
781 427 931 458 amator
951 419 1047 457 istac
1068 418 1150 457 fieri
1169 426 1297 456 aetate
1316 419 1467 456 audes?
1515 419 1589 455 PH.

1394 483 1461 533 qui
1480 496 1561 520 non
1576 484 1593 520 ?

267 554 332 591 N1.
365 551 457 601 quia
477 551 666 600 flagitium
688 558 755 589 est.
817 552 890 588 PH.
924 549 1020 599 quid
1041 556 1157 599 opust
1184 549 1346 587 uerbis?
1403 561 1492 586 meo
1513 547 1593 585 filio

1255 628 1335 652 non
1356 627 1442 651 sum
1463 613 1592 659 iratus,

207 699 248 730 50
267 696 396 733 neque
427 691 465 721 te
498 690 602 720 tuost
632 695 802 732 aequom
837 695 922 719 esse
956 680 1123 719 iratum:
1164 680 1195 718 si
1223 680 1367 726 amant,
1402 678 1595 729 sapienter

1435 743 1592 781 faciunt.

378 815 448 850 BA.
482 826 645 861 sequere
666 813 749 850 hac.
811 813 876 849 N1.
909 818 1003 848 eunt
1024 823 1136 849 eccas
1158 811 1317 848 tandem

268 877 650 928 probriperlecebrae
676 884 714 914 et
741 875 1026 926 persuastrices.
1086 874 1182 925 quid
1202 876 1339 913 nunc?
1367 874 1485 913 etiam
1514 874 1597 911 red-

1381 938 1463 977 diti'
1482 937 1597 976 nobis

271 1007 370 1046 filios
404 1014 442 1045 et
472 1008 662 1045 seruom?
702 1020 751 1044 an
787 1020 860 1056 ego
894 1005 1071 1055 experior
1099 1012 1232 1043 tecum
1263 1004 1344 1043 uim
1379 1003 1598 1042 maiorem?

1257 1071 1330 1107 ΡΗ.
1362 1069 1454 1107 abin
1474 1068 1598 1105 hine?

269 1150 350 1175 non
370 1139 493 1175 homo
520 1136 728 1186 tuquidem
749 1150 801 1183 es,
825 1136 892 1186 qui
920 1136 1019 1174 istoc
1049 1142 1166 1185 pacto
1195 1142 1276 1173 tam
1305 1134 1477 1184 lepidam
1507 1132 1599 1170 inle-

1303 1198 1395 1249 pide
1413 1198 1596 1247 appelles.

211 1279 252 1311 55
275 1270 345 1306 BA.
387 1282 506 1307 senex
535 1275 698 1318 optume
727 1274 957 1317 quantumst
986 1267 1026 1304 in
1056 1274 1165 1313 terra,
1198 1265 1281 1303 sine
1308 1262 1408 1316 (me)
1435 1264 1511 1301 hoc
1541 1276 1600 1301 ex-

1331 1342 1440 1367 orare
1458 1341 1528 1378 aps
1548 1334 1598 1374 te,

271 1406 312 1436 ut
334 1397 433 1436 istuc
454 1398 644 1436 delictum
665 1397 830 1435 desistas
851 1404 962 1435 tanto
982 1410 1101 1446 opere
1120 1396 1175 1434 ire
1194 1401 1477 1445 oppugnatum.

380 1464 445 1500 NJ.
478 1462 518 1500 ni
538 1463 668 1509 abeas,
691 1475 933 1512 quamquam
953 1469 995 1499 tu
1017 1461 1120 1499 bella
1139 1474 1191 1507 es,

271 1529 417 1566 malum
439 1527 509 1565 tibi
531 1541 718 1577 magnum
742 1527 849 1565 dabo
870 1526 957 1564 iam.
1019 1528 1088 1564 ΒΑ.
1122 1525 1255 1575 patiar,
1278 1539 1358 1563 non
1388 1531 1522 1562 metuo
1551 1524 1604 1560 ne

1239 1590 1334 1640 quid
1356 1589 1451 1627 mihi
1471 1590 1603 1627 doleat

270 1660 378 1709 quod
409 1658 531 1697 ferias.
592 1659 658 1696 N1.
702 1665 744 1695 ut
772 1657 1092 1706 blandiloquast!
1135 1655 1171 1693 ei
1196 1655 1304 1702 mihi,
1332 1661 1476 1692 metuo.
1536 1655 1599 1691 So.

1127 1720 1190 1758 hic
1211 1720 1323 1770 magi'
1343 1718 1600 1769 tranquillust.

212 1796 255 1827 60
276 1792 345 1827 BA.
379 1789 484 1827 ihac
514 1801 671 1827 mecum
703 1788 806 1825 intro
836 1795 955 1836 alque
985 1786 1040 1824 ibi
1067 1785 1099 1823 si
1126 1785 1222 1835 quid
1243 1784 1302 1822 uis
1323 1783 1444 1822 filium
1467 1796 1604 1821 conca-

1453 1848 1602 1897 stigato.

278 1920 344 1957 N1.
376 1919 469 1957 abin
499 1932 522 1956 a
551 1932 625 1965 me,
649 1920 798 1956 seelu’?
856 1919 927 1954 BA.
961 1916 1057 1962 sine,
1082 1928 1170 1954 mea
1199 1913 1340 1961 Pietas,
1370 1920 1408 1952 te
1432 1926 1600 1951 exorem.

1194 1981 1260 2018 N1.
1293 1992 1427 2017 exores
1447 1986 1488 2016 tu
1509 1992 1573 2016 me
1587 1980 1605 2017 ?

276 2050 341 2088 So.
373 2062 447 2098 ego
475 2048 638 2098 quidem
667 2049 719 2086 ab
742 2049 820 2086 hoc
845 2054 951 2085 certe
978 2046 1157 2084 exorabo.
1218 2047 1292 2082 PH.
1326 2044 1448 2081 immo
1468 2056 1541 2093 ego
1565 2050 1604 2081 te

1059 2124 1129 2148 oro
1149 2117 1191 2148 ut
1212 2123 1275 2147 me
1294 2109 1396 2147 intro
1415 2110 1600 2147 abducas.

260 2248 269 2257 N
324 2220 406 2248 1162
431 2228 532 2248 necar
547 2218 615 2248 cod.
627 2218 662 2257 (i.
677 2220 710 2255 8,
729 2228 759 2257 p.
776 2218 850 2253 106)
988 2217 1069 2253 1164
1094 2225 1179 2254 opus
1196 2215 1324 2245 uerbist
1341 2214 1406 2244 cod.
1523 2215 1603 2252 1167

277 2262 390 2302 probri
407 2273 439 2301 p.
457 2261 540 2301 edd„
559 2261 617 2291 sed
629 2262 666 2300 cf
685 2261 794 2292 Peters
812 2259 936 2295 (Harv.
953 2258 1051 2290 stud.
1071 2269 1102 2298 9,
1125 2259 1199 2288 118*
1350 2267 1433 2296 1170
1457 2269 1510 2288 me
1527 2256 1603 2287 add.

277 2305 403 2336 Ritsclzl
426 2305 488 2343 (iii.
504 2307 540 2339 6)
753 2306 849 2342 1171²²
873 2304 938 2334 nisi
955 2294 1028 2332 P‘TD
1158 2301 1267 2331 abetis
1285 2301 1383 2340 (-ae-)
1401 2301 1605 2341 Brugmann

281 2358 362 2388 1175
388 2349 412 2389 i]
433 2349 454 2378 ii
471 2348 536 2378 cod.
557 2349 582 2387 (2
594 2353 656 2387 pro
674 2348 725 2386 εἰς
750 2347 786 2386 cs
807 2348 903 2388 1181)
995 2346 1037 2376 ibi
1055 2343 1213 2385 Pylades:
1238 2345 1291 2375 abi
1306 2344 1373 2376 cod.

1617 681 1702 723 1165

1622 1272 1711 1307 1170

1625 1466 1730 1505 1171a

1627 1789 1712 1825 1175
