1742 2718
721 91 995 131 ASINARIA
1454 99 1522 136 IV.
1542 100 1555 135 1

107 207 173 251 805
196 203 275 240 tuo’
296 215 430 241 seruos
451 209 578 241 seruet
592 202 790 241 Venerine
811 216 875 241 eas
896 205 963 242 det
984 218 1033 243 an
1055 205 1150 244 uiro.
1543 222 1585 253 60

194 265 225 304 si
247 267 344 305 forte
364 280 459 317 pure
480 268 581 304 uelle
602 267 747 305 habere
767 267 917 315 dixerit,

194 338 251 369 tot
272 339 408 369 noctes
428 332 566 369 reddat
587 345 746 381 spurcas
768 341 863 382 quot
885 347 979 383 pure
1001 335 1205 374 habuerit)

194 396 292 434 haec
312 404 402 433 sunt
423 409 502 434 non
525 410 662 446 nugae,
685 410 766 435 non
787 398 893 436 enim
915 400 1130 438 mortualia.

195 461 260 498 D1.
292 462 448 510 placent
469 462 646 511 profecto
666 463 780 512 leges.
841 476 1004 514 sequere
1026 465 1264 505 intra—Pis.
1297 479 1506 517 sequor.—

499 561 787 600 DIABOLVS
900 565 1217 603 PARASITVS
1542 571 1570 606 ii

107 652 174 687 810
195 644 260 681 D1.
293 643 464 692 Sequere
484 643 569 680 hac.
628 656 754 692 egone
775 644 872 682 haec
892 645 1016 695 patiar
1035 654 1102 684 aut
1122 648 1304 686 taceam?
1333 649 1456 686 emori

194 720 256 746 me
277 707 411 745 malim
432 720 550 757 quarn
572 709 669 746 haec
690 722 770 746 non
793 709 889 747 eiius
910 710 1019 749 uxori
1040 711 1224 751 indicem.

192 772 256 810 ain
277 774 348 810 tu?
376 774 482 823 apud
502 772 671 822 amicam
692 787 834 812 munus
855 776 1141 814 adulescentuli

192 839 362 887 fungare,
385 838 494 876 uxori
515 851 676 877 excuses
697 846 735 878 te
755 848 793 878 et
814 840 922 878 dicas
943 844 1109 880 senem?

192 903 401 953 praeripias
422 911 595 942 scortum
615 904 763 942 amanti
783 913 902 955 atque
922 915 1126 956 argentum
1148 909 1296 948 obicias
1542 928 1560 958 5

106 973 171 1018 815
192 969 334 1007 lenae?
362 968 535 1019 suppiles
555 970 657 1007 clam
678 970 787 1008 domi
808 984 968 1009 uxorem
990 975 1128 1011 tuam?

192 1035 431 1084 suspendam
452 1034 582 1084 potius
604 1048 668 1073 me
688 1049 807 1085 quam
828 1036 946 1075 tacita
966 1038 1063 1076 haec
1086 1045 1127 1076 tu
1148 1040 1310 1078 auferas.

190 1099 268 1138 iam
289 1099 451 1150 quidem
471 1101 602 1138 hercle
621 1101 673 1138 ad
694 1100 799 1139 illam
820 1101 913 1140 hinc
934 1102 1011 1150 ibo,
1035 1116 1154 1153 quam
1175 1112 1217 1142 tu
1238 1104 1481 1155 propediem,

190 1164 265 1203 nisi
285 1166 446 1215 quidem
468 1164 533 1202 illa
552 1173 644 1204 ante
664 1166 887 1216 occupassit
908 1175 956 1214 te,
979 1168 1136 1218 ecfliges
1157 1169 1250 1216 scio,

191 1230 364 1268 luxuriae
384 1238 564 1281 sumptus
585 1231 837 1281 suppeditare
857 1240 899 1270 ut
920 1233 1079 1282 possies.
1546 1252 1581 1273 10

105 1297 173 1332 820
193 1296 260 1333 ΡΑ.
294 1308 366 1345 ego
386 1295 442 1334 sic
462 1295 692 1334 faciundum
713 1309 857 1334 censeo
874 1312 881 1335 :
911 1311 974 1335 me
995 1299 1216 1337 honestiust

191 1373 309 1410 quam
330 1369 368 1399 te
388 1362 516 1411 palam
539 1362 641 1399 hanc
661 1375 743 1399 rem
764 1363 901 1410 facere,
924 1376 974 1402 ne
995 1363 1059 1402 illa
1079 1364 1287 1404 existumet

189 1425 332 1464 amoris
353 1439 490 1465 caussa
509 1426 701 1477 percitum
721 1428 762 1465 id
783 1427 921 1466 fecisse
940 1436 979 1467 te

190 1491 302 1541 magi'
324 1505 442 1542 quam
464 1505 534 1530 sua
556 1505 703 1530 caussa.
764 1494 830 1531 D1.
862 1501 901 1531 at
921 1495 988 1544 pol
1009 1494 1076 1545 qui
1097 1495 1193 1534 dixti
1214 1495 1366 1535 rectius.

189 1563 231 1594 tu
252 1570 344 1607 ergo
364 1558 425 1596 fac
445 1565 487 1596 ut
508 1557 562 1596 illi
583 1558 727 1605 turbas,
750 1557 827 1596 litis
848 1558 1018 1606 concias,
1542 1576 1578 1608 15

103 1625 168 1671 825
190 1634 281 1659 cum
301 1634 373 1660 suo
394 1621 468 1660 sibi
488 1630 607 1672 gnato
628 1636 748 1661 unam
768 1624 819 1662 ad
839 1623 1008 1662 amicam
1029 1626 1080 1663 de
1100 1625 1165 1664 die

187 1693 334 1736 potare,
356 1686 463 1725 illam
483 1688 662 1738 expilare.
723 1690 792 1726 ΡΑ.
825 1689 902 1726 iarn
923 1687 1046 1742 (iam).
1081 1703 1132 1729 ne
1153 1704 1282 1730 mone.

186 1764 259 1802 ego
280 1751 380 1790 istuc
400 1753 684 1791 curabo—DI.
716 1754 754 1791 at
775 1767 848 1803 ego
869 1762 907 1792 te
928 1755 1107 1805 opperiar
1127 1756 1304 1795 dorni.—

230 1856 292 1895 807
318 1866 403 1895 pure
423 1855 586 1895 Scaliger:
621 1867 723 1897 puras
746 1858 809 1890 cod.
843 1859 918 1900 (pro
943 1860 1099 1901 purae3),
1125 1861 1201 1890 item
1220 1860 1309 1892 codd.
1332 1862 1438 1892 Nom'i
1453 1872 1516 1901 394

189 1898 226 1939 (i.
239 1900 275 1939 9)
380 1901 445 1930 810
468 1905 578 1940 egone
595 1901 627 1934 h.
646 1900 726 1944 (ut)
743 1913 776 1942 p.
792 1902 968 1934 Fleckeisen
1077 1905 1141 1943 815
1166 1904 1339 1944 suppelles
1355 1904 1420 1936 cod.
1440 1906 1518 1946 (pro

186 1942 373 1983 suppeiles)
506 1945 570 1975 816
594 1946 798 1984 suspendam
819 1945 944 1977 Bothe:
967 1949 1162 1987 suppendas
1179 1948 1248 1979 cod.
1336 1953 1363 1980 t.
1380 1949 1463 1979 haec
1481 1954 1514 1979 tu

191 1985 310 2018 Weise:
337 1991 360 2017 t.
377 1992 414 2018 tu
429 1987 513 2018 haec
529 1987 594 2020 cod.
609 2000 615 2020 ε
641 1993 675 2019 tu
694 1990 778 2020 haec
796 1994 822 2020 t.
846 1990 995 2031 Kaempj
1119 1993 1182 2023 818
1207 2002 1352 2032 occupas
1369 1992 1434 2023 site
1450 1992 1516 2024 cod.

186 2029 252 2059 826
274 2030 339 2061 iam
356 2030 421 2061 iarn
437 2041 482 2061 ne
503 2042 603 2062 mone
625 2033 740 2073 scripsi
754 2032 891 2073 (Journ.
906 2033 994 2065 Phil.
1013 2036 1064 2074 26,
1085 2035 1164 2076 293)
1182 2046 1189 2066 :
1213 2035 1278 2067 iam
1301 2046 1424 2066 emone
1449 2035 1514 2066 cod.

187 2082 267 2112 exp.
285 2083 398 2105 narra.
448 2075 507 2107 ΡΑ.
534 2087 578 2106 ne
601 2085 702 2106 mone
720 2075 785 2106 Leo
