1794 2728
152 68 228 105 III.
250 67 280 103 ii
663 69 709 106 T.
743 67 924 107 MACCI
956 68 1160 105 PLAVTI

200 221 231 258 ii
563 220 877 256 ALCVMENA
989 218 1266 254 IVPPITER

249 314 323 350 AL.
359 314 510 351 Durare
530 325 687 362 nequeo
708 311 748 348 in
768 311 944 349 aedibus.
1005 310 1058 348 ita
1078 323 1141 348 me
1161 308 1309 360 probri,

196 380 207 390 ⁴
249 377 382 427 stupri,
405 377 610 416 dedecoris
630 391 653 415 a
673 376 757 414 uiro
778 384 954 426 argutam
975 389 1065 414 meo
1082 379 1088 413 Ι

249 456 295 481 ea
315 456 416 492 quae
437 451 526 481 sunt
547 444 649 481 facta
669 441 880 481 †infectare
901 449 959 479 est
978 444 1042 481 at†
1063 440 1246 486 clamitat,

249 521 350 557 quae
371 521 500 558 neque
521 515 611 546 sunt
632 508 733 545 facta
753 519 883 556 neque
904 519 977 555 ego
998 505 1038 543 in
1059 518 1122 543 me
1142 503 1285 543 admisi
1304 503 1428 554 arguit
1444 519 1455 552 3
1595 513 1662 557 885

213 587 228 618 5
248 580 367 623 atque
388 572 427 611 id
449 586 512 611 me
532 585 677 622 susque
698 573 828 621 deque
849 584 934 609 esse
955 570 1177 609 habituram
1197 577 1318 620 putat.

250 651 330 676 non
351 639 493 688 edepol
514 637 665 684 faciam,
689 650 819 686 neque
841 649 903 674 me
924 635 1117 686 perpetiar
1137 634 1269 685 probri

249 705 347 742 falso
368 703 642 748 insimulatam,
666 703 761 752 quin
782 715 855 752 ego
876 701 983 739 illum
1005 708 1073 739 aut
1093 701 1272 739 deseram

248 776 316 807 aut
337 767 419 806 sati'
441 767 556 806 faciat
577 767 631 804 mi
652 766 716 805 ille
735 775 854 817 atque
874 766 1026 804 adiuret
1047 765 1206 815 insuper

249 835 354 872 nolle
375 847 460 871 esse
480 834 585 872 dicta
605 846 706 882 quae
727 832 766 869 in
788 845 851 870 me
872 832 1069 869 insontem
1091 831 1263 881 protulit.
1598 838 1667 882 890

194 914 231 935 10
251 901 309 938 IV.
341 898 570 937 faciundum
591 905 650 936 est
669 897 723 935 mi
744 897 840 935 illud
862 896 944 935 fieri
964 898 1073 947 quod
1093 896 1205 934 illaec
1225 897 1407 946 postulat,

250 964 282 1002 si
302 977 365 1002 me
386 963 490 1002 illam
511 971 712 1001 amantem
732 963 783 1000 ad
805 975 890 1000 sese
910 963 1090 1000 studeam
1112 961 1283 1011 recipere
1302 977 1309 999 z

250 1031 410 1080 quando
431 1042 503 1079 ego
524 1030 633 1079 quod
653 1028 728 1066 feci
749 1028 789 1066 id
810 1029 957 1066 factum
978 1026 1260 1078 Amphitruoni
1280 1026 1391 1065 offuit

248 1102 367 1144 atque
387 1094 441 1132 illi
461 1095 614 1133 dudum
635 1107 747 1132 meus
767 1107 878 1132 amor
897 1093 1100 1143 negotium

249 1158 394 1197 insonti
415 1158 602 1205 exhibuit,
626 1172 732 1197 nunc
752 1165 885 1196 autem
905 1157 1052 1197 insonti
1073 1157 1169 1196 mihi
1600 1162 1665 1207 895

192 1237 228 1268 15
249 1223 350 1262 illius
372 1224 426 1262 ira
446 1224 486 1262 in
507 1225 610 1261 hanc
630 1231 669 1261 et
689 1224 791 1261 male
812 1223 919 1261 dicta
939 1230 1132 1273 expetent.

249 1291 321 1327 AL.
354 1290 424 1328 sed
444 1303 582 1328 eccum
603 1288 723 1328 uideo
744 1288 811 1338 qui
832 1287 991 1340 (modo)
1010 1302 1074 1327 me
1094 1288 1277 1327 miseram
1295 1287 1420 1338 arguit

249 1354 381 1404 stupri,
405 1354 621 1393 dedecoris.
683 1355 740 1391 Iv.
774 1361 812 1392 te
833 1355 936 1401 uolo,
959 1367 1065 1400 uxor,
1090 1353 1286 1403 conloqui.

249 1432 330 1469 quo
350 1426 388 1457 te
408 1418 614 1457 auortisti?
672 1420 745 1456 AL.
769 1418 823 1456 ita
841 1417 1009 1471 (ingeni)
1028 1418 1230 1468 ingenium
1251 1425 1445 1456 meumst:

248 1483 429 1522 inimicos
450 1497 606 1534 semper
626 1497 695 1522 osa
715 1497 802 1521 sum
823 1484 1028 1534 optuerier.
1597 1496 1669 1532 900

190 1568 230 1589 20
251 1551 308 1587 IV.
341 1549 430 1588 heia
450 1557 583 1587 autem
604 1548 817 1587 inimicos?
862 1551 946 1600 ,AL.
979 1549 1035 1587 sic
1055 1556 1126 1597 est,
1149 1563 1242 1588 uera
1261 1548 1473 1599 praedico3

249 1614 323 1653 nisi
343 1614 461 1653 etiam
482 1615 558 1652 hoc
579 1601 677 1652 falso
697 1614 776 1652 dici
797 1606 1089 1652 insimulaturus
1110 1628 1162 1653 es.

251 1682 308 1718 IV.
340 1679 447 1717 nimi'
467 1680 694 1718 uerecunda
713 1693 765 1718 es.
824 1682 898 1717 AL.
921 1679 1033 1730 potin
1053 1687 1095 1718 ut
1114 1679 1311 1730 apstineas
1331 1679 1524 1718 manum?

248 1758 340 1782 nam
361 1752 478 1790 certo,
502 1744 533 1782 si
554 1743 605 1782 sis
628 1757 746 1782 sanus
766 1752 834 1782 aut
853 1744 981 1794 sapias
1002 1744 1105 1792 satis,

248 1823 367 1860 quam
388 1817 429 1847 tu
450 1809 680 1860 inpudicam
702 1823 788 1848 esse
808 1809 992 1848 arbitrere
1012 1817 1050 1848 et
1069 1809 1286 1860 praedices,
1598 1820 1664 1858 905

190 1888 227 1919 25
248 1889 338 1913 cum
359 1888 405 1913 ea
425 1882 467 1912 tu
488 1888 711 1913 sermonem
735 1888 808 1912 nec
830 1874 918 1913 ioco
939 1888 1013 1913 ne:
1033 1874 1134 1913 serio

247 1940 318 1978 tibi
339 1940 497 1987 habeas,
520 1939 596 1978 nisi
618 1941 669 1978 sis
691 1939 844 1978 stultior
864 1939 1120 1979 stultissumo.

248 2007 306 2044 IV.
339 2005 371 2044 si
391 2005 480 2052 dixi,
504 2005 629 2044 nihilo
650 2005 772 2054 magis
793 2018 834 2043 es
855 2018 985 2054 neque
1005 2018 1078 2054 ego
1098 2018 1184 2043 esse
1202 2004 1376 2052 arbitror,

291 2111 356 2150 884
368 2109 493 2140 insecta
505 2108 737 2140 restatValzlen
755 2121 762 2140 :
776 2109 898 2140 infecta
913 2114 1015 2140 testat
1027 2107 1167 2139 Palmcr
1180 2109 1270 2148 :fora
1288 2108 1414 2139 insecta
1426 2113 1576 2147 praestat

248 2155 312 2193 893
344 2153 377 2184 id
402 2154 524 2183 sactum
552 2152 787 2183 Camerarius:
815 2153 938 2183 sactum
964 2153 997 2183 id
1024 2152 1091 2183 cod.
1249 2153 1314 2191 804
1347 2152 1392 2182 illi
1418 2151 1577 2191 Pylades:

247 2197 304 2228 ille
332 2196 398 2228 cod.
425 2197 480 2238 (cf.
513 2198 630 2238 1002):
666 2197 723 2227 vix
747 2197 822 2227 illae
973 2197 1036 2235 897
1061 2196 1122 2226 sed
1150 2196 1230 2237 (set)
1261 2194 1408 2226 Guietus:
1447 2201 1480 2226 et
1507 2195 1572 2226 cod.

248 2247 348 2305 rhodo
367 2251 428 2313 (rii)
454 2272 527 2304 add.
552 2272 658 2314 Goetz,
676 2272 788 2304 Loewe
919 2274 1121 2313 8992ingeni
1146 2272 1222 2304 add.
1247 2272 1382 2313 quffi‘rt
1511 2282 1577 2312 903

250 2318 410 2349 iracunda
427 2317 616 2347 Lambsnus
703 2317 800 2356 potin
818 2317 1047 2348 Camerarius:
1074 2317 1167 2356 potin
1187 2321 1241 2347 est
1264 2317 1330 2347 cod.
1449 2317 1515 2356 906
1538 2327 1578 2346 ea

248 2366 284 2392 tu
300 2360 528 2392 Camerarius:
555 2361 625 2390 satu
643 2361 708 2391 cod.
723 2360 836 2401 (Fpro
847 2360 889 2401 E)
993 2370 1057 2399 907
1083 2360 1147 2390 nisi
1164 2360 1193 2390 si
1209 2361 1256 2391 sis
1271 2359 1338 2391 cod.
1355 2360 1434 2400 (nisi
1451 2360 1498 2391 sis
1510 2359 1551 2399 J)
