1742 2718
633 75 989 114 MENAECHMI
1400 71 1469 107 IV.
1489 69 1518 106 ii

148 193 231 230 MA.
254 197 419 240 egomet.
454 190 521 225 ΡΕ.
545 193 583 224 et
599 199 682 236 ego.
725 192 844 234 atque
860 183 952 221 huic
968 182 1118 221 amicae
1135 180 1307 220 detulisti
1324 180 1471 219 Erotio.
1491 194 1534 227 90

148 258 262 295 ΜΕΝ.
303 267 402 304 egon
438 250 560 290 dedi?
618 252 702 288 MA.
746 257 798 296 tu,
840 250 881 287 tu
927 247 1023 295 istic,
1062 247 1234 297 inquam.
1294 248 1362 283 PE.
1406 245 1473 283 uin

1114 311 1254 350 adferri
1275 318 1473 357 noctuam,

146 399 246 435 quae
271 387 333 422 ‘tu
354 384 417 421 tu'
438 395 562 431 usque
583 380 687 419 dicat
709 379 809 417 tibi?
838 392 929 416 nam
951 391 1023 416 nos
1045 377 1120 415 iam
1141 375 1284 414 defessi
1305 389 1452 414 sumus.

59 452 124 495 655
148 451 263 487 ΜΕΝ.
303 461 372 498 per
402 449 541 485 Iouem
574 446 750 494 deosque
786 442 914 482 omnis
944 442 1092 489 adiuro,
1123 454 1219 479 uxor
1250 440 1368 492 (satin
1400 441 1476 479 hoc

1269 513 1326 544 est
1347 505 1417 543 tibi
1431 505 1475 556 ?)‚

146 592 226 617 non
247 577 415 617 dedisse.
465 578 534 613 ΡΕ.
567 575 690 612 immo
710 574 841 612 hercle
862 586 966 619 uero,
986 585 1058 610 nos
1079 584 1157 609 non
1176 572 1316 608 falsum
1333 570 1473 608 dicere.

149 646 264 682 ΜΕΝ.
296 643 366 680 sed
387 654 460 691 ego
480 641 585 678 illam
608 653 687 677 non
709 637 947 684 condonaui,
966 638 1035 675 sed
1057 636 1111 674 sic
1133 637 1321 674 utendam
1343 635 1447 674 dedi.
1496 651 1537 682 95

149 711 233 748 MA.
264 707 449 758 equidem
480 713 631 744 ecastor
660 713 767 743 tuam
798 717 871 742 nec
900 703 1149 752 chlamydem
1184 703 1236 740 do
1270 702 1372 740 foras
1404 714 1477 739 nec

561 819 564 822 ι
1315 766 1477 816 pallium

147 838 362 890 quoiquam
397 837 601 876 utendum.
661 833 863 873 mulierem
898 846 1066 882 aequom
1103 839 1161 869 est
1195 831 1476 869 uestimentum

1288 895 1479 934 muliebre

59 976 128 1010 660
147 971 239 1008 dare
260 970 373 1015 foras,
396 967 524 1006 uirum
545 965 665 1004 uirile.
725 964 821 1015 quin
842 965 959 1002 refers
980 964 1123 1013 pallam
1145 963 1340 1001 domum?

150 1036 265 1073 ΜΕΝ.
297 1047 370 1083 ego
390 1034 478 1070 faxo
498 1033 693 1070 referetur.
758 1032 841 1068 MA.
865 1043 911 1067 ex
932 1043 971 1067 re
992 1036 1068 1075 tua,
1087 1035 1130 1066 ut
1149 1026 1299 1077 opinor,
1319 1025 1454 1065 feceris
1472 1041 1481 1074 ;

150 1113 240 1138 nam
261 1100 426 1137 domum
447 1110 665 1146 numquam
686 1094 865 1133 introibis
887 1093 960 1132 nisi
982 1095 1079 1132 feres
1100 1093 1243 1143 pallam
1265 1091 1392 1130 simul.
1503 1105 1563 1126 100

149 1179 196 1204 eo
230 1166 406 1203 domum.
475 1164 543 1200 PE.
589 1160 686 1211 quid
724 1159 820 1198 mihi
860 1161 1031 1197 futurum
1070 1164 1130 1196 est
1163 1157 1230 1207 qui
1268 1156 1339 1195 tibi
1378 1157 1480 1194 hanc

1177 1234 1337 1272 operam
1358 1220 1481 1260 dedi?

151 1297 234 1333 MA.
258 1308 377 1345 opera
390 1294 584 1339 reddetur,
601 1291 762 1341 quando
777 1289 872 1340 quid
886 1288 956 1327 tibi
970 1288 1040 1327 erit
1054 1294 1278 1338 surruptum
1291 1287 1482 1325 domo—-

62 1368 127 1412 665
151 1363 219 1398 PE.
251 1359 292 1398 id
318 1358 479 1409 quidem
507 1357 649 1406 edepol
680 1367 898 1404 numquam
928 1353 1009 1401 erit,
1039 1366 1131 1391 nam
1158 1351 1255 1390 nihil
1285 1358 1343 1390 est
1373 1352 1482 1401 quod

1171 1417 1333 1467 perdam
1359 1415 1479 1455 domi.

150 1505 240 1530 cum
261 1490 346 1529 uiro
366 1502 457 1527 cum
478 1500 607 1533 uxore,
631 1485 670 1524 di
692 1499 762 1524 uos
784 1485 950 1535 perdant
969 1486 975 1522 1
1032 1481 1253 1533 properabo
1272 1482 1325 1523 ad
1340 1482 1480 1528 forum,

150 1570 242 1595 nam
262 1570 309 1594 ex
329 1556 402 1592 hac
422 1552 569 1592 familia
589 1565 652 1590 me
673 1552 789 1602 plane
811 1549 1001 1589 excidisse
1022 1548 1276 1598 intellego.—-
1506 1557 1564 1589 105

152 1623 268 1660 MEN.
300 1621 401 1658 male
417 1618 471 1656 mi
486 1631 582 1657 uxor
598 1631 683 1656 sese
699 1615 837 1655 fecisse
853 1622 998 1661 censet,
1013 1627 1135 1664 quom
1151 1612 1315 1651 exclusit
1330 1613 1431 1652 foras
1446 1626 1456 1660 ;

151 1684 263 1736 quasi
282 1698 363 1723 non
384 1684 552 1722 habeam
573 1696 653 1733 quo
673 1680 909 1720 intromittar
928 1679 1048 1718 alium
1069 1678 1271 1717 meliorem
1292 1679 1436 1716 locum.

63 1754 133 1797 670
151 1750 182 1789 si
203 1749 274 1789 tibi
294 1748 495 1799 displiceo,
517 1747 753 1798 patiundum
770 1762 777 1785 z
806 1753 845 1784 at
866 1747 1050 1796 placuero
1071 1744 1163 1783 huic
1184 1743 1331 1791 Erotio,

150 1829 252 1866 quae
272 1828 335 1853 me
355 1827 436 1853 non
457 1814 639 1852 excludet
657 1813 709 1851 ab
729 1826 781 1860 se,
804 1813 875 1851 sed
894 1812 1000 1862 apud
1021 1824 1062 1849 se
1083 1811 1267 1848 occludet
1287 1809 1408 1847 domi.

151 1894 257 1919 nunc
277 1880 355 1926 ibo,
378 1880 500 1918 orabo
521 1886 563 1917 ut
584 1877 679 1916 mihi
699 1879 843 1928 pallam
864 1878 1004 1916 reddat
1024 1889 1143 1926 quam
1164 1876 1317 1913 dudum
1337 1873 1431 1913 dedi
1447 1888 1456 1921 3
1506 1887 1566 1908 110

150 1945 266 1983 aliam
287 1943 341 1982 illi
361 1943 550 1983 redimam
573 1942 787 1981 meliorem.
845 1943 964 1980 heus!
996 1939 1131 1991 ecquis
1151 1939 1217 1978 hic
1236 1946 1294 1977 est
1314 1938 1484 1977 ianitor?

151 2009 298 2061 aperite
317 2016 436 2059 atque
457 2007 637 2046 Erotium
657 2006 797 2057 aliquis
818 2013 982 2045 euocate
1002 2012 1094 2044 ante
1114 2004 1271 2043 ostium.

196 2115 306 2153 653-4
322 2112 380 2143 uin
396 2136 404 2144 .
418 2136 426 2144 .
440 2136 447 2144 .
466 2121 582 2143 sumus
600 2114 772 2141 matronae
787 2110 979 2141 continuant
994 2110 1055 2140 alii
1138 2109 1203 2149 654
1227 2119 1290 2139 nos
1306 2109 1371 2139 iam
1387 2108 1461 2139 Ital.
1475 2119 1481 2140 :

156 2168 219 2188 nos
236 2157 300 2188 iam
313 2154 408 2198 [nos]
418 2155 484 2186 cod.
553 2156 616 2194 656
631 2154 681 2185 vel
695 2154 873 2185 dedisse—
886 2154 1048 2194 (sermone
1061 2153 1154 2183 intem
1161 2153 1252 2194 upto)
1315 2152 1391 2193 Pa]
1410 2151 1479 2183 ΜΑ.

156 2202 215 2232 alii
321 2200 383 2229 661
408 2199 458 2229 vel
470 2199 573 2238 opino
682 2199 747 2236 663
770 2208 810 2228 eo
823 2197 977 2237 Bentley:
1002 2207 1066 2235 ego
1087 2195 1154 2227 cod.
1256 2197 1322 2235 664
1343 2205 1482 2236 operam

157 2243 222 2276 cod.
240 2243 296 2274 vix
311 2246 385 2274 recte
401 2243 494 2283 (corr.
513 2240 578 2281 ΒΞ)
755 2242 820 2271 666
844 2251 910 2280 qua
928 2240 1036 2270 virum
1059 2250 1126 2279 qua
1145 2249 1287 2270 uxorem
1308 2239 1483 2270 Fleckeisen

156 2290 221 2327 670
244 2286 476 2328 patiundumst
490 2296 498 2324 ;
534 2286 578 2325 pl.
611 2284 740 2316 Ritschl
771 2285 822 2326 (cf.
859 2283 1064 2314 Herkenrath
1102 2282 1140 2314 de
1169 2282 1310 2323 gerund.
1350 2294 1381 2323 p.
1427 2284 1481 2322 11)

156 2334 218 2371 671
244 2330 391 2362 occludit
407 2329 475 2360 cod.
500 2330 578 2369 (pro
594 2334 642 2360 -et
655 2328 682 2369 3)
816 2329 880 2368 673
905 2327 990 2358 heus
1006 2326 1082 2359 Ital.
1097 2337 1104 2356 ι
1137 2325 1210 2357 eius
1226 2325 1291 2358 cod.
1315 2327 1393 2368 (pro
1409 2335 1481 2366 eus,

157 2375 175 2406 i.
184 2385 208 2407 e.
227 2374 328 2414 heus)
459 2374 523 2411 674
546 2372 649 2412 aliqui
666 2372 699 2402 B

201 2440 321 2461 PLAVT.
340 2440 351 2460 1
1358 2425 1398 2459 27
