1794 2728
222 99 275 137 II.
300 99 329 135 ii
716 98 763 135 T.
796 96 977 134 MACCI
1010 95 1214 133 PLAVTI

303 210 362 247 L1.
395 210 525 247 hercle
544 221 640 246 uero
660 214 702 245 tu
723 205 884 245 cauebis
905 219 955 243 ne
977 218 1040 243 me
1060 204 1239 254 attingas,
1263 203 1295 242 si
1316 203 1430 253 sapis,

301 276 351 313 ne
372 273 490 312 hodie
512 275 617 311 malo
637 286 727 310 cum
749 270 926 321 auspicio
946 283 1094 308 nomen
1115 268 1432 308 commutaueris.

303 342 374 378 LE.
397 353 555 389 quaeso,
579 352 708 388 aequo
728 337 862 375 animo
883 335 1036 386 patitor.
1082 336 1141 373 L1.
1165 334 1308 385 patitor
1328 336 1370 372 tu
1390 333 1485 371 item
1509 345 1631 382 quom
1654 342 1720 380 375

1290 412 1363 448 ego
1384 405 1422 436 te
1442 396 1629 435 referiam.

304 472 374 508 LE.
406 469 499 508 dico
532 476 574 507 ut
605 475 716 506 usust
749 466 842 506 fieri.
905 468 965 504 L1.
997 465 1089 504 dico
1120 466 1251 503 hercle
1285 477 1358 513 ego
1397 476 1557 513 quoque
1590 469 1632 499 ut

1350 529 1512 566 facturu'
1532 540 1630 565 sum.

218 615 281 637 110
305 602 374 638 LE.
403 614 454 638 ne
474 613 582 648 nega.
646 601 705 637 L1.
732 598 827 648 quin
849 596 1047 648 promitto,
1071 595 1245 645 inquam,
1270 593 1415 632 hostire
1436 600 1572 631 contra
1591 599 1634 630 ut

1435 655 1631 696 merueris.

304 732 373 768 LE.
406 744 479 780 ego
499 731 610 776 abeo,
634 737 676 767 tu
697 728 786 776 iarn,
805 728 897 775 scio,
918 726 1074 777 patiere.
1119 726 1189 764 sed
1210 724 1298 774 quis
1319 724 1383 762 hic
1399 724 1486 762 est?
1515 721 1546 760 is
1563 728 1631 767 est,

302 795 366 833 ille
380 803 438 833 est
453 795 570 844 ipsus,
621 794 699 832 iam
715 807 789 844 ego
805 806 960 832 recurro
974 794 1062 830 huc.
1112 799 1154 829 tu
1168 792 1274 828 hunc
1290 790 1438 828 interea
1451 787 1514 826 hic
1530 794 1630 825 tene.

303 862 396 898 uolo
425 859 508 898 seni
538 872 702 897 narrare.
768 860 828 896 L1.
861 857 957 908 quin
988 865 1099 895 tuom
1130 855 1303 894 officium
1333 853 1428 892 facis
1463 865 1554 903 ergo
1588 864 1634 889 ac
1654 854 1723 897 380

1506 916 1635 967 fugis?

239 1032 286 1069 iii
630 1031 948 1067 MERCATOR
1062 1028 1313 1064 LIBANVS

306 1120 388 1155 ΜΕ.
421 1120 475 1156 Vt
495 1118 787 1156 demonstratae
808 1122 899 1153 sunt
919 1113 1029 1161 mihi,
1050 1115 1169 1151 hasce
1188 1111 1297 1150 aedis
1318 1124 1403 1150 esse
1423 1116 1578 1160 oportet

307 1186 575 1221 Demaenetus
596 1181 664 1220 ubi
685 1181 828 1220 dicitur
848 1179 1035 1218 habitare.
1096 1178 1118 1225 i,
1142 1191 1272 1228 puere,
1295 1178 1404 1227 pulta

303 1257 421 1298 atque
441 1248 651 1286 atriensem
673 1248 870 1292 Sauream,
895 1244 927 1282 si
948 1251 1007 1282 est
1027 1243 1143 1290 intus,
1168 1250 1335 1281 euocato
1356 1243 1444 1280 huc.

304 1317 363 1353 L1.
388 1314 474 1364 quis
491 1321 643 1351 nostras
666 1312 720 1350 sic
737 1311 877 1361 frangit
893 1311 1026 1349 fores?
1055 1311 1142 1356 ohe,
1159 1309 1334 1358 inquam,
1350 1307 1380 1345 si
1397 1307 1493 1358 quid
1509 1306 1631 1345 audis.

265 1398 282 1429 5
305 1383 388 1419 ΜΕ.
430 1394 548 1419 nemo
587 1379 706 1418 etiam
740 1378 876 1429 tetigit.
937 1391 1063 1416 sanun
1098 1377 1169 1415 es?
1244 1376 1304 1412 L1.
1345 1381 1383 1412 at
1422 1372 1634 1411 censebam
1655 1378 1720 1422 385

1462 1437 1635 1488 attigisse

304 1519 509 1563 propterea
529 1512 607 1549 huc
628 1510 720 1561 quia
740 1509 916 1548 habebas
938 1508 1019 1547 iter.
1081 1509 1174 1546 nolo
1195 1520 1268 1557 ego
1289 1507 1391 1544 fores
1411 1515 1622 1542 conseruas

303 1591 410 1616 meas
430 1591 453 1615 a
473 1584 511 1615 te
532 1575 780 1614 uer-berarier.
841 1588 935 1613 sane
958 1587 1030 1624 ego
1047 1586 1139 1621 sum
1160 1571 1310 1610 amicus
1332 1569 1485 1608 nostris.

305 1644 388 1681 ME.
412 1644 478 1692 pol
498 1643 575 1679 hau
597 1640 787 1692 periclum
804 1647 862 1678 est
879 1638 1059 1678 cardines
1080 1652 1131 1676 ne
1147 1636 1296 1675 foribus
1317 1635 1589 1684 ecfringantur‚

304 1708 334 1745 si
361 1709 364 1759 Ι
392 1708 490 1746 istoc
511 1708 692 1756 exemplo
713 1706 899 1745 omnibus
921 1705 989 1755 qui
1011 1710 1204 1754 quaerunt
1225 1700 1494 1752 respondebis.

247 1789 284 1810 10
306 1775 365 1811 L1.
398 1773 450 1811 ita
470 1774 568 1811 haec
590 1779 740 1810 morata
760 1779 818 1811 est
840 1771 980 1809 ianua:
1013 1770 1211 1819 extemplo
1231 1767 1437 1806 ianitorem
1657 1780 1725 1816 390

304 1840 457 1885 clamat,
481 1839 618 1888 procul
639 1837 670 1876 si
691 1851 811 1887 quem
833 1836 943 1875 uidet
964 1835 1018 1873 ire
1038 1836 1090 1873 ad
1111 1847 1152 1872 se
1172 1833 1437 1872 calcitronem.

305 1905 374 1943 sed
402 1903 498 1953 quid
524 1903 666 1942 uenis?
707 1902 803 1952 quid
832 1901 1057 1951 quaeritas?
1127 1901 1211 1937 ME.
1251 1900 1541 1936 Demaenetum
1571 1908 1637 1933 uo-

1493 1961 1634 2000 lebam.

306 2036 366 2072 L1.
399 2035 430 2072 si
451 2033 499 2072 sit
519 2033 639 2081 domi,
659 2034 789 2073 dicam
811 2033 893 2071 tibi.
954 2034 1037 2070 ME.
1070 2030 1167 2081 quid
1187 2029 1285 2069 eiius
1304 2027 1512 2067 atriensis?

308 2101 367 2137 L1.
399 2098 523 2136 nihilo
545 2112 657 2149 mage
678 2098 783 2137 intus
805 2105 872 2136 est.
934 2099 1017 2134 ΜΕ.
1041 2095 1108 2134 ubi
1129 2097 1217 2134 est?
1274 2095 1333 2131 L1.
1365 2095 1416 2132 ad
1436 2099 1637 2131 tonsorem

1455 2157 1509 2196 ire
1529 2156 1637 2196 dixit.

352 2269 417 2308 376
440 2278 519 2299 usus
536 2268 604 2299 cod.
731 2277 793 2307 377
819 2270 854 2297 ut
873 2265 1071 2309 memineris
1090 2263 1178 2295 codd.
1198 2262 1301 2294 Nonii
1314 2272 1334 2301 3
1460 2263 1524 2301 380
1549 2266 1642 2291 tuom

308 2312 396 2350 Ital„
417 2311 483 2342 Leo
500 2312 634 2353 (Rlzez'n.
655 2310 743 2341 Mus.
763 2312 814 2349 38.
832 2310 866 2349 4)
884 2321 891 2340 z
916 2314 952 2339 tu
968 2308 1034 2340 cod.
1056 2307 1116 2348 (iii.
1132 2308 1166 2346 3)
1288 2307 1351 2345 387
1377 2306 1504 2336 nostris
1525 2304 1640 2335 Guliel-

311 2367 410 2387 mus:
437 2356 561 2386 nostris
578 2354 720 2385 aedibus
734 2353 801 2385 cod.
818 2353 874 2394 (iv.
898 2353 930 2389 Ι)
1077 2352 1142 2390 389
1165 2350 1193 2381 si
1210 2348 1290 2393 (tu)
1308 2350 1327 2381 i.
1347 2348 1502 2390 Kaempf
1582 2357 1640 2378 ex-

310 2399 437 2440 templo
455 2399 519 2429 cod.
536 2410 543 2429 ι
568 2398 623 2428 vix
638 2397 820 2437 exempulo
910 2395 997 2426 Istoc
1016 2405 1068 2426 ex.
1084 2395 1112 2425 si
1130 2394 1189 2425 alii
