1742 2718
667 43 984 82 MERCATOR
1418 44 1484 81 IV.
1506 43 1552 80 iv

166 159 207 190 ut
228 152 360 191 ueniat
379 153 430 191 ad
451 165 514 191 me
535 151 612 190 iarn
633 154 758 191 semul
780 154 1048 192 tecum—SV.
1080 166 1196 192 eo.—

167 218 236 255 LY.
269 217 396 256 nescis
417 217 548 267 negoti
569 217 664 267 quid
687 217 744 263 sit,
769 231 877 265 uxor,
898 230 1073 267 opsecro.

78 292 148 330 790
166 281 393 333 concepteis
413 282 566 321 uerbeis
588 282 664 320 iam
688 282 958 321 iusiurandum
980 283 1086 321 dabo
1514 304 1553 334 50

167 360 230 385 me
251 359 468 397 numquam
489 346 702 397 quicquam
724 361 814 386 cum
836 347 1087 386 illa—iamne
1107 347 1203 386 abiit
1224 349 1346 397 Syra?

167 411 260 461 perii
282 412 412 449 hercle
429 415 435 448 !
493 425 586 450 ecce
606 419 738 450 autem
759 413 857 450 haec
876 412 982 451 abiit.
1043 426 1116 452 uae
1137 412 1279 452 misero
1300 413 1394 451 mihi
1414 416 1421 451 !

165 484 204 513 at
225 483 275 523 te,
297 475 435 522 uicine,
458 475 498 514 di
519 477 697 526 deaeque
718 476 915 527 perduint,

165 554 256 578 cum
279 548 344 578 tua
363 541 490 578 amica
510 554 682 591 cumque
702 541 966 580 amationibus
984 544 990 579 !

79 615 144 652 795
166 605 392 655 suspicione
413 605 590 656 impleuit
612 620 674 644 me
695 606 990 657 indignissume,
1513 622 1552 655 55

165 672 339 711 conciuit
359 671 482 710 hostis
503 672 611 710 domi
629 688 635 710 :
666 686 762 710 uxor
781 681 1028 712 acerrumast.

165 737 232 776 ibo
252 738 303 775 ad
324 738 451 775 forum
471 744 591 787 atque
614 737 857 788 Demiphoni
878 739 976 777 haec
997 740 1167 789 eloquar,

167 815 230 839 me
250 801 374 839 istanc
395 801 537 852 capillo
558 809 843 851 protracturum
865 816 950 841 esse
970 803 1010 841 in
1031 803 1147 850 uiam,

166 865 240 904 nisi
261 866 352 904 hinc
372 866 535 904 abducit
555 879 636 916 quo
656 868 738 905 uolt
759 880 805 904 ex
825 866 933 905 hisce
953 867 1128 906 aedibus.

79 936 148 971 800
166 944 273 977 uxor,
295 931 392 969 heus
413 944 509 969 uxor
526 934 532 968 1
560 944 801 981 quamquam
822 938 864 969 tu
885 931 980 970 irata
1000 946 1041 970 es
1063 932 1169 980 mihi,
1512 938 1556 970 60

165 995 312 1042 iubeas,
335 995 366 1034 si
387 995 525 1046 sapias,
549 997 646 1034 haec
666 996 793 1047 (hinc)
812 996 915 1035 intro
934 996 1140 1036 auferrier:

165 1060 305 1100 eadem
326 1060 458 1100 licebit
479 1074 571 1100 mox
591 1075 731 1100 cenare
752 1061 961 1101 rectius-

557 1172 700 1210 SvRA
812 1173 1109 1210 EVTVCHvs
1514 1181 1545 1207 v

167 1254 231 1292 Sv.
264 1253 342 1291 Era
361 1265 440 1302 quo
462 1265 525 1290 me
546 1252 661 1299 misit,
683 1253 735 1292 ad
755 1260 921 1303 patrem,
940 1266 1021 1291 non
1042 1261 1100 1292 est
1120 1253 1253 1293 domi:

166 1331 231 1356 rus
250 1317 393 1356 abiisse
412 1318 558 1356 aibant.
617 1331 724 1356 nunc
744 1319 910 1356 domum
931 1318 1125 1356 renuntio.

79 1388 145 1434 805
167 1385 241 1421 EV.
272 1384 448 1422 defessus
468 1396 555 1421 sum
577 1383 715 1422 urbem
736 1390 860 1422 totam
880 1383 1150 1433 peruenarier:

165 1447 263 1486 nihil
283 1447 478 1500 inuestigo
499 1447 711 1498 quicquam
732 1449 783 1487 de
803 1447 869 1485 illa
890 1447 1061 1487 muliere.

165 1513 236 1552 sed
256 1519 380 1551 mater
398 1526 485 1551 rure
505 1512 629 1560 rediit,
653 1526 745 1551 narn
766 1512 886 1552 uideo
906 1514 1041 1563 Syram
1306 1526 1314 1529 ·
1512 1529 1531 1561 5

163 1585 290 1617 astare
308 1584 400 1616 ante
419 1577 539 1616 aedis.
599 1579 715 1627 Syra!
774 1580 837 1617 ΞΥ.
860 1578 947 1628 quis
968 1587 1027 1617 est
1047 1578 1115 1629 qui
1135 1592 1199 1617 me
1219 1580 1365 1618 uocat?

165 1645 240 1682 Ev.
270 1656 358 1681 erus
377 1650 497 1693 atque
515 1644 699 1682 alumnus
720 1645 800 1683 tuo'
821 1657 919 1682 sum.
979 1645 1042 1682 Sv.
1075 1645 1193 1690 salue,
1216 1646 1427 1683 alumnule.

77 1713 146 1749 810
166 1710 239 1747 Ev.
270 1707 348 1746 iam
369 1716 492 1747 mater
511 1721 598 1747 rure
618 1708 762 1748 rediit?
791 1710 987 1759 responde
1008 1709 1115 1747 mihi.

166 1774 230 1812 SY.
262 1786 353 1811 cum
374 1772 536 1823 quidem
557 1774 681 1812 salute
702 1773 863 1812 familiai
885 1787 1077 1812 maxuma.

166 1839 239 1876 Ev.
270 1837 367 1888 quid
387 1837 487 1876 istuc
507 1837 706 1888 negotist?
762 1839 826 1877 ΞΥ.
858 1840 938 1878 tuo‘
959 1846 1068 1889 pater
1089 1838 1340 1878 bellissumus
1515 1854 1552 1876 10

164 1902 333 1942 amicam
353 1902 516 1942 adduxit
536 1902 638 1941 intro
658 1903 698 1941 in
718 1903 838 1943 aedis.
898 1905 971 1942 EV.
1003 1917 1083 1954 quo
1104 1905 1255 1943 modo?

165 1970 229 2007 Sv.
260 1967 477 2006 adueniens
499 1975 622 2006 mater
642 1981 728 2007 rure
748 1982 835 2007 eam
857 1969 1022 2008 offendit
1042 1969 1162 2008 domi.

78 2037 144 2083 815
167 2034 239 2071 Ev.
271 2033 338 2082 pol
358 2033 435 2070 hau
455 2033 667 2071 censebam
687 2033 849 2072 istarum
870 2047 955 2072 esse
975 2047 1182 2084 operarum
1203 2042 1365 2085 patrem.

166 2097 284 2137 etiam
304 2110 411 2135 nunc
431 2097 569 2135 mulier
588 2097 738 2136 intust?
794 2099 857 2137 Sv.
889 2098 1018 2137 etiam.
1078 2101 1150 2137 Ev.
1179 2113 1343 2150 sequere
1362 2113 1494 2139 me.—

211 2202 274 2241 788
297 2200 409 2232 simitu
426 2200 554 2232 Ritsclzl
568 2202 616 2240 (A
635 2213 667 2233 n.
689 2202 739 2242 1.),
758 2203 812 2233 cui
823 2202 960 2243 dz‘splzket
972 2203 1085 2234 hiatus
1100 2208 1210 2234 tecum
1231 2202 1237 2245 Ι
1257 2214 1298 2234 eo
1429 2205 1494 2244 789

166 2245 299 2276 nesceis
314 2245 347 2276 A
482 2255 548 2286 790
570 2245 687 2276 desinit
700 2246 733 2276 A
868 2247 932 2286 796
956 2247 1045 2278 domi
1062 2245 1150 2289 (mi)
1167 2247 1299 2288 Rz'tschl‚
1318 2247 1373 2278 cui
1383 2247 1495 2278 hiatus

165 2289 199 2318 in
210 2294 322 2328 pausa
338 2288 493 2329 displices
586 2299 647 2328 797
671 2290 754 2320 haec
771 2290 858 2320 dem.
877 2291 942 2321 cod.
960 2301 967 2321 ε
983 2290 1055 2321 trai.
1075 2290 1216 2331 Pylades
1323 2292 1385 2322 801
1413 2292 1492 2322 hinc

165 2331 242 2364 add.
261 2333 273 2371 (
276 2335 352 2373 post
365 2332 469 2373 intro)
483 2331 623 2373 Pylades
710 2334 775 2373 809
798 2333 968 2364 alumnule
983 2333 1130 2365 Schoell:
1153 2334 1289 2365 alumne
1305 2333 1370 2365 cod.
1388 2334 1434 2376 (v.
1452 2335 1490 2375 8)

164 2376 227 2407 811
254 2375 324 2407 Sua
340 2386 395 2416 qu.
415 2386 439 2407 s.
457 2386 495 2407 ac
512 2375 534 2406 f.
550 2375 760 2408 Camerarius
847 2377 983 2408 familiai
999 2377 1122 2409 Bothe:
1146 2377 1293 2408 afamilia
1307 2377 1372 2409 cod.
