1742 2718
664 52 982 92 MERCATOR
1416 49 1491 86 III.
1513 48 1527 83 i

165 169 232 207 ΡΑ.
265 181 338 218 qur
370 165 509 206 emeris
544 178 617 203 me.
692 165 762 202 LY.
795 170 885 201 tene
919 164 1021 212 ego?
1064 169 1105 200 ut
1140 162 1249 211 quod
1284 161 1495 211 imperetur

1363 225 1491 271 facias,

78 314 140 350 505
164 299 255 337 item
287 299 396 348 quod
432 305 472 335 tu
508 295 603 335 mihi
638 295 668 333 si
704 294 884 345 imperes,
917 307 990 344 ego
1031 292 1182 331 faciam.
1258 294 1325 329 Px.
1369 293 1495 329 facere

982 403 989 409 ,
1307 363 1494 394 certumst

163 442 232 479 pro
253 427 366 478 copia
387 435 424 465 et
445 426 636 477 sapientia
656 439 757 476 quae
778 432 816 463 te
837 426 939 463 uelle
958 423 1185 462 arbitrabor.

163 496 232 531 LY.
265 492 469 531 laboriossi
490 492 543 529 nil
564 490 635 529 tibi
657 491 871 540 quicquam
892 489 1021 540 operis
1042 488 1257 538 imperabo.

163 560 232 596 Px.
265 570 436 607 namque
457 558 599 606 edepol
620 555 818 605 equidem,
834 554 888 592 mi
909 568 1038 600 senex,
1062 567 1143 592 non
1164 552 1285 592 didici
1306 551 1492 590 baiiolare
1516 569 1555 590 10

163 638 236 663 nec
256 637 381 673 pecua
401 623 476 661 ruri
498 622 657 672 pascere'
678 635 752 660 nec
772 635 914 671 pueros
935 620 1139 658 nutricare.

77 703 144 739 510
164 691 232 728 Lv.
267 690 371 727 bona
391 688 422 726 si
443 701 527 727 esse
548 687 642 734 meis,
665 688 769 726 bene
789 686 860 725 erit
881 685 962 724 tibi.
1014 688 1083 723 ΡΑ.
1116 692 1199 723 tum
1221 686 1287 735 pol
1309 697 1382 734 ego
1398 682 1494 734 perii

1341 748 1492 787 misera.

163 822 232 858 Lv.
265 810 361 870 qui?
432 820 500 856 ΡΑ.
533 817 626 868 quia
660 817 756 855 illim
790 818 898 856 unde
929 817 1007 854 huc
1040 817 1209 854 aduecta
1248 828 1345 860 sum,
1383 812 1495 851 malis

1056 881 1159 919 bene
1180 893 1264 918 esse
1285 878 1492 917 solitumst.

162 952 232 989 Lv.
264 949 376 1000 quasi
396 949 529 988 deicas
549 949 698 987 nullam
719 947 924 987 mulierem
954 947 1102 985 bonam
1132 959 1227 984 esse.
1288 947 1356 982 ΡΑ.
1389 945 1496 983 haud

1172 1010 1358 1061 equidem
1380 1009 1495 1048 deico

162 1095 236 1121 nec
257 1095 342 1120 mos
363 1087 492 1119 meust
511 1087 555 1119 ut
574 1079 799 1131 praedicem
821 1079 931 1129 quod
951 1090 1024 1127 ego
1041 1075 1170 1116 omnis
1191 1075 1287 1114 scire
1309 1076 1478 1113 credam.
1518 1090 1554 1123 15

164 1149 233 1185 Lv.
257 1146 381 1185 oratio
395 1147 538 1196 edepol
554 1145 674 1196 pluris
692 1152 750 1183 est
765 1144 897 1182 huiius
911 1156 1030 1193 quam
1047 1141 1184 1192 quanti
1200 1142 1298 1180 haec
1312 1147 1492 1191 emptast.

78 1226 142 1263 515
163 1226 297 1263 rogare
317 1214 394 1251 hoc
415 1225 539 1250 unum
560 1218 598 1249 te
619 1212 722 1249 uolo.
783 1212 854 1248 ΡΑ,
884 1208 1036 1259 roganti
1057 1207 1319 1258 respondebo.

165 1278 234 1315 Lv.
266 1276 363 1327 quid
382 1276 438 1315 ais
459 1277 530 1314 tu?
559 1275 656 1326 quid
677 1288 825 1314 nomen
846 1273 916 1312 tibi
937 1272 1092 1312 deicam
1119 1273 1234 1311 esse?
1290 1273 1359 1309 PA.
1393 1270 1497 1309 Pasi-

1295 1349 1492 1386 compsae.

163 1408 233 1445 Lv.
266 1420 313 1445 ex
332 1407 457 1446 forma
476 1419 623 1445 nomen
644 1404 863 1444 inditumst.
913 1404 984 1442 sed
1004 1401 1101 1453 quid
1120 1401 1187 1448 ais,
1212 1401 1496 1452 Pasicompsa?

162 1471 296 1522 possin
317 1478 369 1518 tu,
393 1470 448 1510 sei
469 1484 581 1510 ussus
602 1469 764 1517 uenerit,
788 1469 998 1508 subtemen
1018 1475 1137 1506 tenue
1157 1468 1279 1506 nere?
1515 1485 1555 1507 20

162 1538 232 1574 PA.
265 1549 437 1586 possum.
495 1537 564 1574 LY.
598 1535 652 1573 sei
673 1542 792 1573 tenue
808 1533 895 1580 scis,
914 1533 997 1572 scio
1018 1540 1056 1571 te
1072 1531 1231 1571 uberius
1251 1524 1368 1582 posse
1388 1545 1490 1570 nere.

77 1616 144 1653 520
163 1603 232 1639 PA.
265 1602 315 1640 de
335 1600 506 1640 lanificio
527 1600 728 1639 neminem
749 1606 896 1646 metuo,
918 1612 998 1636 una
1017 1605 1144 1636 aetate
1165 1611 1267 1647 quae
1287 1597 1346 1635 sit.

163 1668 234 1704 Lv.
267 1666 396 1705 bonae
416 1667 547 1704 hercle
567 1673 605 1704 te
625 1664 723 1715 frugi
744 1664 918 1711 arbitror,
942 1670 1094 1701 matura
1114 1662 1192 1701 iam
1213 1662 1306 1701 inde
1326 1669 1455 1701 aetate

162 1744 285 1781 quom
301 1731 376 1770 scis
392 1733 519 1770 facere
533 1730 705 1769 officium
722 1737 843 1777 tuom,
861 1728 1009 1767 mulier.
1048 1730 1117 1766 ΡΑ.
1141 1729 1207 1778 pol
1224 1729 1343 1766 docta
1357 1727 1490 1766 didici.

161 1810 322 1848 operam
351 1796 525 1835 accusari
554 1809 635 1834 non
665 1795 792 1834 sinam
819 1807 960 1833 meam.
1020 1795 1091 1831 LY.
1123 1794 1188 1832 em
1214 1792 1335 1832 istaec
1361 1794 1492 1832 hercle
1514 1809 1552 1841 25

1340 1872 1400 1898 res
1421 1866 1490 1898 est.

162 1940 280 1966 ouem
300 1926 372 1966 tibi
391 1925 568 1965 eccillam
589 1925 706 1972 dabo,
729 1931 862 1963 natam
881 1937 1008 1963 annos
1028 1922 1238 1974 sexaginta,

76 2006 141 2044 525
162 1992 410 2044 peculiarem.
483 1993 552 2030 PA.
585 1990 639 2029 mi
677 2003 806 2037 senex,
847 1996 928 2028 tarn
966 1990 1171 2028 uetulam?
1239 1990 1308 2027 Lv.
1339 1988 1493 2039 generis

1304 2053 1470 2104 graecist
1482 2068 1494 2102 ;

205 2172 270 2202 504
294 2171 353 2192 cur
368 2160 493 2201 empris
509 2160 542 2191 P
557 2159 599 2199 (P
609 2164 670 2200 pro
686 2159 728 2200 E)
840 2168 902 2198 507
928 2157 1093 2189 laboriose
1110 2156 1144 2187 P
1246 2167 1310 2198 509
1335 2156 1497 2197 peculaP

161 2205 236 2246 (pro
258 2205 388 2246 pecuda
401 2205 427 2246 3)
530 2203 581 2234 vel
601 2213 713 2243 neque
844 2212 906 2241 512
925 2205 1003 2242 post
1024 2211 1087 2241 514
1112 2201 1146 2231 P
1274 2212 1338 2241 512
1362 2201 1490 2241 deicas]

162 2249 268 2280 deicis
284 2248 317 2278 A
439 2256 502 2287 513
526 2247 656 2278 omneis
673 2246 706 2276 A
830 2255 894 2285 515
919 2255 1021 2276 unum
1038 2245 1101 2276 hoc
1116 2244 1150 2275 A
1274 2255 1337 2283 519
1354 2245 1440 2275 sceis
1456 2244 1491 2275 A

163 2302 223 2331 521
250 2293 373 2323 bonam
389 2291 421 2323 h.
442 2296 476 2322 te
492 2295 526 2322 et
541 2291 630 2330 frugi
647 2290 680 2321 P
791 2298 854 2328 522
871 2289 958 2320 sceis
974 2288 1008 2318 A
1123 2298 1186 2328 524
1210 2288 1324 2329 ouem]
1344 2299 1444 2327 quem
1461 2287 1496 2318 P

165 2335 210 2376 (Q
222 2341 283 2376 pro
300 2336 346 2376 Ο)
426 2334 581 2366 ancillam
597 2334 639 2374 Β,
660 2333 692 2364 A
712 2344 742 2363 n.
764 2333 782 2363 l.
862 2333 940 2364 dato
958 2331 991 2362 A
1127 2341 1190 2371 525
1214 2331 1279 2362 mei
1295 2331 1329 2361 A
1345 2333 1396 2372 (cf.
1410 2332 1489 2371 503)
