1814 2723
192 50 244 88 II.
267 50 311 87 vi
687 52 733 89 T.
769 50 949 91 MACCI
981 51 1184 89 PLAVTI

265 161 334 200 CL.
368 174 436 210 per
455 162 521 210 pol
542 174 658 211 saepe
679 173 830 210 peccas.
891 162 961 198 Lv.
994 160 1047 199 ita
1066 162 1119 208 fit,
1142 160 1210 200 ubi
1230 159 1327 210 quid
1348 167 1458 198 tanto
1478 173 1596 211 opere
1615 175 1684 211 370

1424 233 1593 276 expetas.

261 291 330 329 sed
361 297 399 329 te
428 298 591 341 uterque
621 298 690 328 tuo
710 303 781 340 pro
811 290 902 337 iure,
935 304 1008 340 ego
1037 297 1155 341 atque
1190 289 1264 337 hic,
1297 303 1463 328 oramus.
1524 292 1594 330 CL.

1393 354 1489 405 quid
1511 358 1598 394 est?

203 435 242 456 20
264 422 333 459 Lv.
366 421 496 460 dicam
526 420 642 468 enim,
671 434 759 459 mea
789 422 937 459 mulsa:
969 421 1019 459 de
1048 420 1144 459 istac
1170 420 1314 460 Casina
1344 419 1436 458 huic
1463 428 1598 458 nostro

1480 485 1597 523 uilico

261 551 423 601 gratiam
445 551 573 590 facias.
635 552 708 590 CL.
737 558 776 589 at
798 552 863 601 pol
885 564 958 600 ego
979 564 1108 600 neque
1129 550 1230 589 facio
1252 563 1381 600 neque
1402 563 1557 588 censeo.

262 618 331 655 Lv.
364 624 447 654 tum
482 616 597 666 igitur
627 629 700 666 ego
730 615 843 653 sortis
874 615 1070 665 utrimque
1105 615 1181 653 iam
1212 613 1448 667 (diribeam).
1523 615 1592 653 CL.

1350 680 1437 730 quis
1458 682 1596 718 uotat?

262 747 330 784 LY.
363 753 573 796 optumum
594 752 713 795 atque
733 745 1031 795 aequissumum
1054 745 1152 783 istuc
1174 758 1258 783 esse
1279 744 1361 782 iure
1381 744 1524 783 iudico.
1615 752 1680 789 375

260 818 470 861 postremo,
493 809 560 862 (si)
580 810 671 849 illuc
693 812 801 860 quod
823 811 1008 848 uolumus
1029 809 1195 856 eueniet,
1218 809 1504 860 gaudebimus3

203 891 240 923 25
261 876 319 914 sin
341 890 464 924 secus,
488 876 681 927 patiemur
701 875 842 914 animis
863 875 1010 925 aequis.
1070 883 1160 913 tene
1183 883 1327 913 sortem
1348 874 1430 912 tibi.

260 942 352 981 uide
386 942 482 992 quid
512 942 748 992 scriptumst.
821 942 893 980 OL.
927 954 1061 979 unum.
1132 941 1210 980 CH.
1243 940 1470 990 iniquomst,
1502 939 1594 989 quia

1054 1006 1116 1044 isti
1138 1006 1242 1056 prius
1264 1019 1383 1055 quam
1404 1004 1501 1043 mihi
1521 1013 1589 1043 est.

261 1075 329 1111 Lv.
366 1073 501 1123 accipe
535 1074 639 1111 hanc
677 1072 739 1111 sis.
805 1073 883 1112 CH.
920 1073 1031 1111 cedo.
1075 1085 1202 1119 mane,
1243 1084 1367 1109 unum
1405 1070 1513 1108 uenit
1552 1070 1592 1107 in

1250 1143 1423 1173 mentem
1445 1136 1567 1173 modo
1584 1149 1591 1172 :

258 1204 351 1242 uide
371 1217 420 1241 ne
442 1216 543 1252 quae
564 1202 640 1241 illic
662 1202 752 1241 insit
772 1202 848 1241 alia
869 1202 981 1241 sortis
1002 1202 1075 1240 sub
1095 1214 1207 1251 aqua.
1268 1202 1338 1238 Lv.
1370 1200 1547 1247 uerbero,
1610 1204 1679 1248 380

259 1283 350 1307 men
371 1276 409 1307 te
429 1282 567 1306 censes
588 1270 702 1306 esse?
760 1269 829 1308 CL.
863 1269 970 1306 nulla
991 1275 1059 1305 est.
1092 1267 1194 1305 habe
1215 1265 1392 1316 quietum
1413 1265 1590 1303 animum

1457 1331 1590 1368 modo.

199 1417 240 1449 30
260 1401 337 1440 CH.
370 1400 479 1450 quod
500 1399 650 1437 bonum
672 1406 790 1448 atque
812 1400 1053 1437 fortunatum
1074 1397 1122 1435 sit
1147 1396 1373 1435 mihi—Ol„
1406 1408 1593 1446 magnum

1444 1463 1592 1499 malum

258 1530 329 1569 tibi
350 1530 511 1581 quidem
533 1530 676 1579 edepol
697 1530 816 1567 credo
837 1528 994 1567 eueniet
1009 1543 1018 1575 ;
1048 1527 1143 1566 noui
1163 1527 1350 1576 pietatem
1372 1533 1491 1564 tuam.

257 1597 327 1635 sed
348 1597 563 1634 manedum
581 1600 713 1633 :'num
730 1594 803 1633 ista
818 1601 885 1632 aut
901 1595 1077 1644 populna
1093 1606 1175 1632 sors
1191 1600 1257 1631 aut
1273 1592 1476 1642 abiegnast
1497 1592 1593 1629 tua?

258 1662 335 1700 CH.
368 1660 465 1711 quid
493 1668 534 1699 tu
562 1660 603 1699 id
627 1661 769 1698 curas?
825 1660 898 1698 OL.
931 1658 1023 1709 quia
1050 1658 1156 1697 enim
1184 1664 1318 1696 metuo
1348 1656 1398 1695 ne
1425 1656 1465 1694 in
1488 1668 1590 1705 aqua
1610 1661 1675 1705 385

1295 1735 1450 1760 summa
1470 1728 1587 1759 natet.

259 1793 329 1829 LY.
353 1794 492 1841 eugae!
518 1804 625 1830 caue.
659 1789 828 1829 conicite
845 1789 957 1827 sortis
974 1788 1159 1827 nunciam
1175 1788 1294 1826 ambo
1310 1789 1398 1825 huc.
1431 1799 1566 1824 eccere
1583 1789 1590 1824 1

198 1873 237 1904 35
258 1870 365 1904 uxor,
395 1869 532 1906 aequa.
593 1857 666 1895 OL.
699 1854 780 1893 noli
810 1854 919 1893 uxori
950 1855 1117 1893 credere.
1179 1855 1249 1891 LV.
1281 1853 1384 1890 habe
1412 1851 1589 1890 animum

1426 1917 1588 1954 bonum.

300 2036 359 2066 371
385 2030 488 2064 atque
505 2035 570 2064 ego
587 2023 650 2056 cod.
668 2035 674 2054 ε
701 2024 772 2054 ΐνιιί.
792 2023 1004 2054 Camerarius
1117 2032 1179 2062 373
1203 2021 1252 2053 vel
1266 2031 1328 2051 nec
1439 2031 1501 2061 374
1526 2020 1586 2052 dir.

257 2069 333 2101 add.
346 2068 471 2100 Sclzoell
489 2069 546 2107 (iii.
565 2070 618 2105 11)
710 2069 774 2107 376
795 2067 822 2098 si
840 2066 914 2098 add.
931 2067 1143 2097 Camerarius
1228 2066 1292 2104 378
1313 2064 1363 2095 vel
1377 2065 1451 2095 istic
1518 2063 1587 2104 est]

258 2114 352 2145 dedit
369 2111 445 2152 Lea),
458 2113 614 2151 cuiprius
624 2111 764 2151 displicet
813 2121 845 2150 p.
862 2115 912 2141 est
923 2120 1022 2149 quam
1034 2120 1075 2141 m.
1089 2109 1329 2140 Sonnensclzez'n
1418 2109 1483 2146 380
1505 2108 1589 2138 alias

258 2159 326 2188 oris
339 2156 420 2196 <alia
436 2166 509 2186 sors
532 2155 592 2195 Bss)
610 2154 674 2185 cod.
692 2155 727 2195 (i.
748 2154 793 2195 7).
845 2154 994 2184 Testatur
1007 2154 1110 2184 sortis
1125 2152 1315 2183 Pm‘scz'anus
1329 2162 1356 2189 1,
1371 2161 1435 2190 320
1522 2152 1589 2190 382

258 2201 347 2240 quod
361 2199 591 2230 Camerarius:
607 2198 689 2237 quid
699 2197 765 2228 cod.
840 2197 1048 2228 fortunatum
1062 2196 1187 2237 [tuum]
1202 2196 1244 2225 sit
1256 2195 1321 2226 cod.
1334 2207 1340 2225 :
1360 2206 1437 2226 corr.
1455 2194 1589 2225 Guietus

256 2243 320 2283 {384
345 2254 444 2274 mane
461 2242 652 2272 Priscianus
666 2252 695 2280 1,
710 2243 752 2280 76
766 2252 772 2273 :
792 2251 835 2272 ne
847 2240 912 2272 cod.
1005 2240 1109 2271 istaec
1125 2238 1212 2270 codd.
1233 2238 1399 2270 Prisciani
1525 2238 1590 2277 386

260 2288 400 2327 Naugae
419 2285 531 2328 (Auge
549 2285 641 2327 PBD)
659 2284 786 2316 Sclwell
863 2285 946 2323 sort.
963 2289 1037 2315 cate
1141 2283 1259 2314 amabo
1275 2281 1340 2313 cod.
1363 2282 1415 2324 (ef.
1433 2292 1461 2313 v.
1484 2281 1562 2322 393)
