1814 2723
160 67 229 105 IV.

192 321 228 352 25

194 848 234 877 30

197 1786 242 1822 vi

251 67 297 104 iv
675 65 720 101 T.
755 62 935 102 MACCI
967 62 1172 100 PLAVTI

252 178 349 214 Evc.
383 174 459 214 iarn
480 174 640 213 scrutari
661 173 785 212 mitto.
845 173 966 211 redde
986 173 1074 210 huc.
1134 173 1177 210 L.
1202 173 1238 210 S.
1270 169 1367 221 quid
1390 171 1583 209 reddam?

1160 239 1256 275 Evc.
1288 250 1322 283 a,
1345 248 1467 286 nugas
1487 234 1580 286 agis,

251 313 355 345 certe
385 305 518 344 habes.
580 306 623 342 L.
647 305 682 342 S.
716 303 845 341 habeo
875 304 977 353 ego?
1015 301 1111 352 quid
1141 302 1299 340 habeo?
1372 303 1470 339 Evc.
1503 313 1584 339 non

1142 366 1242 413 dico,
1265 365 1401 404 audire
1421 365 1580 416 expetis.

252 436 291 475 id
314 449 457 483 meum,
481 433 675 485 quidquid
695 433 829 480 habes,
848 433 979 471 redde.
1040 433 1084 469 L.
1103 433 1138 470 S.
1171 431 1342 470 insanis:
1372 437 1585 481 perscruta-

1460 502 1523 534 tus
1543 508 1585 534 es

253 575 321 605 tuo
341 565 539 611 arbitratu,
562 577 691 614 neque
713 562 769 601 tui
789 575 853 601 me
874 561 1086 612 quicquam
1107 560 1293 600 inuenisti
1314 574 1446 611 penes.

254 634 351 671 EVC.
384 645 512 678 mane,
534 643 659 668 mane.
720 629 807 678 quis
834 627 911 666 illic
939 629 1026 666 est?
1055 626 1141 677 quis
1163 626 1226 665 hic
1250 627 1354 664 intus
1383 628 1480 664 alter
1503 632 1585 664 erat
1602 631 1668 676 655

1288 700 1419 731 tecum
1440 692 1585 731 simul?

253 764 349 816 perii
370 764 499 802 hercle
517 777 523 800 :
553 761 604 799 ill’
622 774 726 799 nunc
743 759 847 798 intus
868 760 1012 807 turbat,
1026 760 1132 797 hunc
1153 758 1184 797 si
1199 757 1338 797 amitto
1354 758 1418 796 hic
1434 757 1582 796 abierit.

253 836 454 880 postremo
484 829 590 865 hunc
617 826 695 864 iam
725 824 978 876 perscrutaui,
1002 823 1065 862 hic
1095 823 1192 861 nihil
1221 823 1352 861 habet.
1410 822 1476 861 abi
1506 836 1586 872 quo

1464 888 1583 926 lubet.

255 962 296 998 L.
321 962 356 998 S.
382 957 559 1009 Iuppiter
574 964 612 995 te
629 955 749 1006 dique
764 956 941 1006 perdant.
990 955 1087 993 Evc.
1111 955 1188 992 hau
1206 954 1307 991 male
1323 952 1400 1003 egit
1415 952 1566 1003 gratias.

253 1025 320 1064 ibo
340 1024 442 1062 intro
462 1030 582 1073 atque
602 1021 657 1060 illi
677 1020 867 1059 socienno
888 1027 957 1058 tuo
978 1019 1055 1057 iam
1077 1018 1366 1068 interstringam
1386 1019 1529 1068 gulam.

308 1089 415 1140 fugin
432 1088 524 1127 hinc
540 1088 590 1126 ab
605 1086 758 1126 oculis?
786 1085 879 1124 abin
896 1084 988 1123 hinc
1004 1086 1168 1123 annon?
1210 1086 1252 1121 L.
1273 1085 1308 1122 S.
1331 1084 1443 1121 abeo.
1487 1086 1584 1122 Evc.
1605 1089 1675 1124 660

1167 1162 1264 1187 caue
1285 1149 1336 1186 sis
1357 1155 1395 1187 te
1415 1147 1584 1187 uideam.

634 1263 951 1299 LYCONIDIS
999 1260 1213 1298 SERVVS

257 1350 299 1386 L.
323 1349 360 1386 S.
393 1348 628 1385 Emortuom
649 1357 722 1394 ego
744 1357 806 1381 me
828 1341 1013 1380 mauelim
1034 1342 1113 1380 leto
1134 1342 1239 1379 malo

256 1426 375 1464 quarn
396 1425 478 1450 non
499 1424 571 1460 ego
591 1408 646 1447 illi
667 1408 758 1448 de'm
780 1407 900 1446 hodie
920 1406 1082 1446 insidias
1103 1406 1197 1445 seni.

257 1491 349 1516 nam
376 1476 381 1529 Ι
406 1476 470 1515 hic
491 1475 568 1514 iam
589 1488 671 1513 non
690 1472 854 1511 audebit
873 1485 1012 1511 aurum
1032 1473 1261 1523 apstrudere
1278 1486 1284 1509 :

259 1544 377 1582 credo
399 1543 542 1580 ecferet
563 1540 641 1579 iam
662 1552 796 1578 secum
818 1545 856 1577 et
877 1537 1046 1576 mutabit
1066 1539 1208 1576 locum.

259 1616 366 1655 attat,
389 1606 471 1645 fori'
493 1603 653 1656 crepuit.
713 1617 832 1643 senex
852 1617 991 1643 eccum
1011 1608 1151 1641 aurum
1171 1603 1291 1641 ecfert
1312 1603 1424 1640 foras.
1610 1603 1678 1649 665

260 1673 449 1723 tantisper
469 1673 547 1710 huc
568 1684 641 1721 ego
661 1671 712 1709 ad
733 1669 892 1708 ianuam
914 1681 1157 1708 concessero.

470 1784 683 1820 EVCLlo
796 1782 1116 1818 LYCONIDIS
1164 1780 1379 1817 SERVVS

264 1868 360 1904 EVC.
394 1864 490 1907 Fide
511 1863 722 1902 censebam
743 1875 967 1900 maxumam
989 1862 1114 1899 multo
1134 1861 1254 1899 fidem

263 1944 359 1977 esse,
382 1943 428 1968 ea
448 1928 620 1968 subleuit
640 1942 684 1966 os
705 1927 803 1966 mihi
823 1926 1074 1977 paenissume
1091 1941 1097 1963 :

265 1996 303 2035 ni
325 1995 574 2035 subuenisset
598 2007 749 2040 coruos,
773 1992 975 2043 periissem
996 1991 1122 2030 miser.

265 2061 381 2100 nimis
402 2062 532 2098 hercle
553 2072 626 2109 ego
646 2059 756 2097 illum
778 2071 940 2096 coruom
961 2058 1012 2095 ad
1033 2070 1096 2094 me
1117 2055 1249 2094 ueniat
1269 2053 1387 2094 uelim
1613 2060 1684 2101 670

309 2167 372 2205 657
397 2163 486 2194 hunc
512 2163 576 2193 iam
602 2162 734 2192 Nonius
753 2171 825 2200 317⁷
847 2161 935 2200 469:
966 2160 1031 2190 iam
1056 2159 1143 2189 hunc
1168 2157 1232 2188 cod.
1336 2157 1388 2187 hic
1414 2167 1479 2187 om.
1506 2156 1593 2187 codd.

266 2209 438 2246 Nonn'317
453 2207 533 2246 (469
556 2207 591 2236 in
613 2216 740 2245 persor.
766 2204 935 2241 desinunt)
1027 2202 1110 2232 nihil
1135 2201 1222 2232 codd.
1243 2199 1367 2231 Nonii:
1405 2200 1499 2230 nihili
1526 2200 1593 2230 cod.

267 2250 332 2292 658
355 2251 423 2290 egit
440 2250 596 2280 Mueller:
621 2250 690 2288 agit
706 2248 770 2279 cod.
791 2259 798 2278 ε
822 2245 1004 2288 agit(hic>
1021 2246 1110 2276 Koch
1165 2244 1251 2275 male:
1268 2244 1338 2283 agit
1354 2243 1593 2283 vixferendum

267 2299 334 2336 659
358 2295 447 2325 intro
471 2293 558 2324 codd.
588 2293 694 2323 Nonii
717 2302 798 2330 172:
832 2291 911 2321 hinc
938 2291 1028 2320 intro
1050 2288 1115 2320 cod.
1144 2289 1190 2328 (iv
1225 2288 1259 2328 3)
1428 2288 1493 2317 660
1517 2286 1594 2317 hinc

269 2340 409 2370 alterum
423 2337 479 2368 del.
491 2336 638 2376 Pylades,
655 2340 691 2366 ztt
706 2346 817 2366 versus
826 2334 1024 2375 septenam'us
1031 2333 1100 2371 fiat
1188 2336 1221 2362 te
1239 2330 1288 2372 u.]
1307 2330 1478 2362 reuideam
1494 2330 1598 2361 Bothe

269 2385 334 2421 663
352 2381 421 2422 hic]
435 2381 502 2411 illic
512 2380 602 2410 Baclz
693 2380 758 2408 666
775 2379 838 2408 huc
851 2377 1058 2408 Lambinus:
1085 2376 1138 2407 hic
1150 2375 1214 2406 cod.
1306 2375 1370 2406 668
1387 2374 1512 2406 subluit
1527 2373 1594 2405 cod.
