1814 2723
202 64 270 101 IV.
291 64 338 101 iv
709 63 755 100 T.
789 61 970 100 MACCI
1003 61 1206 99 PLAVTI

294 176 371 214 CH.
404 174 499 225 quid
539 173 597 212 uis
637 174 799 212 curem?
857 174 943 210 MN.
977 179 1018 210 ut
1057 173 1107 211 ad
1141 185 1276 210 senem
1311 172 1428 211 etiam
1462 173 1622 212 alteram

1366 237 1484 277 facias
1504 238 1619 278 uiam.

293 318 488 355 compara,
512 303 710 350 fabricare,
730 303 833 351 finge
854 303 962 352 quod
984 303 1102 350 lubet,
1126 302 1363 353 conglutina‚

295 378 338 408 ut
357 383 492 409 senem
513 368 632 407 hodie
653 369 816 406 doctum
838 368 954 405 docte
975 368 1083 405 fallas
1103 381 1321 418 aurumque
1341 369 1503 407 auferas.

236 449 275 480 55
297 436 374 474 CH.
407 434 471 472 uix
491 434 647 471 uidetur
668 431 750 470 fieri
770 444 896 480 posse.
959 433 1044 469 MN.
1078 446 1205 482 perge,
1227 446 1273 471 ac
1293 433 1406 471 facile
1427 432 1620 471 ecfeceris.
1642 432 1708 476 695

296 501 372 539 CH.
406 512 535 549 quam,
574 499 732 544 malum,
768 495 891 543 facile,
929 510 1046 546 quem
1082 497 1263 535 mendaci
1298 497 1453 548 prendit
1491 511 1625 535 manu-

1354 564 1453 600 festo
1474 564 1625 601 modo?

292 644 410 680 quem
431 630 462 668 si
483 642 591 667 orem
613 635 654 666 ut
676 627 771 666 mihi
793 627 847 665 nil
868 629 1010 674 credat,
1035 627 1074 665 id
1097 641 1177 666 non
1197 628 1298 666 ausit
1319 629 1487 666 credere.

294 698 380 734 ΜΝ.
413 696 535 734 immo
556 694 587 733 si
607 694 744 732 audias
766 707 867 743 quae
888 693 993 732 dicta
1013 693 1109 731 dixit
1132 706 1195 731 me
1215 694 1429 731 aduorsum
1451 693 1531 731 tibi.

293 762 370 800 CH.
404 760 498 810 quid
528 759 654 798 dixit?
712 760 800 796 MN.
832 757 863 795 si
898 765 939 795 tu
975 757 1083 795 illurn
1120 759 1243 795 solem
1274 757 1347 796 sibi
1381 759 1505 796 solem
1539 771 1624 796 esse

1461 823 1622 870 diceres,

231 899 274 930 60
293 905 334 930 se
355 892 465 929 illum
486 892 619 928 lunam
641 890 800 926 credere
821 901 906 925 esse
927 895 964 925 et
986 895 1144 925 noctem
1167 887 1232 937 qui
1254 901 1360 925 nunc
1382 895 1439 926 est
1459 887 1553 926 dies.
1644 898 1712 931 700

294 958 371 996 CH.
404 968 615 1005 emungam
646 955 776 991 hercle
806 952 1009 991 hominem
1040 953 1163 1002 probe
1194 952 1323 1000 hodie,
1347 966 1397 991 ne
1423 952 1464 991 id
1491 953 1625 1002 nequi—

1333 1031 1452 1067 quam
1473 1016 1621 1056 dixerit.

293 1089 350 1124 P1.
383 1099 488 1124 nunc
518 1084 614 1135 quid
645 1097 717 1121 nos
747 1082 806 1120 uis
836 1083 992 1120 facere?
1050 1083 1126 1121 CH.
1160 1081 1265 1120 enim
1296 1081 1350 1119 nil
1382 1089 1450 1129 est,
1480 1081 1553 1119 nisi
1582 1089 1625 1119 ut

1302 1147 1441 1185 ametis
1461 1146 1622 1196 impero.

290 1224 464 1255 ceterum
485 1221 678 1264 quantum
699 1213 808 1251 lubet
831 1226 894 1250 me
915 1212 1109 1262 poscitote
1129 1225 1267 1250 aurum
1285 1228 1291 1250 :
1323 1225 1395 1261 ego
1416 1211 1532 1250 dabo.

291 1281 387 1332 quid
408 1280 461 1319 mi
482 1281 596 1318 refert
618 1279 809 1328 Chrysalo
831 1291 916 1316 esse
937 1291 1096 1324 nomen,
1120 1277 1194 1315 nisi
1215 1277 1326 1315 factis
1347 1277 1473 1327 probo
1486 1279 1503 1314 ?

231 1352 271 1394 65
291 1348 361 1385 sed
382 1359 487 1384 nunc
508 1344 743 1396 quantillum
765 1351 873 1381 usust
894 1343 976 1381 auri
997 1343 1079 1390 tibi,
1105 1342 1384 1381 Mnesiloche?
1412 1342 1476 1381 dic
1497 1342 1603 1380 mihi.
1643 1353 1708 1389 705

293 1414 380 1450 MN.
413 1411 526 1449 militi
547 1409 719 1448 nummis
740 1408 921 1447 ducentis
943 1408 1019 1446 iam
1042 1422 1134 1446 usus
1156 1416 1214 1446 est
1234 1421 1304 1458 pro
1326 1407 1535 1446 Bacchide.

293 1478 369 1517 CH.
402 1490 475 1526 ego
509 1476 626 1514 dabo.
688 1475 775 1511 MN.
808 1481 890 1511 tum
931 1473 1046 1511 nobis
1082 1487 1182 1523 opus
1216 1480 1275 1511 est
1313 1481 1483 1522 sumptu.
1544 1473 1620 1512 CH.

1271 1537 1333 1584 ah,
1356 1536 1510 1586 placide
1530 1537 1623 1574 uolo

290 1600 602 1656 unumquidque
613 1617 798 1654 agamus:
829 1604 906 1641 hoc
929 1603 996 1641 ubi
1017 1614 1144 1653 egero,
1167 1609 1250 1640 tum
1272 1602 1371 1639 istuc
1391 1614 1515 1651 agam.

290 1674 340 1711 de
360 1671 541 1710 ducentis
562 1669 734 1708 nummis
756 1668 926 1719 primum
948 1668 1152 1707 intendam
1175 1667 1370 1705 ballistam
1390 1666 1430 1704 in
1451 1679 1585 1704 senem
1601 1680 1612 1714 3

233 1750 274 1785 70
291 1751 336 1776 ea
356 1736 510 1775 ballista
529 1735 561 1773 si
582 1742 805 1786 peruortam
827 1734 962 1772 turrim
984 1741 1021 1772 et
1042 1733 1347 1783 propugnacula,
1642 1742 1711 1777 710

290 1810 395 1841 recta
408 1809 520 1851 porta
534 1800 719 1839 inuadarn
738 1800 936 1848 extemplo
953 1798 992 1836 in
1007 1798 1199 1848 oppidum
1215 1797 1421 1847 antiquom
1438 1802 1476 1834 et
1489 1802 1622 1834 uetus:

291 1867 322 1905 si
343 1867 383 1906 id
404 1879 534 1916 capso,
558 1865 722 1915 geritote
743 1863 879 1902 amicis
901 1862 1042 1900 uostris
1062 1876 1201 1901 aurum
1222 1862 1418 1908 corbibus,

291 1932 390 1970 sicut
409 1931 564 1969 animus
585 1937 724 1980 sperat.
777 1931 834 1966 ΡΙ.
866 1929 973 1978 apud
994 1935 1069 1965 test
1085 1927 1239 1965 animus
1260 1934 1402 1973 noster,
1422 1926 1620 1975 Chrysale.

292 1997 369 2035 CH.
402 2009 507 2034 nunc
524 2002 565 2033 tu
581 1994 646 2033 abi
667 1994 780 2040 intro,
800 1992 1022 2038 Pistoclere,
1038 1992 1089 2030 ad
1111 1990 1365 2038 Bacchidem,
1382 1998 1501 2040 atque
1521 1992 1624 2028 ecfer

1491 2054 1623 2092 cito-

235 2139 271 2172 75
295 2127 351 2164 Px.
384 2125 510 2175 quid?
566 2125 643 2163 CH.
676 2122 819 2169 stilum,
842 2135 971 2160 ceram
999 2128 1036 2158 et
1063 2121 1236 2167 tabellas,
1260 2120 1393 2158 linum.
1455 2121 1513 2157 ΡΙ.
1546 2119 1622 2157 iarn
1643 2128 1708 2165 715

1252 2187 1340 2223 faxo
1360 2184 1423 2222 hic
1445 2192 1623 2223 erunt.—

335 2296 398 2334 695
422 2304 459 2325 ac
476 2292 532 2324 del.
551 2291 687 2332 Seyffert
790 2291 856 2329 696
879 2289 956 2328 Qua
975 2288 1009 2318 P
1027 2288 1154 2330 (Quam
1179 2288 1241 2327 ΒΩ)
1335 2297 1481 2327 700-921
1508 2287 1626 2317 desunt

292 2338 326 2369 in
341 2338 374 2368 A
467 2346 528 2376 702
553 2341 606 2366 est
623 2335 681 2366 del.
697 2334 907 2364 Camerarius
997 2342 1059 2371 705
1082 2332 1278 2371 quantulum
1301 2331 1374 2361 ΡΠ)
1466 2341 1527 2370 713
1538 2330 1624 2360 sicut

292 2381 461 2422 Scioppius
479 2390 485 2410 ;
509 2378 592 2410 sicui
610 2378 674 2410 cod.
777 2386 838 2415 715
864 2376 976 2407 stilum
995 2380 1029 2406 et
1047 2376 1197 2415 tabellas,
1215 2386 1338 2414 ceram,
1358 2376 1462 2405 linum
1483 2374 1605 2413 Ussing
