1814 2723
282 58 334 96 ΙΙ.
357 58 386 95 ii
764 61 809 96 T.
844 59 1023 99 MACCI
1058 61 1260 98 PLAVTI

357 170 427 208 sed
447 171 585 208 eccum
608 171 918 209 Menaechmum
940 170 1069 209 uideo.
1129 185 1202 209 uae
1222 178 1330 222 tergo
1351 173 1465 210 meo!
1703 181 1769 220 275

357 233 462 284 prius
482 234 559 273 iarn
580 234 773 273 conuiuae
792 236 998 274 ambulant
1017 243 1109 274 ante
1129 235 1273 275 ostium

317 312 333 343 5
355 313 474 350 quam
495 314 567 350 ego
588 308 782 351 opsonatu
804 302 932 339 redeo.
991 301 1111 341 adibo
1130 310 1249 352 atque
1268 303 1469 353 adloquar.

355 367 630 411 Menaechme,
654 367 771 404 salue.
832 368 946 404 MEN.
980 366 1019 405 di
1040 374 1078 405 te
1097 367 1289 405 amabunt
1309 367 1485 418 quisquis
1503 365 1590 419 (es).

355 432 426 470 Cv.
459 430 636 481 quisquis
696 445 713 465 *
827 444 845 464 ss
959 445 977 466 21<
1033 430 1156 484 (quis)
1175 446 1248 483 ego
1268 432 1372 471 sim?

357 498 472 534 MEN.
505 510 585 534 non
607 497 737 535 hercle
758 510 863 535 uero.
923 498 994 536 CY.
1027 496 1095 535 ubi
1116 497 1310 535 conuiuae
1331 497 1478 536 ceteri?
1703 499 1772 534 280

358 563 473 599 MEN.
506 574 605 611 quos
627 568 667 599 tu
689 561 879 600 conuiuas
901 561 1084 612 quaeris?
1140 564 1210 601 Cv.
1243 562 1455 612 parasitum
1477 569 1598 600 tuom.

300 641 338 663 10
359 629 472 665 ΜΕΝ.
506 640 638 665 meum
659 627 901 676 parasitum?
958 629 1029 667 (ΞΥ.
1061 635 1165 666 certe
1185 627 1248 666 hic
1269 627 1446 667 insanust
1466 630 1598 666 homo.

358 693 461 731 MES.
494 691 602 731 dixin
622 691 693 730 tibi
713 706 798 730 esse
819 692 883 730 hic
904 694 1165 742 sycophantas
1186 695 1418 743 plurumos?

730 770 747 790 ³1<
916 773 933 793 ti<
1102 773 1120 793 *
1288 773 1306 793 *

357 824 471 860 ΜΕΝ.
504 836 622 872 quem
644 830 684 860 tu
706 822 917 872 parasitum
934 822 1099 872 quaeris,
1122 824 1365 870 adulescens,
1390 837 1521 861 meum
1535 825 1552 860 ?
1701 829 1766 874 285

357 888 429 925 Cv.
462 886 705 925 Peniculum.
767 890 871 925 MEs.
905 887 1042 926 eccum
1064 887 1104 926 in
1125 887 1262 926 uidulo
1283 889 1435 926 saluom
1455 889 1548 926 fero.

356 953 426 991 CV.
462 954 736 999 Menaechme,
760 967 924 991 numero
945 954 1024 991 huc
1043 953 1209 992 aduenis
1229 954 1280 992 ad
1300 952 1519 1004 prandium.

298 1030 336 1061 15
355 1031 461 1056 nunc
481 1026 677 1068 opsonatu
697 1019 827 1057 redeo.
888 1021 1004 1057 ΜΕΝ.
1036 1020 1231 1069 responde
1252 1017 1363 1066 mihi,

352 1084 609 1122 adulescens:
639 1084 783 1134 quibus
803 1083 867 1122 hic
887 1083 1042 1134 pretieis
1062 1083 1171 1134 porci
1191 1090 1366 1123 ueneunt

353 1162 480 1187 sacres
525 1148 695 1188 sinceri?
774 1150 846 1189 Cv.
888 1148 1094 1188 nummeis.
1173 1151 1288 1188 ΜΕΝ.
1329 1161 1537 1188 nummum
1566 1163 1589 1186 a
1618 1162 1681 1188 me
1700 1161 1769 1197 290

1524 1213 1682 1265 accipe:

354 1278 446 1319 iube
467 1278 503 1318 te
525 1279 620 1330 piari
640 1281 691 1319 de
712 1294 799 1319 mea
819 1280 996 1330 pecunia.

354 1359 445 1384 nam
466 1345 652 1396 equidem
679 1344 683 1397 Ι
709 1345 891 1384 insanum
912 1359 997 1384 esse
1017 1352 1055 1383 te
1076 1352 1183 1384 certo
1203 1344 1299 1391 scio,

295 1425 335 1447 20
354 1410 421 1460 qui
438 1409 534 1448 mihi
555 1411 754 1449 molestu’s
775 1409 926 1448 homini
947 1409 1082 1460 ignoto
1103 1408 1280 1459 quisquis
1300 1423 1352 1447 es.

354 1476 425 1513 (ΞΥ.
458 1475 668 1524 Cylindrus
689 1488 762 1525 ego
783 1488 869 1512 sum
887 1490 893 1512 :
924 1488 1005 1512 non
1025 1473 1129 1512 nosti
1150 1488 1295 1513 nomen
1317 1475 1481 1512 meum?

354 1541 469 1579 ΜΕΝ.
501 1539 556 1578 sei
578 1547 619 1578 tu
641 1539 852 1589 Cylindrus
873 1553 941 1577 seu
964 1538 1230 1586 Coriendru’s,
1253 1538 1423 1589 perieris.
1615 1546 1618 1549 ’
1700 1553 1766 1590 295

351 1619 424 1655 ego
445 1612 482 1643 te
503 1618 583 1644 non
604 1604 698 1643 noui
719 1618 848 1654 neque
869 1604 1027 1643 nouisse
1047 1605 1149 1643 adeo
1168 1605 1272 1642 uolo.

353 1673 424 1710 (ΞΥ.
461 1678 519 1709 est
557 1670 629 1709 tibi
670 1671 937 1709 Menaechmo
976 1682 1133 1708 nomen.
1214 1671 1328 1707 ΜΕΝ.
1371 1676 1535 1716 tantum,
1572 1670 1680 1719 quod

1547 1747 1678 1781 selam,

295 1816 332 1848 25
352 1815 423 1851 pro
442 1814 539 1840 sano
559 1800 730 1851 loqueris
750 1814 872 1851 quom
894 1815 957 1839 me
976 1802 1151 1851 appellas
1171 1799 1343 1839 nomine.

351 1867 421 1905 sed
442 1865 509 1905 ubi
530 1865 675 1904 nouisti
697 1865 790 1904 me'?
848 1867 918 1905 Cv.
952 1865 1019 1904 ubi
1041 1879 1113 1915 ego
1134 1872 1172 1903 te
1192 1864 1382 1912 nouerim,

395 1977 457 2009 275
481 1968 580 1999 uideo
597 1980 660 2000 uae
678 1975 773 2009 tergo
793 1970 951 2000 Gruterus
967 1980 974 1998 t
1006 1969 1131 2000 uideon
1148 1972 1286 2007 aetergo
1302 1968 1342 2007 P,
1362 1969 1395 2000 A
1414 1980 1447 1999 n.
1464 1968 1484 1999 l.
1616 1970 1681 2008 276

351 2023 396 2044 cm
414 2013 623 2044 conuiuaen?
648 2013 738 2054 (cum
752 2015 856 2054 priu')
925 2013 1142 2044 obambulant
1155 2012 1280 2042 Rz'tschl
1409 2013 1484 2051 278,
1501 2021 1565 2051 279
1589 2022 1625 2042 es
1642 2037 1648 2043 .
1668 2036 1675 2043 .

352 2057 426 2096 quis
441 2067 507 2087 om.
522 2056 556 2086 P
570 2057 630 2097 (iii.
652 2067 700 2096 11,
721 2068 752 2097 p.
773 2060 828 2096 52)
957 2067 1021 2095 279
1037 2056 1189 2096 quisquis
1202 2057 1269 2095 d—
1284 2054 1317 2084 A
1364 2055 1445 2094 sort.
1465 2055 1636 2094 ‘quisquis
1647 2056 1655 2072 ’
1670 2056 1681 2086 Ζ

353 2099 498 2142 <deliras
509 2099 619 2138 plane.
634 2111 701 2131 non
714 2101 781 2131 scis
792 2098 890 2142 quis)
901 2111 964 2140 ego
982 2101 1043 2130 sim
1057 2102 1067 2131 ἵ
1171 2101 1234 2129 282
1259 2104 1350 2129 certe
1361 2098 1454 2131 ΜΕΝ.
1468 2099 1517 2129 vel
1527 2109 1568 2129 oe
1587 2102 1679 2129 certe

352 2145 383 2175 A
491 2144 575 2183 284—
558 2154 644 2183 —300
665 2145 854 2184 posteriores
864 2144 1051 2184 partesfem
1065 2143 1219 2184 leguntur
1231 2142 1264 2172 A
1399 2143 1463 2182 284
1486 2153 1551 2172 om.
1568 2142 1621 2180 P,
1613 2152 1620 2159 ·
1642 2141 1678 2173 in

351 2186 384 2217 A
400 2187 680 2228 legitur—sinen.
699 2198 772 2218 sm.
790 2198 812 2217 n
830 2205 870 2208 —
888 2193 923 2218 tu
939 2206 981 2209 —
1113 2187 1175 2225 285
1199 2196 1293 2216 meus
1316 2185 1349 2215 A
1493 2187 1557 2225 289
1579 2185 1679 2225 pretii

351 2231 384 2261 P
461 2242 527 2270 29ο
542 2241 714 2262 nummum
725 2242 790 2262 om.
804 2230 838 2260 P
924 2241 988 2270 292
1004 2228 1224 2272 (insanum)
1216 2239 1374 2260 msanum
1386 2228 1578 2270 SeyffertgA
1591 2239 1624 2259 n.
1634 2227 1676 2268 l.)

352 2284 415 2314 295
442 2275 499 2306 Sei
513 2274 655 2314 Mueller,
668 2273 845 2305 secundum
860 2284 985 2304 morem
997 2274 1210 2304 Plaulznum
1238 2273 1307 2304 Seu
1324 2272 1367 2313 P,
1376 2272 1410 2303 A
1424 2283 1456 2304 n.
1472 2272 1491 2304 Ι.
1506 2272 1558 2314 (cf.
1571 2282 1604 2303 v.
1617 2281 1679 2312 793

351 2319 422 2349 siue
434 2323 496 2360 pro
511 2318 553 2359 si)
644 2328 707 2358 299
729 2318 780 2348 vel
792 2318 894 2348 med:
917 2307 1013 2360 (tu)
1007 2327 1060 2347 me
1069 2316 1184 2348 Loewe
1195 2315 1248 2358 (ex
1255 2316 1289 2346 A
1294 2316 1308 2358 )
