1742 2718
706 104 1028 143 BACCHIDES
1477 107 1530 143 II.
1552 105 1580 140 ii

449 250 842 286 P1STOCLERvs
956 248 1290 286 CHRvsALvs
1552 250 1580 285 ii

206 348 264 384 P1.
298 344 483 383 Mirumst
503 357 567 382 me
587 349 630 381 ut
649 342 807 380 redeam
828 350 866 380 te
887 355 1004 392 opere
1025 349 1134 380 tanto
1155 354 1354 392 quaesere,

121 415 186 450 180
205 410 272 462 qui
292 409 400 448 abire
419 409 512 447 hinc
532 409 642 446 nullo
666 415 783 457 pacto
804 407 963 457 possim,
987 406 1017 445 si
1038 406 1157 445 uelim
1178 422 1184 444 :

203 476 258 514 ita
277 489 341 513 me
361 475 549 512 uadatum
569 485 703 510 amore
724 471 982 521 uinctumque
1002 471 1154 510 attines.

204 542 282 580 CH.
314 553 384 590 pro
404 538 444 577 di
465 538 702 584 inmortales,
726 536 982 575 Pistoclerum
1005 536 1221 587 conspicor.

203 619 228 644 o
249 604 472 650 Pistoclere,
496 604 613 641 salue.
674 604 732 640 P1.
765 603 882 648 salue,
908 602 1105 650 Chrysale.
1555 614 1571 645 5

204 671 282 710 CH.
314 668 527 719 compendi
547 668 668 706 uerba
688 668 811 705 multa
830 666 907 704 iam
929 666 1068 704 faciam
1090 666 1171 705 tibi.

117 739 181 783 185
203 734 337 774 uenire
357 742 399 773 tu
421 747 483 772 me
504 734 652 784 gaudes
670 745 676 767 :
710 745 782 782 ego
803 733 921 770 credo
942 731 1012 770 tibi
1030 746 1040 779 3

203 799 418 850 hospitium
439 806 477 837 et
497 811 637 837 cenam
658 797 853 847 pollicere,
876 804 919 835 ut
939 796 1127 834 conuenit

202 877 361 916 peregre
381 862 609 902 aduenienti
629 877 635 900 :
666 875 738 912 ego
758 869 890 900 autem
911 869 1121 900 uenturum
1141 862 1287 901 adnuo.

203 932 368 980 salutern
389 929 460 967 tibi
479 929 529 967 ab
551 926 676 966 sodali
697 927 863 966 solidam
884 926 1024 965 nuntio
1044 942 1051 965 :
1558 943 1597 966 10

202 994 356 1046 rogabis
378 1007 441 1032 me
462 992 529 1032 ubi
550 992 622 1031 sit:
652 991 761 1030 uiuit.
821 993 879 1029 Px.
912 993 950 1029 Ν
954 993 1056 1042 emp'
1076 999 1180 1030 recte
1200 993 1335 1031 ualet?

119 1070 185 1104 190
204 1061 280 1100 CH.
312 1059 413 1098 istuc
433 1058 617 1097 uolebam
639 1070 712 1106 ego
733 1070 779 1095 ex
799 1063 837 1094 te
857 1055 1129 1106 percontarier.

204 1127 262 1164 ΡΙ.
303 1124 371 1176 qui
401 1123 498 1163 scire
527 1136 689 1173 possum
706 1124 723 1161 ?
781 1123 858 1162 CH.
900 1123 1030 1160 nullus
1059 1124 1158 1173 plus.
1219 1124 1278 1161 P1.
1320 1136 1533 1173 quemnam

1266 1189 1317 1226 ad
1339 1190 1502 1227 modum
1517 1190 1534 1227 ?

204 1256 281 1296 CH.
314 1254 406 1305 quia
427 1253 458 1293 si
478 1253 544 1292 illa
564 1253 726 1292 inuenta
747 1259 805 1291 est
825 1266 944 1303 quarn
965 1252 1029 1291 ille
1049 1260 1164 1299 amat,
1188 1260 1291 1291 recte
1313 1254 1416 1291 ualet
1430 1269 1441 1302 ‚-

203 1320 235 1360 si
255 1334 336 1359 non
356 1320 519 1359 inuenta
539 1326 608 1366 est,
631 1318 752 1357 minu’
775 1320 880 1356 ualet
901 1318 1232 1368 moribundu’que
1252 1325 1321 1356 est.
1558 1330 1595 1362 15

202 1385 370 1424 animast
389 1384 517 1424 amica
536 1384 684 1423 amanti
704 1399 711 1422 ι
742 1385 774 1422 si
793 1384 915 1431 abest,
937 1385 1067 1422 nullus
1089 1391 1147 1423 est
1161 1399 1172 1432 ;

119 1464 181 1502 195
202 1451 234 1490 si
253 1452 376 1498 adest,
399 1464 458 1489 res
479 1451 624 1488 nullast
643 1465 650 1488 :
681 1449 789 1500 ipsus
810 1456 1096 1499 est—nequam
1117 1456 1155 1487 et
1176 1448 1302 1488 miser.

202 1518 272 1556 sed
292 1524 334 1556 tu
350 1516 446 1567 quid
467 1515 651 1554 factitasti
671 1514 868 1553 mandatis
889 1516 1034 1565 super?

203 1583 261 1620 ΡΙ.
294 1595 395 1632 egon
415 1588 469 1628 ut,
492 1581 601 1631 quod
621 1581 672 1619 ab
693 1579 783 1618 illoc
803 1579 992 1630 attigisset
1012 1579 1184 1627 nuntius,

202 1661 283 1686 non
304 1646 555 1698 impetratum
576 1645 617 1685 id
638 1645 866 1684 aduenienti
887 1644 922 1684 ei
943 1646 1181 1684 redderem?
1555 1658 1595 1680 20

202 1712 380 1763 regiones
401 1714 530 1752 colere
550 1710 1101 1756 mauellem,Accherunticas.

117 1790 185 1815 200
203 1779 280 1818 CH.
313 1780 403 1827 eho,
422 1792 474 1817 an
493 1776 679 1817 inuenisti
701 1776 973 1816 Bacchidem?
1029 1778 1088 1814 P1.
1120 1775 1293 1815 Samiam
1314 1776 1485 1828 quidem.

202 1845 280 1884 CH.
312 1843 405 1883 uide
425 1857 572 1894 quaeso
593 1856 643 1882 ne
664 1842 750 1893 quis
771 1849 909 1881 tractet
929 1841 1035 1880 illam
1056 1841 1265 1892 indiligens
1280 1857 1291 1890 ς

201 1908 277 1948 scis
297 1916 339 1948 tu
358 1916 401 1947 ut
421 1908 613 1959 confringi
632 1922 702 1947 uas
723 1907 802 1947 cito
822 1907 998 1947 Samium
1019 1909 1129 1946 solet.

203 1976 262 2012 P1.
292 1974 424 2013 iamne
444 1981 487 2013 ut
507 1975 639 2014 soles?
696 1975 774 2014 CH.
807 1974 872 2013 dic
893 1973 961 2012 ubi
981 1988 1028 2013 ea
1047 1987 1154 2012 nunc
1174 1980 1243 2021 est,
1266 1986 1440 2024 opsecro.
1555 1990 1570 2012 2
1577 1989 1594 2022 5

203 2041 262 2078 ΡΙ.
294 2039 369 2087 hic,
392 2047 600 2078 exeuntem
622 2053 686 2078 me
708 2040 815 2078 unde
835 2039 1019 2090 aspexisti
1041 2040 1174 2078 modo.

118 2114 182 2151 205
204 2106 282 2145 CH.
314 2112 357 2144 ut
376 2105 476 2144 istuc
496 2112 555 2144 est
574 2105 752 2156 lepidum
772 2108 779 2143 l
809 2119 1024 2155 proxumae
1043 2104 1212 2144 uiciniae

203 2170 364 2209 habitat.
422 2170 661 2221 ecquidnam
682 2170 862 2209 meminit
884 2170 1152 2209 Mnesilochi?
1210 2172 1269 2208 Pr.
1300 2171 1443 2220 rogas?

203 2234 327 2274 immo
346 2235 462 2274 unice
482 2249 606 2274 unum
627 2235 797 2285 plurumi
818 2235 966 2285 pendit.
1027 2236 1105 2275 CH.
1138 2248 1263 2286 papae
1282 2238 1290 2274 Ξ

250 2348 312 2377 ¹92
335 2341 426 2369 recte
437 2338 528 2369 ualet
540 2337 641 2368 Bothe
657 2349 665 2369 :
689 2336 808 2379 [uiuit]
822 2342 915 2369 recte
928 2337 993 2379 [et'l
1007 2338 1098 2369 ualet
1111 2338 1177 2370 cod.
1197 2339 1254 2378 (iv.
1271 2338 1302 2373 ἢ
1320 2350 1327 2369 :
1350 2338 1432 2369 uiuit
1444 2336 1532 2368 ualet

203 2380 330 2412 Ritschl
345 2384 430 2421 (var.
450 2381 513 2413 lect.
532 2382 670 2422 antiqua
681 2383 707 2422 ἓ)
841 2392 904 2421 207
929 2382 1132 2422 plurimique
1149 2382 1236 2414 codd.
1259 2382 1402 2413 Charisii
1417 2391 1478 2420 223

263 2450 383 2472 PLAVT.
403 2451 415 2472 1
1398 2440 1438 2471 ιο
