1794 2728
203 77 256 114 ΙΙ.
278 76 307 112 ii
697 76 744 112 T.
778 74 959 113 MACCI
994 74 1197 111 PLAVTI

224 200 263 221 10
282 187 352 223 LE.
384 185 501 224 etiam
522 186 572 224 de
592 192 701 235 tergo
721 185 911 222 ducentas
931 185 1064 234 plagas
1084 183 1304 234 praegnatis
1325 184 1441 223 dabo.

281 252 340 288 L1.
372 250 529 300 largitur
548 249 758 299 peculium,
781 262 941 286 omnem
963 247 1002 285 in
1024 255 1132 298 tergo
1152 250 1407 287 thensaurum
1427 247 1533 298 gerit.

280 317 350 354 LE.
381 329 473 353 nam
494 314 525 353 si
546 314 745 353 occasioni
767 313 859 352 huic
880 321 1036 363 tempus
1057 327 1142 353 sese
1163 313 1461 364 supterduxerit‚

277 395 495 432 numquam
517 382 659 430 edepol
681 378 879 428 quadrigis
899 378 998 417 albis
1019 378 1230 429 indipiscet
1245 386 1382 429 postea
1397 393 1408 426 3

277 460 386 485 erum
406 446 447 484 in
468 445 675 495 opsidione
696 444 858 493 linquet,
882 443 1085 482 inimicum
1107 443 1261 482 animos
1281 443 1440 481 auxerit.
1629 445 1696 478 280

218 526 254 556 15
277 513 346 549 sed
381 510 411 549 si
448 523 603 548 mecum
635 508 885 547 occasionem
919 508 1141 559 opprimere
1175 510 1278 547 hanc
1310 522 1411 558 quae
1446 507 1610 547 obuenit

1465 574 1606 620 studet,

278 656 479 681 maxumas
500 641 735 692 opimitates,
758 640 903 691 gaudio
924 640 1212 678 ecfertissumas
1267 679 1273 685 ,

277 708 355 746 suis
376 708 449 746 eris
470 707 533 745 ille
554 720 632 744 una
652 719 808 744 mecum
830 705 963 755 pariet,
987 713 1187 756 gnatoque
1208 713 1246 745 et
1266 705 1376 757 patri,

275 775 377 812 adeo
398 780 439 810 ut
459 778 627 810 aetatem
648 771 768 809 ambo
788 771 985 809 ambobus
1007 770 1122 809 nobis
1143 770 1220 809 sint
1241 771 1415 820 obnoxii,

276 845 410 876 nostro
430 835 605 875 deuincti
625 835 831 873 beneficio.
893 837 951 873 L1.
985 835 1141 874 uinctos
1163 836 1400 887 nescioquos
1419 837 1472 875 ait
1489 852 1499 885 3
1629 837 1693 880 285

217 922 255 942 20
276 916 355 940 non
372 903 500 952 placet
516 916 522 938 :
554 908 688 939 metuo
703 900 743 937 in
760 914 973 939 commune
990 914 1039 939 ne
1056 914 1176 950 quam
1192 903 1369 940 fraudem
1385 903 1526 940 frausu’
1547 901 1605 940 sit.

277 969 347 1005 LE.
379 966 475 1017 perii
496 980 569 1016 ego
590 965 740 1016 oppido
761 965 834 1003 nisi
857 965 1056 1004 Libanum
1078 966 1240 1005 inuenio
1261 966 1354 1014 iam,
1374 967 1442 1005 ubi
1463 966 1531 1005 ubi
1552 975 1610 1005 est

1420 1032 1606 1082 gentium.

276 1099 335 1136 L1.
368 1097 445 1136 illic
466 1099 588 1136 homo
616 1096 768 1136 socium
797 1098 848 1135 ad
877 1099 1020 1136 malam
1049 1111 1130 1136 rem
1158 1097 1308 1148 quaerit
1336 1111 1454 1147 quem
1474 1097 1609 1136 adiun-

1438 1170 1502 1213 gat
1522 1162 1607 1200 sibi.

276 1242 355 1266 non
371 1230 515 1278 placet:
535 1242 605 1278 pro
620 1235 796 1266 monstro
811 1229 1008 1278 extemplo
1023 1236 1083 1267 est
1091 1230 1253 1279 quando
1263 1228 1330 1278 qui
1344 1227 1604 1267 sudattremit.

276 1294 344 1331 LE.
379 1294 448 1331 sed
478 1292 575 1342 quid
605 1306 678 1342 ego
708 1292 772 1330 hic
800 1305 1015 1342 properans
1045 1307 1236 1332 concesso
1264 1293 1444 1344 pedibus,
1476 1292 1608 1343 lingua
1626 1305 1695 1338 290

1438 1358 1576 1408 largior
1591 1360 1608 1396 ?

217 1440 231 1460 2
238 1441 252 1469 5
274 1423 369 1473 quin
390 1437 463 1474 ego
484 1425 586 1461 hanc
608 1422 726 1461 iubeo
748 1430 890 1471 tacere‚
911 1438 1012 1473 quae
1033 1425 1200 1475 loquens
1220 1425 1363 1463 lacerat
1383 1423 1518 1462 diem?

276 1490 336 1526 L1.
367 1490 509 1539 edepol
531 1488 735 1527 hominem
764 1488 766 1539 Ι
794 1488 1003 1537 infelicem,
1029 1490 1095 1540 qui
1116 1498 1323 1541 patronam
1343 1489 1587 1540 comprimat.

275 1567 365 1592 nam
387 1553 418 1591 si
439 1554 534 1603 quid
557 1555 720 1607 sceleste
743 1554 845 1601 fecit,
870 1554 1002 1605 lingua
1023 1569 1093 1605 pro
1114 1555 1181 1594 illo
1201 1555 1371 1605 peiierat.
1600 1542 1602 1545 V

276 1621 345 1656 LE.
369 1619 652 1669 adproperabo,
671 1633 719 1657 ne
736 1626 826 1669 post
843 1626 1000 1670 tempus
1015 1614 1185 1670 piaedae
1201 1619 1438 1670 praesidium
1460 1632 1603 1669 parem.

277 1686 335 1722 L1.
368 1683 468 1734 quae
499 1683 610 1722 illaec
640 1685 786 1734 praeda
817 1686 905 1722 est?
935 1684 1001 1723 ibo
1027 1686 1241 1724 aduorsum
1269 1692 1387 1734 atque
1414 1684 1602 1730 electabo,
1627 1695 1691 1730 295

1319 1748 1515 1799 quidquid
1534 1755 1602 1786 est.

216 1829 259 1860 30
277 1813 395 1853 iubeo
415 1821 453 1853 te
474 1816 623 1853 saluere
645 1828 744 1853 uoce
765 1828 931 1862 summa,
954 1816 1087 1865 quoad
1108 1815 1209 1853 uires
1230 1816 1373 1853 ualent.

277 1881 347 1917 LE.
370 1879 616 1929 gymnasium
631 1879 749 1929 flagri,
766 1881 927 1918 salueto.
967 1881 1027 1918 L1.
1051 1880 1146 1930 quid
1159 1879 1251 1930 agis,
1267 1886 1399 1918 custos
1413 1877 1605 1916 carceris?

276 1946 346 1982 LE.
380 1958 404 1982 ο
424 1952 650 1983 catenarum
673 1947 824 1983 colone.
886 1947 946 1983 L1.
979 1958 1003 1983 o
1023 1944 1219 1994 uirgarum
1240 1942 1409 1982 lasciuia.

277 2009 346 2047 LE.
379 2016 475 2059 quot
496 2011 632 2059 pondo
654 2011 719 2048 ted
747 2023 832 2047 esse
859 2022 996 2047 censes
1023 2010 1205 2048 nudum?
1262 2010 1321 2046 L1.
1354 2021 1435 2046 non
1461 2007 1603 2057 edepol

1508 2085 1599 2110 scio.

277 2141 346 2178 LE.
380 2139 527 2178 scibam
546 2154 618 2190 ego
640 2147 677 2179 te
698 2140 859 2187 nescire,
875 2147 914 2178 at
935 2141 1000 2190 pol
1022 2153 1094 2190 ego
1108 2139 1174 2189 qui
1196 2141 1262 2178 ted
1284 2138 1451 2189 expendi
1469 2138 1573 2176 scio:
1620 2152 1689 2186 300

319 2246 382 2283 278
406 2244 482 2275 huic
497 2255 567 2275 occ.
587 2244 651 2275 cod.
670 2256 676 2274 :
702 2244 773 2275 tmz'.
788 2244 959 2275 Fleckeisen
1049 2246 1113 2275 280
1137 2254 1214 2274 eros
1229 2244 1399 2282 Niemeyer
1484 2244 1547 2282 284
1565 2247 1601 2274 ut

276 2289 318 2319 ad
341 2293 487 2319 aetatem
515 2287 602 2318 codd.
630 2288 735 2318 Nonii
758 2298 797 2326 72
931 2288 997 2318 286
1015 2287 1078 2318 siet
1095 2287 1160 2318 cod.
1286 2288 1349 2317 288
1368 2289 1444 2327 post
1466 2287 1554 2317 lzunc
1570 2297 1598 2318 v.

276 2332 434 2363 lacunam
449 2332 534 2371 sign.
556 2331 661 2368 Goetz,
680 2331 793 2361 Loewe
895 2331 960 2370 289
981 2340 1032 2362 su.
1050 2342 1080 2371 q.
1098 2335 1138 2364 tr,
1157 2330 1244 2362 codd.
1260 2330 1365 2361 Nonii
1377 2340 1441 2370 412
1538 2340 1601 2370 292

275 2373 386 2418 (heu)
402 2374 523 2414 edepol
542 2374 754 2405 Camerarius
