1814 2723
245 68 339 108 11.i
741 67 787 103 T.
823 64 1003 103 MACCI
1036 62 1239 100 PLAVTI

823 303 1060 351 ACTVS
1114 303 1162 348 II

215 441 304 478 II.i
548 441 947 477 MENAECHMVS
978 437 1019 481 II
1134 436 1430 472 MESSENIO

326 525 441 561 MEN.
472 523 667 571 Voluptas
688 521 831 558 nullast
851 517 1005 565 nauitis,
1031 515 1245 562 Messenio,

326 588 449 626 maior
471 601 559 625 meo
580 586 714 624 animo
735 598 854 636 quam
876 597 998 634 quom
1020 582 1066 622 e'x
1085 584 1165 620 alto
1186 582 1322 631 procul

326 661 466 692 terram
488 651 749 702 conspiciunt.
811 652 917 688 MEs.
950 647 1084 693 maior,
1107 661 1188 685 non
1210 646 1340 685 dicam
1361 646 1469 693 dolo,

325 718 436 769 quasi
457 717 675 756 adueniens
696 723 836 754 terram
858 714 994 753 uideas
1016 727 1117 764 quae
1139 711 1253 750 fuerit
1274 719 1351 749 tua.

288 795 305 825 5
327 786 395 822 sed
418 796 597 833 quaesso‚
620 781 880 832 quamobrem
902 792 1008 817 nunc
1031 777 1300 828 Epidamnum
1321 775 1534 814 uenimus?

325 864 375 887 an
397 847 508 899 quasi
530 861 635 885 mare
655 846 784 885 omnis
806 843 1057 884 circumimus
1078 843 1225 881 insulas
1240 844 1257 879 ?

328 917 445 952 ΜΕΝ.
476 914 631 951 fratrem
653 910 875 962 quaesitum
895 909 1097 960 geminum
1118 920 1349 958 germanum
1370 920 1514 944 meum.

331 982 434 1018 MEs.
468 992 559 1016 nam
580 976 677 1027 quid
699 976 807 1015 modi
828 977 1001 1013 futurum
1023 981 1081 1012 est
1101 973 1211 1011 illum
1233 973 1448 1023 quaerere?

330 1045 394 1083 hic
414 1057 541 1082 annus
562 1050 693 1081 sextus
714 1049 771 1080 est
792 1048 1002 1091 postquam
1024 1039 1058 1078 ei
1080 1038 1133 1077 rei
1155 1052 1315 1089 operam
1336 1038 1487 1076 damus.

273 1122 313 1145 10
334 1109 502 1156 Histros,
526 1108 740 1158 Hispanos,
765 1104 1035 1151 Massiliensis,
1059 1104 1248 1150 Hilurios,

332 1188 438 1213 mare
458 1187 643 1224 superum
665 1186 783 1211 omne
805 1170 1091 1221 Graeciamque
1112 1169 1305 1208 exoticam

331 1254 498 1290 orasque
520 1238 677 1277 Italicas
698 1236 838 1283 omnis,
861 1249 939 1286 qua
957 1234 1184 1286 adgreditur
1204 1248 1321 1281 mare,

332 1306 458 1344 sumu’
479 1301 743 1343 circumuecti.
803 1302 834 1339 si
854 1314 981 1347 acum,
1004 1301 1134 1346 credo,
1158 1312 1374 1350 quaereres,

332 1384 447 1409 acum
469 1368 698 1414 inuenisses,
722 1367 776 1406 sei
797 1373 1013 1417 appareret,
1035 1366 1113 1404 iarn
1134 1365 1214 1404 diu.

275 1449 312 1481 15
333 1435 537 1475 hominem
558 1434 657 1472 inter
677 1432 791 1471 uiuos
812 1431 1076 1482 quaeritamus
1098 1438 1295 1469 mortuom
1310 1444 1320 1477 3

332 1515 423 1540 nam
445 1500 733 1539 inuenissemus
754 1497 832 1536 iam
853 1497 936 1545 diu,
957 1497 1012 1536 sei
1033 1496 1195 1535 uiueret.

332 1569 447 1605 ΜΕΝ.
480 1578 571 1615 ergo
591 1564 692 1613 istuc
712 1577 859 1613 quaero
879 1570 1028 1602 certum
1050 1561 1117 1613 qui
1137 1561 1253 1600 faciat
1274 1560 1381 1608 mihi,

333 1631 424 1682 quei
445 1645 530 1670 sese
550 1629 680 1669 deicat
700 1628 797 1667 scire
818 1643 908 1667 eum
930 1642 1015 1667 esse
1036 1618 1257 1667 emortuom
1275 1643 1281 1665 :

334 1710 495 1748 operam
516 1702 715 1746 praeterea
735 1708 953 1744 numquam
975 1707 1128 1732 sumam
1149 1705 1345 1743 quaerere.

275 1776 315 1798 20
335 1776 472 1801 uerum
492 1761 603 1800 aliter
623 1760 737 1799 uiuos
757 1773 975 1810 numquam
997 1759 1184 1798 desistam
1205 1756 1375 1808 exsequi.

335 1842 408 1878 ego
428 1827 538 1866 illum
560 1825 641 1865 scio
662 1839 781 1876 quam
802 1824 911 1864 cordi
932 1824 980 1863 sit
1000 1838 1111 1862 carus
1132 1837 1233 1863 meo.

337 1895 442 1931 MEs.
474 1891 514 1930 in
536 1890 664 1941 scirpo
684 1891 836 1928 nodum
857 1888 1022 1939 quaeris.
1080 1888 1176 1938 quin
1197 1901 1270 1926 nos
1290 1887 1383 1926 hinc
1403 1888 1567 1926 domum

337 1956 509 1996 redimus
530 1955 605 1994 nisi
627 1954 657 1993 si
678 1953 880 1993 historiam
902 1952 1080 2003 scripturi
1101 1953 1266 1991 sumus?

381 2060 446 2090 226
469 2058 594 2089 nullast
608 2057 765 2097 uoluptas
781 2056 814 2087 P
943 2067 1006 2095 227
1031 2055 1149 2096 quom]
1167 2054 1224 2094 qui
1241 2053 1330 2086 codd.
1347 2053 1514 2085 Lactantii
1525 2051 1667 2084 adstat.

343 2103 434 2134 Theb.
447 2113 477 2142 2,
495 2112 573 2142 194:
598 2112 676 2141 qum
690 2101 732 2131 P:
748 2101 831 2140 fort.
850 2110 951 2139 quom
965 2100 974 2130 i
988 2100 1049 2140 (ei)
1200 2099 1309 2137 228-9
1320 2099 1392 2138 fere
1408 2097 1491 2128 nihil
1504 2097 1621 2137 legitur
1634 2096 1667 2126 A

337 2147 402 2178 228
418 2145 632 2186 prospiciunt
643 2143 744 2184 Lact„
760 2143 792 2173 A
807 2154 838 2174 n.
851 2144 873 2174 l.
999 2153 1062 2182 229
1085 2152 1184 2182 quam
1195 2143 1224 2172 si
1235 2141 1275 2182 P,
1293 2141 1382 2172 codd.
1402 2140 1510 2172 LacL:
1534 2151 1600 2179 q-
1611 2139 1646 2169 A
1662 2151 1669 2170 ε

337 2191 365 2221 si
385 2191 464 2230 (om.
484 2189 599 2229 quarn)
616 2187 685 2219 edd.
776 2186 966 2226 conspicias
982 2186 1069 2216 codd.
1082 2185 1171 2216 Lact.
1306 2195 1415 2223 230—9
1425 2184 1552 2225 priores
1561 2187 1672 2224 partes

338 2233 534 2275 legunturA
686 2241 749 2270 234
774 2231 976 2261 velsextust:
1000 2234 1117 2260 sextus
1133 2228 1166 2258 A
1258 2228 1289 2258 ei
1306 2228 1354 2258 rei
1373 2228 1552 2259 Gruterus:
1570 2227 1619 2257 ire
1635 2226 1670 2257 hi

337 2279 376 2317 P,
396 2277 429 2308 A
449 2287 481 2307 n.
500 2276 519 2307 l.
673 2284 740 2314 239
764 2275 829 2304 iarn
843 2273 1054 2316 Gulielmizlts:
1080 2277 1148 2303 tam
1164 2271 1205 2311 P,
1221 2270 1255 2301 A
1274 2282 1306 2302 n.
1323 2271 1347 2301 l.
1509 2281 1571 2309 242
1596 2269 1669 2310 qui]

338 2322 418 2361 quid
439 2321 471 2360 id
494 2321 524 2351 A
543 2319 639 2359 (2pro
655 2318 712 2357 qui
729 2318 778 2349 id)
932 2317 996 2355 246
1011 2316 1060 2347 vel
1073 2315 1174 2346 illunc
1258 2325 1356 2346 carus
1372 2314 1415 2345 sit
1431 2314 1524 2345 cordi
1542 2324 1618 2345 meo
1632 2313 1666 2344 A

338 2373 467 2404 247—55
486 2363 676 2404 posteriores
689 2365 797 2402 partes
812 2361 966 2401 leguntur
988 2358 1012 2388 4

1678 791 1747 826 230

1681 1115 1747 1151 235

1684 1439 1751 1473 240

1685 1768 1750 1805 245
