1742 2718
624 55 979 96 MENAECHMI
1417 52 1469 87 II.
1492 48 1538 85 iii

14 182 34 217 3
40 181 97 217 54-
104 180 120 217 5
301 169 498 208 inlecebra
516 166 686 206 animost
706 164 934 203 amantium.

192 233 341 272 amanti
360 232 578 272 amoenitas
598 232 750 276 malost,
774 228 889 267 nobis
909 230 1065 266 lucrost.
1492 235 1509 266 5

140 300 209 337 sed
240 298 307 337 ubi
337 297 402 336 ille
430 303 488 335 est
517 308 636 345 quem
666 307 817 344 coquos
850 300 942 331 ante
970 291 1079 330 aedis
1113 304 1198 329 esse
1232 289 1316 327 ait?
1353 297 1471 338 atque

1180 368 1318 393 eccum
1339 354 1469 400 uideo,

302 426 369 476 qui
390 425 485 463 mihi
507 432 565 463 est
585 423 673 462 usui
694 431 732 462 et
753 424 978 473 plurumum
1000 422 1170 471 prodest.

248 492 341 531 item
367 491 458 529 hinc
482 492 583 528 ultro
604 491 657 536 fit,
680 496 722 526 ut
751 495 884 534 meret,
908 486 1147 537 potissumus
1178 492 1333 523 nostrae
1361 483 1470 522 domi

1336 556 1379 587 ut
1399 548 1447 587 sit
1462 563 1471 595 ς

53 628 123 673 360
355 635 461 659 nunc
481 633 571 659 eum
591 619 711 658 adibo
731 626 850 668 atque
869 618 970 655 ultro
990 618 1190 666 adloquar.

301 686 474 724 animule
494 684 559 731 mi,
582 683 679 722 mihi
699 683 797 721 mira
815 681 1001 720 uidentur
1493 687 1532 709 10

302 758 340 789 te
361 750 425 788 hic
446 757 545 788 stare
566 748 671 795 foris,
692 749 794 786 fores
815 745 909 796 quoi
930 753 1100 796 pateant,

302 815 415 865 magi'
435 828 554 864 quam
575 815 709 852 'domu'
729 820 797 850 tua
815 812 950 850 domu’
971 824 1093 860 quom
1115 811 1212 848 haec
1233 817 1299 848 tua
1319 808 1377 847 sit.

302 894 422 919 omne
442 885 668 930 paratumst,
691 884 735 916 ut
754 876 898 915 iussisti

53 948 118 992 365
355 952 474 995 atque
494 951 537 982 ut
556 942 727 989 uoluisti,
750 955 880 992 neque
900 940 971 979 tibi

408 1011 487 1047 ulla
506 1015 651 1047 morast
672 1007 787 1045 intus.
1495 1018 1530 1049 15

10 1078 120 1122 367-23
302 1074 522 1126 prandium,
551 1081 594 1112 ut
623 1072 778 1118 iussisti,
801 1071 865 1110 hic
894 1078 1132 1109 curatumst:
1172 1071 1239 1109 ubi
1269 1071 1387 1116 lubet,
1420 1068 1473 1107 ire

1123 1135 1214 1175 licet
1233 1134 1471 1174 accubitum.

141 1209 256 1245 ΜΕΝ.
289 1205 450 1256 quicum
471 1206 569 1243 haec
585 1203 723 1242 mulier
742 1202 944 1253 loquitur?
1016 1204 1091 1239 ER.
1123 1200 1307 1251 equidem
1329 1207 1471 1237 tecum.

960 1268 1076 1304 ΜΕΝ.
1108 1265 1205 1316 quid
1225 1278 1381 1303 mecum
1402 1263 1473 1302 tibi

53 1349 123 1387 370
141 1336 212 1375 fuit
232 1349 422 1386 umquam
449 1341 516 1373 aut
545 1347 652 1373 nunc
676 1340 734 1372 est
761 1331 923 1383 negoti?
980 1333 1056 1370 ER.
1087 1330 1180 1381 quia
1199 1331 1265 1380 pol
1292 1336 1329 1367 te
1349 1342 1472 1366 unum

1221 1409 1268 1433 ex
1287 1393 1473 1433 omnibus

141 1468 268 1505 Venu’
289 1480 352 1506 me
372 1465 498 1505 uoluit
518 1465 782 1515 magnuficare
802 1476 933 1514 neque
952 1462 994 1502 id
1014 1462 1122 1500 haud
1141 1459 1324 1500 inmerito
1343 1466 1422 1498 tuo.

141 1546 233 1570 nam
253 1539 406 1570 ecastor
425 1532 532 1569 solus
551 1528 770 1568 benefactis
789 1528 866 1566 tuis
887 1541 950 1566 me
971 1528 1177 1565 florentem
1198 1524 1322 1563 facis.⁵
1493 1532 1535 1554 20

143 1599 258 1635 ΜΕΝ.
287 1603 394 1635 certo
414 1597 512 1634 haec
533 1594 671 1633 mulier
689 1600 757 1632 aut
775 1593 914 1632 insana
932 1599 1000 1630 aut
1020 1590 1127 1630 ebria
1142 1597 1210 1636 est,
1230 1588 1444 1635 Messenio,

142 1661 243 1712 quae'
263 1660 467 1700 hominem
487 1659 667 1710 ignotum
687 1659 899 1708 compellet
919 1670 982 1695 me
1003 1663 1083 1694 tam
1104 1653 1352 1694 familiariter.

56 1734 120 1771 375
143 1730 248 1766 MEs.
280 1726 389 1766 dixin
410 1739 483 1776 ego
503 1725 623 1763 istaec
642 1723 732 1763 heic
752 1724 877 1762 solere
897 1721 1009 1761 fieri?
1038 1720 1132 1760 folia
1151 1733 1258 1758 nunc
1276 1720 1436 1766 cadunt,

141 1799 278 1843 praeut
297 1791 330 1830 si
349 1792 520 1830 triduom
542 1791 619 1828 hoc
639 1788 704 1828 hic
724 1788 869 1827 erimus
885 1803 893 1827 :
923 1795 1008 1826 tum
1024 1787 1182 1825 arbores
1201 1784 1242 1823 in
1262 1792 1301 1823 te
1316 1786 1470 1824 cadent.

142 1871 234 1896 nam
253 1856 307 1896 ita
326 1863 417 1895 sunt
437 1855 502 1894 hic
522 1853 745 1894 meretrices
762 1869 770 1892 ε
798 1866 938 1892 omnes
958 1852 1161 1891 elecebrae
1180 1850 1430 1901 argentariae.
1495 1860 1532 1893 25

184 1954 248 1985 355
271 1948 442 1975 amantum
466 1943 538 1974 PCD
670 1952 733 1983 357
758 1943 852 1974 aedis
875 1952 912 1972 se
937 1941 984 1972 ait
1007 1951 1045 1971 se
1069 1939 1109 1978 P,
1135 1938 1168 1968 A
1195 1949 1226 1969 n.
1251 1938 1273 1970 l.
1297 1939 1388 1978 (corr.
1407 1937 1472 1978 32)

141 1990 274 2029 358-60
278 1988 350 2028 sere
358 1988 442 2018 nihil
448 1987 606 2028 legiturA
691 1987 757 2026 358
774 1990 915 2027 propest
927 1985 968 2024 P,
984 1985 1017 2015 A
1031 1995 1064 2015 n.
1079 1984 1099 2014 l.
1116 1983 1210 2023 (corr.
1221 1981 1284 2022 B2)
1301 1982 1344 2022 <P
1352 1987 1416 2023 pro
1429 1981 1473 2023 D)

141 2043 207 2073 359
230 2032 286 2062 hic
301 2031 389 2063 codd.
407 2031 511 2062 Nonii
517 2033 582 2070 468
665 2031 878 2070 potissimum
894 2028 928 2059 Β
994 2028 1044 2059 vel
1058 2027 1106 2058 uti
1216 2027 1282 2065 360
1305 2036 1367 2065 que
1389 2026 1474 2067 ultro

142 2075 378 2115 (adloqu)arA
396 2079 435 2106 ut
447 2075 511 2107 vid.
533 2076 569 2113 (i.
582 2086 606 2107 e.
622 2079 723 2114 atque
737 2074 825 2105 ultro
839 2072 1032 2112 adloquar):
1050 2071 1213 2110 adloquar
1229 2070 1306 2100 ultri
1316 2070 1395 2110 '(-x·o
1407 2068 1474 2108 32)

142 2119 176 2149 P
188 2119 318 2160 (anap.‚
337 2129 413 2150 cum
429 2119 607 2159 adloquar)
697 2119 804 2157 361—3
825 2117 1011 2158 posteriores
1028 2125 1183 2146 versuum
1195 2117 1307 2154 partes
1321 2113 1478 2153 leguntur

141 2163 176 2193 in
186 2163 219 2193 A
298 2163 358 2201 361
378 2164 439 2204 mi]
455 2163 522 2193 mei
534 2162 599 2194 cod.
696 2162 762 2200 363
778 2161 831 2192 vel
839 2171 937 2200 mage
984 2159 1100 2200 quom]
1113 2169 1212 2199 quam
1225 2157 1260 2187 P
1345 2157 1474 2195 364—72

135 2206 203 2245 sbre
217 2205 301 2236 nihil
314 2206 431 2247 legitur
443 2206 476 2236 A
611 2206 675 2244 364
698 2205 732 2235 in
751 2204 784 2234 A
802 2206 962 2245 apparent
976 2221 1015 2224 —
1029 2214 1048 2242 o
1060 2220 1101 2225 —-
1113 2213 1170 2240 ro;
1198 2212 1264 2232 non
1286 2200 1371 2231 idem
1388 2198 1479 2239 quod

142 2250 177 2280 in
187 2248 222 2279 P
227 2250 383 2290 scriptum
398 2252 445 2280 est
533 2249 718 2290 parasitust
729 2247 794 2279 cod.
810 2248 981 2288 (paratust
991 2245 1057 2287 13²)
1209 2246 1275 2284 366
1298 2244 1391 2275 tibist
1407 2242 1474 2273 ulla

143 2302 237 2325 mora
252 2292 317 2324 cod.
340 2294 392 2333 (cf
413 2293 462 2325 ad
474 2293 569 2324 Marc.
589 2294 668 2333 330)
781 2293 843 2331 367
868 2290 916 2322 vel
930 2290 969 2320 ir⁷
990 2288 1175 2330 (septenar.)
1288 2298 1353 2328 370
1375 2286 1476 2326 quiB

142 2346 206 2377 372
224 2337 325 2368 facias
335 2336 369 2367 P
497 2345 649 2377 374-445
665 2335 791 2366 deestA
926 2341 990 2372 375
1007 2331 1107 2363 fortia
1121 2332 1186 2364 cod.
1201 2331 1295 2374 (corr.
1309 2330 1375 2372 B2)
