1814 2723
188 65 241 102 ΙΙ.
262 65 291 101 ii
684 64 729 100 T.
764 62 944 101 MACCI
977 62 1179 99 PLAVTI

264 172 413 212 nemini
433 173 552 211 credo
573 170 640 222 qui
660 173 764 221 large
784 171 972 209 blandust
992 169 1104 208 diues
1123 168 1284 220 pauperi
1301 184 1308 207 :

205 253 245 274 20
265 237 332 275 ubi
353 251 515 276 manum
535 236 645 275 inicit
666 235 846 285 benigne,
871 234 925 273 ibi
946 241 1081 273 onerat
1101 234 1272 284 aliquam
1295 232 1469 272 zamiam.

264 316 337 352 ego
358 302 452 341 istos
473 302 568 341 noui
589 303 754 352 polypos
776 300 843 350 qui
864 299 933 338 ubi
954 299 1144 350 quicquid
1165 299 1375 349 tetigerunt
1395 305 1543 338 tenent.

265 370 349 406 ΜΕ.
381 370 432 407 da
459 368 513 406 mi
534 381 693 418 operam
720 379 940 417 parumper,
964 365 996 404 si
1023 373 1212 416 operaest,
1241 364 1391 412 Euclio,
1420 364 1462 403 id
1488 365 1597 415 quod

1445 436 1484 467 te
1503 430 1597 467 uolo

264 501 314 538 de
335 497 537 537 communi
558 511 598 536 re
617 497 814 547 appellare
835 497 923 535 me'a
943 503 981 534 et
1001 503 1077 534 tua.
1139 497 1235 533 EVC.
1268 494 1303 533 ei
1324 493 1466 532 misero
1487 492 1595 540 mihi,
1616 507 1685 532 200

264 577 402 602 aurum
419 563 471 601 mi
486 562 590 600 intus
603 563 860 611 harpagatum
876 568 945 599 est.
991 573 1097 598 nunc
1110 559 1174 597 hic
1188 573 1274 598 earn
1291 572 1372 597 rem
1389 559 1484 604 uolt,
1502 557 1595 604 scio,

207 645 244 676 25
266 643 423 667 mecum
443 628 551 667 adire
571 629 622 666 ad
643 627 880 677 pactionem.
940 640 1078 665 uerum
1098 625 1325 664 interuisam
1346 625 1523 662 domum.

268 697 350 732 ΜΕ.
385 695 464 744 quo
494 693 612 732 abis?
671 695 768 731 Evc.
802 693 880 731 iam
908 699 1082 731 reuortar
1109 692 1161 729 ad
1191 698 1252 729 te:
1288 704 1378 728 nam
1403 696 1463 728 est
1489 690 1599 739 quod

1174 756 1341 794 inuisam
1363 756 1594 793 domum—

267 828 350 864 ΜΕ.
383 827 502 864 credo
522 826 676 875 edepol,
699 823 768 862 ubi
789 823 1034 862 mentionem
1055 835 1128 872 ego
1148 823 1278 859 fecero
1298 821 1348 858 de
1369 820 1456 867 filia,

267 891 321 929 mi
342 899 383 929 ut
403 891 664 941 despondeat,
685 902 770 927 sese
790 902 814 927 a
833 902 897 927 me
917 886 1086 926 derideri
1106 886 1252 924 rebitur
1266 900 1276 933 3
1618 895 1683 933 205

268 969 398 1005 neque
418 955 485 994 illo
505 954 715 1005 quisquam
737 961 795 992 est
815 955 911 992 alter
930 951 1051 991 hodie
1071 965 1118 990 ex
1132 957 1361 1001 paupertate
1381 948 1542 1000 parcior.

207 1038 250 1069 30
271 1023 368 1060 Evc.
400 1020 441 1060 di
479 1034 543 1060 me
581 1027 749 1066 seruant,
790 1020 899 1057 salua
931 1031 991 1056 res
1025 1024 1093 1056 est.
1152 1017 1305 1055 saluom
1343 1022 1402 1053 est
1439 1013 1471 1052 si
1504 1012 1600 1063 quid

1379 1092 1459 1117 non
1488 1077 1598 1129 perit.

267 1153 374 1191 nimi'
396 1153 497 1190 male
518 1149 642 1189 timui.
703 1148 801 1200 priu'
821 1161 942 1199 quarn
962 1147 1065 1185 intro
1086 1145 1196 1193 redii,
1218 1143 1462 1184 exanimatus
1482 1142 1548 1181 fui.

267 1219 386 1256 redeo
406 1218 457 1256 ad
478 1224 527 1264 te,
547 1216 774 1265 Megadore,
793 1213 825 1252 si
846 1213 942 1263 quid
964 1226 1026 1251 me
1042 1211 1112 1250 uis.
1163 1212 1247 1249 ME.
1279 1209 1409 1247 habeo
1424 1207 1598 1259 gratiam.

267 1295 426 1333 quaeso,
450 1282 559 1332 quod
579 1288 619 1319 te
638 1279 912 1330 percontabor,
935 1292 985 1316 ne
1006 1277 1046 1316 id
1067 1284 1105 1315 te
1125 1276 1256 1327 pigeat
1275 1273 1467 1325 proloqui.
1620 1283 1688 1309 210

270 1350 366 1386 Evc.
399 1348 495 1387 dum
525 1346 688 1398 quidem
722 1344 772 1384 ne
806 1344 903 1395 quid
937 1341 1177 1394 perconteris
1211 1341 1321 1391 quod
1353 1353 1435 1378 non
1468 1339 1602 1377 lubeat

1406 1402 1599 1455 proloqui.

209 1489 248 1521 35
270 1480 354 1516 ΜΕ.
387 1477 452 1517 dic
472 1476 579 1525 mihi,
603 1475 708 1527 quali
729 1489 793 1514 me
812 1474 998 1513 arbitrare
1017 1486 1160 1524 genere
1180 1471 1445 1522 prognatum?
1502 1470 1599 1507 Evc.

1481 1534 1599 1572 bono.

272 1610 355 1647 ΜΕ.
379 1608 475 1659 quid
491 1603 613 1646 fide?
647 1608 745 1645 Evc.
769 1606 885 1644 bona.
938 1606 1021 1642 ΜΕ.
1045 1603 1142 1654 quid
1159 1601 1300 1641 factis?
1348 1603 1445 1639 Evc.
1472 1612 1603 1649 neque

1126 1667 1239 1706 malis
1260 1680 1389 1716 neque
1410 1663 1598 1715 inprobis.

272 1740 353 1777 ΜΕ.
385 1746 555 1777 aetatem
576 1750 706 1776 meam
727 1736 831 1775 scis?
884 1738 981 1774 Evc.
1014 1734 1097 1773 scio
1117 1747 1202 1772 esse
1221 1732 1421 1783 grandem,
1445 1730 1537 1768 item
1560 1736 1602 1767 ut

1379 1808 1598 1846 pecuniam.

271 1872 354 1907 ΜΕ.
387 1876 490 1907 certe
507 1869 649 1917 edepol
670 1866 857 1916 equidem
878 1873 916 1904 te
937 1865 1066 1903 ciuem
1087 1863 1171 1902 sine
1191 1863 1295 1901 mala
1315 1860 1423 1900 omni
1444 1859 1593 1898 malitia
1622 1868 1687 1905 215

270 1948 424 1984 semper
444 1946 531 1971 sum
555 1932 762 1971 arbitratus
789 1939 828 1970 et
848 1943 955 1969 nunc
980 1929 1154 1968 arbitror.
1216 1929 1313 1966 Evc.
1345 1938 1483 1964 aurum
1510 1923 1603 1962 huic

1509 1991 1598 2029 olet.

318 2115 377 2144 197
402 2104 512 2142 aliqua
528 2103 635 2133 zamia
651 2101 721 2133 edd.
750 2100 824 2141 <sed
845 2100 883 2140 cf.
906 2100 1031 2138 Jonrn.
1052 2097 1138 2129 Pln'l.
1158 2098 1211 2137 26,
1231 2096 1311 2136 294)
1460 2095 1521 2133 198
1545 2094 1601 2124 ubi

271 2148 474 2179 Hermolaus
491 2159 498 2178 z
521 2147 589 2176 uibi
607 2145 672 2177 cod.
692 2145 777 2186 (nibi
795 2144 863 2185 PE)
964 2153 1025 2183 199
1049 2143 1077 2172 si
1095 2145 1262 2181 operaest,
1283 2140 1335 2177 E„
1353 2137 1385 2168 id
1399 2137 1487 2169 codd.
1504 2137 1607 2168 Nonii

272 2203 336 2232 529
363 2194 401 2222 (s.
417 2202 450 2222 v.
467 2190 586 2230 opera)
606 2202 613 2220 ε
637 2189 764 2228 paucis,
779 2188 827 2227 E,
845 2192 896 2218 est
913 2187 977 2218 cod.
1070 2194 1134 2223 203
1158 2184 1258 2214 {bitis
1273 2181 1339 2212 Leo
1412 2181 1476 2212 iam
1493 2180 1603 2223 (ego)

270 2234 411 2265 Mueller
497 2234 537 2264 ad
555 2238 588 2263 te
606 2244 676 2264 reu.
694 2232 759 2263 cod.
779 2243 786 2262 ε
811 2231 918 2262 traieci
933 2231 982 2270 (ii.
1008 2229 1040 2270 ι)
1130 2237 1221 2258 nunc
1238 2230 1290 2256 est
1303 2224 1368 2255 Leo
1458 2225 1602 2255 inuisam

273 2279 398 2309 Rilsclzl
411 2290 418 2309 z
442 2278 547 2308 uisam
564 2277 629 2306 cod.
765 2285 826 2313 207
852 2275 984 2305 saluare
1001 2277 1053 2308 est
1070 2270 1133 2303 cod.
1269 2279 1329 2300 211
1357 2279 1426 2299 non
1446 2268 1581 2299 Gm'etus
1596 2278 1603 2297 ε

273 2323 353 2354 mihi
372 2332 438 2352 non
456 2320 521 2351 cod.
543 2320 600 2360 (ἰν.
623 2320 658 2359 2)
675 2331 681 2351 z
709 2320 752 2349 mi
771 2318 860 2348 haud
873 2316 1011 2357 Seyffi’rt
