1814 2723
234 52 322 88 lI.i
724 56 770 91 T.
805 55 985 94 MACCI
1019 56 1221 92 PLAVTI

309 163 382 199 AL.
415 162 507 212 quia
527 163 630 201 uiuo.
691 164 783 200 SER.
817 163 929 201 facile
949 163 989 203 id
1010 163 1170 213 quidem
1193 165 1335 215 edepol
1355 178 1528 215 possum,
1546 165 1577 204 si
1598 173 1639 204 tu

1300 231 1370 269 uis.
1429 234 1501 270 AL.
1533 234 1636 271 uolo.

310 295 403 331 SER.
436 301 473 332 at
495 294 600 332 enim
621 308 671 332 ne
692 302 732 332 tu
753 308 926 345 exponas
948 308 1101 346 pugnos
1122 302 1211 334 tuos
1232 295 1271 333 in
1292 295 1458 345 imperio
1479 310 1578 335 meo.

310 360 382 396 AL.
407 372 623 409 numquam
640 360 782 409 edepol
800 359 950 398 faciam.
1011 361 1104 398 SER.
1134 361 1254 398 fidem
1271 361 1331 398 da.
1382 362 1454 399 AL.
1477 362 1540 407 do,
1560 375 1640 400 non

1245 426 1438 464 facturum
1459 439 1544 465 esse
1565 440 1637 465 me.

311 490 381 527 sed
402 503 475 538 ego
496 488 676 538 primum,
701 496 757 527 tot
778 489 845 539 qui
866 490 917 527 ab
936 489 1064 528 amica
1083 490 1221 529 abesse
1242 490 1436 540 potuerim
1458 491 1552 538 dies,

311 568 397 592 sum
419 554 539 591 nihili.
601 556 694 592 SER.
728 554 838 591 nihili
860 556 990 592 hercle
1011 569 1105 593 uero
1126 569 1177 594 es.
1237 557 1310 593 AL.
1364 568 1381 589 >⁸<
1422 556 1583 606 perdite,

309 632 410 668 quae
432 632 494 656 me
514 626 661 656 amaret
682 626 828 656 contra.
889 620 982 657 SER.
1015 619 1156 669 dignus
1177 621 1307 658 hercle
1329 634 1370 658 es
1390 620 1614 659 infortunio.

310 685 381 721 AL.
415 683 449 722 ei
471 697 533 721 me
548 682 624 735 <tot
640 682 739 735 tarn>
752 684 894 722 acerba
914 685 1041 722 facere
1057 683 1096 722 in
1118 686 1237 723 corde
1255 688 1260 723 !
1294 686 1387 724 SER.
1410 685 1509 736 frugi
1530 699 1640 724 num-

1413 764 1530 800 quam
1552 751 1635 789 eris.

309 816 382 853 AL.
414 813 640 864 praesertim
662 827 762 864 quae
783 814 1025 853 coniurasset
1047 828 1203 853 mecum
1224 823 1262 854 et
1284 817 1474 853 firmasset
1494 817 1625 862 fidem,

310 882 403 917 SER.
436 893 565 930 neque
599 881 696 918 deos
730 893 860 930 neque
895 879 1076 918 homines
1110 894 1280 930 aequom
1315 888 1373 919 est
1407 882 1534 919 facere
1568 881 1639 919 tibi

1339 947 1503 996 posthac
1524 945 1636 984 bene.

311 1013 383 1049 AL.
416 1025 515 1061 quae
537 1018 638 1050 esset
657 1017 826 1049 aetatem
847 1017 1028 1049 exactura
1049 1023 1204 1048 mecum
1225 1010 1265 1048 in
1286 1010 1547 1057 matrimonio,

313 1080 405 1115 SER.
429 1076 633 1127 compedis
650 1084 686 1115 te
708 1090 846 1127 capere
867 1083 1020 1127 oportet
1041 1090 1171 1126 neque
1187 1089 1252 1114 eas
1269 1090 1457 1126 umquam
1478 1090 1635 1126 ponere.

313 1144 384 1179 AL.
417 1155 518 1191 quae
539 1141 634 1179 mihi
655 1148 757 1180 esset
777 1142 1057 1180 commendata
1076 1148 1114 1179 et
1135 1154 1246 1179 meae
1266 1141 1344 1178 fide
1365 1141 1601 1188 concredita,

313 1209 406 1245 SER.
438 1208 568 1245 hercle
589 1214 626 1245 te
647 1206 874 1245 uerberibus
896 1208 1062 1244 multum
1084 1205 1195 1244 caedi
1217 1214 1396 1255 oportere
1415 1206 1588 1245 arbitror.

313 1274 385 1310 AL.
418 1286 518 1322 quae
539 1271 740 1310 mellillam
761 1286 824 1310 me
845 1285 987 1310 uocare
1009 1278 1046 1309 et
1068 1270 1248 1309 suauium
1270 1271 1420 1309 solitast
1441 1285 1565 1310 suom.

312 1339 406 1375 SER.
430 1338 482 1375 ob
498 1337 597 1375 istuc
614 1350 737 1375 unum
754 1337 921 1375 uerbum
935 1336 1089 1386 dignu's
1103 1336 1263 1374 deciens
1280 1336 1346 1386 qui
1364 1337 1511 1375 furcam
1528 1338 1637 1375 feras.

312 1404 384 1440 AL.
417 1410 572 1452 egomet
601 1404 732 1441 laetor.
793 1403 862 1440 sed
889 1401 986 1452 quid
1012 1408 1149 1440 auctor
1175 1415 1281 1440 nunc
1302 1401 1397 1439 mihi
1418 1404 1489 1440 es?
1544 1404 1637 1441 SER.

1395 1466 1525 1505 dicam
1545 1467 1616 1506 tibi
1632 1483 1639 1506 :

312 1533 548 1584 supplicium
570 1533 623 1571 illi
644 1535 725 1581 des,
748 1533 966 1583 suspendas
987 1540 1035 1579 te,
1059 1546 1109 1571 ne
1129 1531 1200 1571 tibi
1221 1539 1456 1571 suscenseat.
1610 1538 1612 1541 ’

313 1601 384 1637 AL.
417 1598 536 1649 quian
601 1602 608 1608 ”
648 1613 665 1633 2¹<
780 1614 796 1633 ss
913 1614 930 1633 :iz
1046 1612 1065 1631 κ
1178 1612 1194 1632 ss
1311 1612 1328 1632 »ιε
1442 1611 1459 1631 ss

311 1666 405 1703 SER.
438 1664 534 1714 quid
554 1672 596 1703 tu
617 1678 708 1715 ergo
727 1663 930 1717 (timebas)
949 1666 1071 1703 nam?
1151 1677 1168 1695 ³2
1284 1676 1300 1695 ss
1323 1670 1361 1701 te
1382 1663 1566 1701 manuleo

314 1747 332 1763 τ-
377 1743 425 1768 ue
444 1728 588 1781 (amica
607 1743 656 1768 ne
677 1737 715 1768 te
735 1729 853 1781 calet>
888 1745 905 1765 ss
1021 1744 1038 1764 2⁴<
1153 1742 1169 1761 ss
1285 1742 1301 1760 νή
1416 1740 1433 1761 2¹<

782 1810 800 1830 ,51
969 1808 986 1827 >k
1155 1808 1173 1828 >k

358 1905 420 1934 235
446 1905 558 1934 pugno
575 1905 614 1925 os
630 1899 743 1926 metuo
762 1895 827 1925 Leo
973 1905 1034 1934 237
1062 1898 1112 1925 tot
1130 1892 1215 1924 Leo:
1244 1902 1282 1931 eo
1312 1895 1460 1931 sequente
1485 1895 1644 1932 personae

313 1939 415 1979 spatio
432 1938 495 1969 cod.
512 1942 547 1968 ut
556 1939 618 1969 vid.
693 1939 858 1978 potuerim
879 1938 961 1969 Leo:
990 1939 1126 1980 au.irem
1139 1936 1172 1966 A
1276 1946 1325 1973 eo,
1346 1935 1425 1975 quia
1440 1935 1482 1965 ab
1496 1934 1638 1975 Seyffert,

314 1983 473 2013 auderem
491 1980 596 2024 (sex)
615 1983 687 2013 dies
705 1982 831 2013 Schoell
955 1984 1019 2021 238
1038 1979 1386 2025 (cufidoroiaroperite
1406 1979 1469 2010 cod.
1489 1990 1494 2008 :
1520 1977 1642 2021 <quam

315 2042 381 2070 ego
397 2031 568 2074 amarem)
586 2033 716 2071 perdite
735 2032 801 2063 Leo
872 2042 936 2070 239
961 2031 1053 2062 ercle
1070 2029 1160 2061 ercle
1177 2040 1214 2059 es
1230 2029 1295 2059 cod.
1378 2039 1441 2065 240
1465 2028 1494 2067 ei
1513 2039 1565 2059 me
1583 2053 1588 2058 .

315 2101 322 2107 .
339 2099 348 2107 .
369 2100 376 2107 .
393 2076 509 2116 acerba
532 2075 598 2106 cod.
617 2087 623 2106 z
658 2076 791 2106 restituit
814 2074 880 2105 Leo
979 2078 1057 2115 post
1078 2083 1207 2105 versum
1231 2083 1294 2110 242
1319 2072 1517 2112 anticipatur
1530 2082 1558 2101 v.
1578 2081 1641 2110 245

314 2130 375 2149 suo
400 2119 462 2150 Ioco
489 2119 612 2149 rediens
642 2120 688 2153 (ii.
705 2121 739 2160 6)
876 2129 938 2157 243
962 2128 1095 2149 mecum
1115 2120 1275 2147 exactura
1293 2125 1425 2146 mecum
1441 2114 1506 2145 cod.
1530 2115 1585 2153 (iv.
1605 2116 1640 2154 3)

316 2174 379 2202 244
404 2163 591 2203 compeceis
612 2162 677 2192 cod.
822 2171 885 2201 245
909 2173 1017 2193 meam
1037 2163 1061 2202 (2
1070 2166 1132 2201 pro
1148 2169 1256 2190 meam
1273 2159 1321 2200 in)
1335 2159 1434 2190 fidem
1457 2159 1642 2189 concrediti

316 2207 350 2237 in
372 2217 401 2237 v.
422 2207 594 2247 anticipato
611 2206 676 2237 cod.
835 2216 899 2244 249
930 2205 1038 2236 laetor
1059 2207 1243 2244 suspectum
1407 2211 1470 2241 252
1501 2203 1581 2241 quid
1605 2206 1641 2232 tu

259 2245 267 2255 Χ
317 2260 397 2289 ergo
412 2255 620 2280 -name-te
635 2249 790 2280 manuleo
803 2249 869 2280 cod.
888 2260 895 2279 ε
920 2250 999 2288 quid
1013 2250 1023 2280 2
1048 2253 1082 2279 tu
1099 2247 1240 2278 amicam
1254 2246 1363 2285 times,
1380 2256 1423 2276 ne
1439 2250 1474 2276 te
1487 2245 1642 2276 manuleo

318 2295 426 2325 eaiet?
442 2293 636 2334 Fulgentius
655 2293 767 2333 Virgil.
785 2293 915 2333 contin„
935 2292 983 2324 ad
990 2291 1082 2322 (Aen.
1104 2302 1121 2330 7
1147 2291 1192 2321 in.
1326 2299 1454 2329 253-72
1479 2289 1562 2320 nihil
1580 2288 1646 2319 nisi

318 2337 449 2378 vestigia
466 2337 646 2367 litterarum
664 2340 799 2376 apparet
815 2337 849 2366 z'n
865 2336 932 2367 cod.
948 2347 954 2368 :
975 2339 1050 2377 post
1064 2346 1093 2367 v.
1115 2335 1188 2374 266,
1210 2333 1367 2364 ullimum
1389 2333 1490 2364 huius
1510 2342 1642 2363 scaenae

319 2392 458 2419 versum,
478 2380 543 2411 duo
549 2381 636 2419 foliot
654 2381 780 2411 amissa
795 2384 875 2410 sunt

1660 306 1725 341 235

1659 1157 1723 1192 245
