1814 2723
250 50 302 86 11.
327 49 372 84 iii
752 47 798 84 T.
833 46 1013 84 MACCI
1046 45 1249 82 PLAVTI

267 163 308 204 65
331 173 378 197 ea
397 171 535 197 caussa
556 157 742 208 equidem
760 156 866 195 illam
883 155 960 194 emi
981 157 1090 194 dono
1107 169 1226 205 quarn
1243 156 1376 194 darem
1400 154 1512 193 matri
1533 168 1654 194 meae.
1677 171 1746 205 400

331 225 407 262 DE.
431 238 480 262 ne
500 225 599 262 duas
620 237 697 262 neu
718 230 756 261 te
776 221 982 261 aduexisse
1001 220 1155 260 dixeris.
1210 222 1287 260 CH.
1310 220 1350 259 di
1371 234 1435 258 me
1454 220 1655 259 adiuuant.
1677 233 1792 267 401—2

329 290 405 327 DE.
438 289 633 327 labefacto
654 287 870 338 paullatim.
929 300 1067 324 uerum
1088 287 1197 336 quod
1221 285 1400 336 praeterii
1420 285 1561 333 dicere,

326 367 456 404 neque
477 354 541 392 illa
562 360 725 391 matrem
748 352 840 390 satis
860 353 1027 390 honeste
1048 359 1156 389 tuam
1177 350 1288 400 sequi
1309 349 1451 400 poterit
1470 363 1604 388 comes

327 433 457 469 neque
478 418 615 457 sinam.
667 419 747 457 CH.
778 416 845 467 qui
867 418 990 455 uero?
1050 418 1125 454 DE.
1150 415 1243 466 quia
1263 414 1328 452 illa
1348 416 1472 453 forma
1493 421 1658 452 matrem
1678 424 1743 460 405
1795 442 1797 444 -

1494 478 1660 517 familias

266 563 306 597 70
326 548 517 598 flagitium
540 547 587 586 sit
609 547 663 586 sei
686 554 872 597 sequatur
889 560 899 594 3
928 547 1091 596 quando
1119 544 1277 584 incedat
1300 559 1368 595 per
1388 543 1482 591 uias,

326 615 609 663 contemplent,
633 611 879 663 conspiciant
900 625 1053 659 omnes,
1075 617 1225 657 nutent,
1249 610 1411 656 nictent,
1434 608 1606 656 sibilent,

326 678 522 725 uellicent‚
547 685 702 724 uocent,
727 676 883 715 molesti
904 676 980 715 sint
999 691 1009 724 3
1037 683 1249 715 occentent
1271 674 1415 713 ostium
1435 690 1442 713 :

326 743 562 794 impleantur
583 744 807 792 elegeorum
828 755 940 781 meae
960 743 1063 780 fores
1083 740 1332 780 carbonibus.

326 816 456 859 atque,
480 816 521 846 ut
542 822 648 846 nunc
669 815 760 846 sunt
781 806 1062 845 maledicentes
1083 805 1275 851 homines,
1299 804 1408 843 uxori
1430 818 1540 843 meae
1678 815 1749 848 410

269 887 306 921 75
328 873 504 924 mihique
525 872 726 911 obiectent
747 871 989 910 lenocinium
1011 873 1147 909 facere.
1195 884 1286 908 nam
1308 869 1404 919 quid
1426 877 1510 908 eost
1530 870 1660 919 opus?

329 942 406 980 CH.
439 940 569 977 hercle
590 938 658 988 qui
679 946 721 976 tu
742 945 846 976 recte
867 936 965 976 dicis
986 944 1024 975 et
1045 936 1116 975 tibi
1142 935 1147 987 1
1173 935 1383 974 adsentior.

329 1005 398 1043 sed
419 1003 516 1054 quid
537 1003 602 1041 illa
622 1017 728 1041 nunc
745 1004 844 1041 fiet?
902 1004 978 1040 DE.
1011 1009 1126 1040 recte.
1187 1015 1260 1051 ego
1282 1014 1415 1039 emero
1436 997 1550 1038 matri
1570 1006 1659 1037 tuae

330 1068 513 1108 ancillam
534 1068 750 1119 uiraginem
775 1067 949 1118 aliquam
969 1080 1050 1105 non
1073 1068 1228 1113 malam,
1251 1068 1377 1104 forma
1396 1067 1509 1112 mala,

331 1142 374 1173 ut
394 1141 559 1173 matrem
579 1134 748 1172 addecet
769 1132 946 1179 familias,
969 1139 1035 1170 aut
1057 1133 1193 1181 Syram
1213 1138 1280 1169 aut
1302 1129 1559 1181 Aegyptiam:
1679 1142 1746 1179 415

270 1209 310 1239 80
331 1214 377 1238 ea
398 1200 530 1246 molet,
553 1205 709 1248 coquet,
732 1197 916 1237 conficiet
936 1211 1118 1248 pensum,
1139 1196 1315 1247 pinsetur
1337 1197 1468 1246 flagro,

331 1279 461 1315 neque
482 1272 641 1315 propter
661 1278 748 1302 eam
770 1263 983 1315 quicquam
1005 1262 1161 1302 eueniet
1182 1261 1325 1300 nostris
1346 1261 1494 1300 foribus
1515 1259 1645 1311 flagiti.

332 1332 409 1370 CH.
442 1329 538 1380 quid
574 1329 605 1367 si
645 1329 760 1380 igitur
800 1330 985 1368 reddatur
1025 1327 1080 1366 illi
1123 1328 1230 1366 unde
1267 1334 1401 1377 empta
1438 1327 1525 1364 est?
1583 1327 1659 1363 DE.

1287 1391 1449 1430 minime
1471 1390 1660 1441 gentium.

332 1462 410 1501 CH.
442 1460 539 1500 dixit
574 1474 615 1498 se
649 1459 856 1498 redhibere
894 1458 926 1497 si
965 1472 1045 1497 non
1086 1459 1249 1508 placeat.
1323 1459 1399 1495 DE.
1432 1455 1529 1494 nihil
1563 1455 1663 1494 istoc

1519 1528 1636 1572 opust
1655 1536 1662 1559 ;

332 1589 470 1641 litigari
492 1591 586 1629 nolo
606 1603 680 1640 ego
701 1603 879 1640 usquam,
902 1596 1010 1627 tuam
1030 1595 1163 1627 autem
1184 1587 1358 1627 accusari
1379 1588 1499 1626 fidem
1518 1601 1529 1634 3
1680 1597 1750 1630 420

271 1662 311 1702 85
333 1657 459 1693 multo
479 1656 634 1704 edepol,
658 1654 689 1692 si
710 1653 806 1704 quid
828 1653 1101 1700 faciendumst,
1127 1654 1254 1691 facere
1275 1651 1410 1691 damni
1431 1653 1591 1690 mauolo

331 1734 452 1771 quarn
470 1719 847 1770 opprobramentum
868 1726 936 1757 aut
956 1718 1148 1770 flagitium
1169 1717 1360 1756 muliebre
1376 1716 1511 1756 ecferri
1527 1717 1659 1755 domo.

332 1800 395 1824 me
416 1784 487 1823 tibi
508 1784 615 1823 illam
635 1798 752 1834 posse
773 1778 913 1834 opinor
933 1785 1133 1822 luculente
1153 1784 1338 1821 uendere.

333 1851 410 1890 CH.
443 1851 539 1888 dum
561 1848 724 1900 quidem
745 1849 877 1888 hercle
897 1862 947 1887 ne
968 1848 1131 1887 minoris
1153 1848 1304 1887 uendas
1328 1846 1447 1897 quam
1474 1859 1547 1896 ego
1569 1844 1660 1892 emi,
1682 1852 1794 1888 424-5

1540 1918 1660 1961 pater.

334 1982 410 2018 DE.
442 1986 528 2018 tace
550 1981 672 2018 modo
689 1994 695 2017 :
725 1993 845 2018 senex
866 1985 923 2017 est
943 1978 1106 2029 quidam
1127 1977 1194 2028 qui
1214 1977 1319 2016 illam
1342 1975 1546 2015 mandauit
1567 1975 1663 2014 mihi

376 2094 485 2124 401-2
511 2084 544 2114 di
562 2094 616 2114 me
633 2084 686 2114 ad.
704 2083 907 2124 Demz'prnz'
921 2082 1090 2113 continuat
1105 2081 1248 2123 Spengel
1355 2090 1485 2120 407—23
1504 2084 1665 2121 perpauca

334 2129 368 2159 in
384 2127 527 2159 versibus
543 2128 694 2157 extremis
709 2127 852 2158 servavit
865 2126 898 2156 A
1073 2136 1138 2165 409
1162 2136 1258 2156 meae
1274 2124 1367 2156 sores
1384 2124 1582 2156 carbonibus
1597 2123 1663 2154 ele-

334 2182 476 2211 georum
493 2171 534 2209 P,
551 2170 585 2200 A
604 2182 635 2201 n.
657 2171 677 2201 l.
695 2182 701 2200 :
726 2171 797 2202 irai.
819 2170 921 2200 Bothe
1038 2179 1098 2208 411
1125 2169 1272 2200 obicient
1287 2168 1319 2197 Β
1438 2177 1502 2207 412
1526 2168 1618 2197 dices
1634 2167 1665 2196 Β

275 2251 283 2261 N
334 2215 463 2258 (adeo)
480 2215 570 2246 adse.
589 2214 728 2244 Mueller
741 2213 873 2255 (Rlzein.
893 2212 980 2244 Mus.
1001 2222 1051 2252 54,
1071 2213 1163 2252 394),
1179 2212 1212 2242 A
1231 2222 1262 2243 n.
1283 2212 1303 2241 l.
1438 2221 1502 2250 413
1526 2210 1575 2241 vel
1587 2210 1663 2240 illae

334 2270 400 2299 420
424 2268 564 2298 usquam
581 2257 738 2288 Boxhorn
753 2269 759 2287 :
786 2267 846 2288 uos
862 2267 962 2296 quarn
978 2256 1017 2291 P,
1036 2256 1069 2286 A
1085 2267 1116 2287 n.
1131 2257 1152 2288 l.
1265 2265 1329 2294 422
1352 2255 1471 2285 exfieri
1487 2253 1663 2284 Abraham

334 2314 399 2342 423
421 2303 472 2334 vel
484 2302 586 2342 opino
718 2302 848 2340 424-56
869 2300 953 2331 deest
978 2299 1028 2330 AV
1125 2300 1190 2338 426
1213 2298 1319 2339 illam]
1336 2298 1491 2330 ancillam
1507 2297 1663 2328 Boxlzorn

337 2348 437 2387 (hanc
454 2346 544 2377 illam
561 2346 594 2376 in
612 2344 774 2384 archetypo
785 2345 811 2386 2)
831 2355 836 2374 :
862 2343 1008 2383 aliquam
1025 2343 1154 2374 Rz‘tsclal
