1814 2723
198 81 243 117 V.
265 81 294 116 ii
685 81 732 118 Τ.
766 79 946 119 MACCI
977 80 1181 118 PLAVTI

269 188 450 236 Cliniam,
474 189 698 236 Chremem,
722 188 939 235 Cratinum,
965 187 1137 234 Diniam,
1162 189 1500 226 Demosthenem:

267 253 298 290 is
318 255 424 303 apud
441 261 613 291 scortum
633 254 877 303 corruptelae
897 259 955 290 est
975 251 1120 300 liberis,
1140 251 1269 290 lustris
1290 252 1430 290 studet.

268 320 336 356 PA.
369 318 464 368 quin
485 326 526 357 tu
547 318 656 356 illum
678 318 789 356 iubes
809 317 971 355 ancillas
991 331 1125 367 rapere
1146 317 1356 355 sublimem
1377 318 1572 357 domum?

267 385 369 421 ART.
402 391 487 422 tace
527 385 657 422 modo.
732 397 781 421 ne
819 383 930 421 illum
969 390 1162 420 mecastor
1200 382 1386 420 miserum
1425 382 1593 421 habebo.

1187 449 1254 485 ΡΑ.
1287 460 1360 496 ego
1380 446 1480 485 istuc
1501 446 1594 494 scio,

209 531 248 552 20
267 513 320 551 ita
354 515 435 551 fore
468 514 522 551 illi
556 516 652 552 dum
683 513 845 563 quidem
875 526 966 551 cum
997 513 1064 551 illo
1093 520 1215 562 nupta
1245 512 1329 550 eris.
1389 514 1491 550 ART.
1523 525 1597 561 ego
1616 518 1684 561 870

1440 591 1595 616 censeo.

267 659 357 684 eum
401 646 519 684 etiam
564 646 767 684 hominem
805 644 907 698 (aut)
945 646 984 683 in
1024 652 1162 683 senatu
1201 646 1294 682 dare
1334 656 1494 693 operam
1532 650 1598 680 aut

1361 707 1596 754 ementibus,

267 776 321 813 ibi
342 777 475 815 labore
495 777 734 814 delassatum
756 783 915 814 noctem
936 783 1060 813 totam
1081 781 1241 813 stertere
1258 777 1264 812 Ι

267 841 330 879 ille
351 842 458 892 operi
479 841 571 880 foris
592 841 775 879 faciendo
795 842 919 879 lassus
940 847 1061 878 noctu
1081 838 1149 891 <ad
1171 838 1253 890 me)
1271 838 1434 877 aduenit
1450 852 1460 885 ;

266 908 433 944 fundum
453 906 626 945 alienum
647 913 739 954 arat,
762 905 956 944 incultum
976 904 1206 943 familiarem
1228 904 1382 942 deserit.

209 990 246 1020 25
267 971 298 1009 is
319 971 436 1009 etiarn
457 979 662 1022 corruptus
683 983 800 1021 porro
820 983 934 1009 suom
956 969 1170 1019 corrumpit
1191 968 1326 1006 filium.
1618 970 1683 1015 875

268 1038 335 1074 PA.
369 1050 531 1087 sequere
552 1038 626 1075 hac
647 1049 711 1075 me
731 1037 864 1082 modo,
888 1035 965 1074 iam
986 1036 1074 1073 faxo
1090 1034 1220 1084 ipsum
1241 1033 1444 1072 hominem
1467 1045 1600 1071 manu-

1267 1100 1366 1137 festo
1387 1097 1596 1148 opprimas.

266 1170 369 1206 ART.
403 1168 499 1206 nihil
534 1175 686 1207 ecastor
716 1175 773 1206 est
803 1168 912 1217 quod
948 1167 1075 1204 facere
1110 1164 1306 1203 mauelim.
1368 1165 1436 1201 PA.
1471 1176 1600 1201 mane-

1093 1231 1200 1268 dum.
1261 1231 1363 1267 ART.
1396 1229 1493 1279 quid
1513 1230 1600 1267 est?

268 1300 336 1337 ΡΑ.
369 1299 506 1349 possis,
530 1298 560 1336 si
581 1300 680 1337 forte
699 1298 961 1336 accubantem
982 1304 1093 1334 tuom
1115 1295 1242 1333 uirum
1264 1294 1514 1344 conspexeris

267 1378 358 1403 cum
379 1378 526 1403 corona
544 1366 770 1414 amplexum
790 1363 971 1409 amicam,
994 1362 1026 1399 si
1047 1361 1194 1408 uideas,
1218 1361 1487 1410 cognoscere?

205 1444 248 1476 30
268 1432 370 1468 ΛΚΤ.
403 1443 563 1480 possum
584 1437 745 1468 ecastor.
804 1430 871 1467 ΡΑ.
905 1441 967 1466 em
989 1426 1059 1465 tibi
1080 1426 1294 1465 hominem.
1355 1427 1457 1462 ART.
1490 1423 1595 1474 perii.
1619 1429 1688 1462 880

1138 1493 1205 1528 PA.
1239 1489 1449 1540 paullisper
1469 1502 1595 1527 mane.

266 1574 509 1611 aucupemus
530 1574 577 1599 ex
597 1559 748 1607 insidiis
769 1559 993 1598 clanculum
1015 1570 1134 1607 quam
1155 1569 1237 1594 rem
1257 1563 1403 1605 gerant.

267 1629 372 1664 ARG.
405 1625 501 1676 quid
536 1625 656 1672 modi,
692 1632 811 1674 pater,
847 1611 1111 1673 amplexan‘do
1150 1620 1297 1659 facies?
1356 1621 1430 1658 DE.
1464 1621 1601 1665 fateor,

1355 1692 1472 1735 gnate
1493 1684 1601 1722 mi—

267 1758 372 1794 ARG.
405 1755 500 1806 quid
540 1757 689 1794 fatere?
748 1756 823 1792 DE.
862 1767 924 1791 me
963 1766 1009 1791 ex
1042 1764 1176 1790 amore
1209 1750 1340 1789 huiius
1372 1757 1598 1800 corruptum

1437 1815 1597 1866 oppido.

269 1889 337 1926 PA.
369 1887 489 1926 audin
511 1887 607 1938 quid
623 1887 705 1925 ait?
762 1888 865 1924 ART.
897 1884 1027 1923 audio.
1090 1885 1165 1921 DE.
1198 1895 1299 1932 egon
1315 1890 1357 1920 ut
1378 1895 1459 1919 non
1476 1882 1598 1919 domo

1357 1946 1465 1984 uxori
1487 1959 1597 1984 meae

208 2032 248 2064 35
268 2018 484 2067 surrupiam
505 2018 545 2056 in
566 2017 716 2056 deliciis
730 2018 874 2067 pallam
891 2028 1009 2065 quam
1026 2014 1145 2052 habet
1160 2020 1279 2063 atque
1292 2013 1343 2050 ad
1359 2018 1397 2050 te
1411 2012 1595 2057 deferam,
1617 2009 1683 2054 885

268 2096 349 2121 non
369 2084 512 2132 edepol
533 2082 703 2121 conduci
725 2094 885 2131 possum
908 2079 989 2117 uita
1009 2078 1138 2116 uxoris
1158 2090 1300 2115 annua.

311 2187 374 2227 867
400 2191 452 2217 est
476 2186 639 2226 Scalzger:
674 2191 707 2216 et
726 2185 806 2221 cod„
828 2185 904 2215 item
929 2181 1018 2213 codd.
1041 2181 1146 2211 Nonii
1160 2190 1223 2219 333
1426 2179 1491 2219 869
1515 2189 1598 2211 mec.

256 2231 420 2271 xSeyffert:
444 2236 576 2261 ecastor
592 2229 657 2260 cod.
764 2230 828 2268 870
845 2230 920 2268 post
936 2236 1063 2257 censeo
1080 2235 1147 2254 non
1159 2223 1369 2263 distinguunt
1381 2222 1441 2253 alii
1535 2224 1597 2263 871

268 2285 342 2306 sum
359 2275 460 2304 etiam
476 2272 592 2316 (rata)
608 2273 701 2303 hom.
720 2272 762 2312 (2)
781 2271 847 2302 Leo
986 2269 1050 2309 pix
1065 2268 1166 2298 etiam
1317 2272 1373 2297 aut
1390 2265 1464 2296 add.
1486 2266 1600 2297 Came-

269 2319 380 2349 rarius
467 2318 530 2356 873
553 2318 595 2347 ad
612 2327 666 2346 me
683 2315 759 2347 add.
778 2314 951 2346 Fleckeisen
968 2312 1048 2353 (seq.
1069 2311 1185 2351 adue-)
1287 2311 1351 2341 882
1374 2310 1599 2350 amplexando

267 2361 460 2393 Acidalius:
484 2360 699 2399 amplexandi
716 2358 786 2390 cod.
917 2357 980 2395 883
1004 2355 1104 2386 huius
1122 2352 1242 2396 (esse)
1260 2353 1433 2383 Fleckeisen
1535 2354 1598 2391 885

259 2405 344 2445 sort.
358 2406 459 2444 quarn
477 2402 522 2443 h.,
542 2404 584 2434 ad
603 2402 676 2443 (del.
695 2402 813 2442 atque)
832 2401 966 2439 (sourn.
985 2398 1075 2429 Phil.
1092 2398 1143 2436 26,
1163 2399 1243 2437 296)
