1742 2718
731 62 1021 101 CVRCVLIO
1458 65 1532 101 III.
1554 63 1567 99 i

212 174 281 210 Lx’.
314 173 500 218 concede,
523 171 727 221 inspiciam
750 171 846 221 quid
867 171 915 210 sit
935 173 1135 223 scripturn.
1196 175 1267 213 Cv.
1300 187 1492 220 maxume,

212 244 280 275 tuo
299 237 497 283 arbitratu,
519 238 616 275 dum
637 237 810 274 auferam
831 250 901 286 aps
923 245 960 276 te
981 238 1021 277 id
1042 241 1150 289 quod
1172 247 1275 289 peto.

212 303 280 339 Lx:
318 301 449 339 ‘miles
472 301 621 350 Lyconi
648 299 651 352 Ι
679 301 718 338 in
742 301 943 351 Epidauro
970 302 974 353 Ι
1001 303 1145 354 hospiti

123 378 193 413 430
210 380 282 405 suo
302 365 673 416 Therapontigonus
696 366 965 416 Platagidorus
986 370 1206 418 plurumam
1562 371 1603 401 60

210 433 375 469 salutem
395 430 515 469 dicit.’
573 431 644 470 Cv.
678 444 789 469 meus
810 430 874 469 hic
895 439 963 480 est,
987 433 1149 471 hamum
1170 440 1291 472 uorat.

212 498 280 534 Lv.
316 499 466 534 ‘tecum
488 509 557 534 oro
578 503 616 534 et
637 509 795 546 quaeso,
819 496 886 546 qui
907 497 976 535 has
997 498 1160 536 tabellas
1179 499 1330 537 adferet

209 560 290 607 tibi,
314 567 356 598 ut
376 559 411 599 ei
431 561 545 598 detur
565 574 685 610 quam
706 560 792 599 istic
813 561 890 600 emi
912 561 1114 612 uirginem,

209 627 317 676 quod
338 633 375 664 te
395 634 600 676 praesente
621 626 684 664 isti
704 626 764 676 egi
785 634 903 677 teque
923 627 1143 677 interprete,

121 701 186 738 435
209 698 247 729 et
266 704 403 729 aurum
425 698 463 729 et
483 698 645 729 uestem.
706 690 783 729 iam
805 691 880 730 scis
901 700 943 730 ut
964 693 1216 732 conuenerit:
1562 694 1603 737 65

207 764 411 806 argentum
432 757 502 795 des
523 756 668 804 lenoni,
692 758 783 795 huic
803 758 873 796 des
895 757 1110 808 uirginem.'

208 821 274 859 ubi
296 821 432 871 ipsus?
461 836 533 872 qur
553 812 635 861 non
657 821 798 860 uenit?
855 823 927 862 Cv.
959 837 1032 874 ego
1052 824 1182 863 dicam
1203 824 1298 864 tibi:

207 885 299 936 quia
319 886 626 936 nudiusquartus
648 886 830 926 uenimus
852 887 891 926 in
913 888 1069 927 Cariam

206 964 253 989 ex
275 951 391 990 India
404 966 414 999 3
443 951 497 989 ibi
518 966 624 990 nunc
645 960 814 990 statuam
836 954 919 991 uolt
940 954 1033 992 dare
1053 967 1210 993 auream

118 1028 189 1061 440
206 1015 373 1055 solidam
394 1016 619 1055 faciundam
641 1031 688 1055 ex
707 1030 804 1056 auro
826 1017 1021 1069 Philippo,
1044 1032 1144 1069 quae
1165 1019 1238 1059 siet
1560 1038 1599 1071 70

206 1080 520 1131 septempedalis‚
544 1081 654 1120 factis
677 1089 981 1121 monumentum
1003 1083 1092 1122 suis.

208 1147 277 1183 LY.
308 1159 428 1196 quam
457 1146 509 1185 ob
539 1160 621 1185 rem
651 1146 780 1185 istuc?
836 1149 909 1187 Cv.
940 1148 1082 1187 dicam.
1132 1149 1224 1200 quia
1252 1150 1358 1188 enim
1388 1153 1536 1199 Persas,

1252 1216 1535 1266 Paphlagonas,

205 1274 384 1326 Sinopas,
407 1275 569 1324 Arabes,
593 1277 724 1324 Caras,
749 1277 955 1326 Oretanos,
977 1280 1104 1328 Syros,

207 1340 409 1380 Rhodiam
428 1348 547 1391 atque
568 1341 742 1391 Lyciam,
765 1343 971 1382 Perediam
992 1351 1031 1382 et
1051 1344 1332 1391 Perbibesiam,

117 1420 183 1457 445
206 1406 604 1445 Centauromachiam
625 1414 663 1446 et
684 1407 876 1447 Classiam
897 1409 1231 1457 Vnomammiam‚
1555 1417 1593 1453 75

206 1470 453 1521 Libyamque
473 1484 581 1510 oram
600 1469 812 1525 (omnem)
831 1473 992 1512 omnem
1013 1475 1421 1528 Conterebromniam,

205 1534 412 1574 dimidiam
432 1543 582 1586 partem
603 1536 808 1576 nationum
830 1551 956 1588 usque
975 1538 1156 1577 omniurn

204 1599 359 1650 subegit
379 1602 486 1639 solus
507 1601 608 1639 intra
627 1601 765 1652 uiginti
786 1602 882 1641 dies.

207 1667 276 1703 Lv.
309 1667 386 1703 uah
404 1668 410 1703 1
459 1667 530 1705 CV.
563 1665 660 1716 quid
694 1667 861 1707 mirare?
918 1670 988 1708 Lv.
1020 1669 1113 1720 quia
1141 1670 1247 1709 enim
1283 1670 1322 1709 in
1353 1685 1476 1710 cauea
1504 1672 1535 1710 si

1410 1739 1536 1777 forent

117 1811 187 1847 450
205 1795 396 1844 conclusi,
417 1795 554 1835 itidem
575 1804 617 1835 ut
638 1797 733 1847 pulli
753 1798 968 1849 gallinacei,
1555 1803 1596 1834 80

205 1860 259 1898 ita
278 1874 358 1898 non
379 1868 542 1911 potuere
561 1876 642 1901 uno
661 1877 768 1902 anno
788 1863 1035 1905 circumirier.

205 1926 324 1964 credo
344 1926 475 1965 hercle
495 1934 533 1965 te
553 1941 638 1966 esse
656 1927 708 1966 ab
728 1928 806 1975 illo,
829 1943 922 1968 nam
942 1930 996 1968 ita
1016 1944 1138 1981 nugas
1159 1931 1284 1971 blatis.

249 2029 313 2067 428
336 2028 484 2060 auferam
502 2029 574 2060 Ital.
592 2042 600 2061 t
623 2031 771 2062 adferam
790 2032 854 2063 cod.
944 2044 1007 2073 429
1032 2033 1201 2078 (hospes)
1217 2035 1341 2075 hospiti
1359 2036 1532 2068 Fleckeisen

205 2073 269 2111 436
291 2072 341 2102 vel
354 2072 431 2104 hui'c
529 2073 558 2104 is
581 2074 656 2105 huic
681 2075 738 2105 det
761 2074 900 2107 Mueller
1039 2088 1102 2118 437
1126 2079 1183 2109 vix
1204 2079 1313 2119 ipsust
1467 2082 1532 2121 438

205 2116 361 2146 uenimus
383 2121 565 2157 suspectum
653 2119 853 2150 aduenimus
871 2120 1005 2151 Cariam
1028 2121 1125 2152 Goetz
1270 2134 1335 2162 440
1357 2123 1530 2163 philippeo

204 2158 273 2190 cod.
359 2169 421 2198 443
447 2165 592 2191 cretatos
613 2161 720 2200 Syros
735 2161 909 2204 Kz'essling,
926 2164 990 2195 scil.
1014 2163 1086 2195 τοὺς
1109 2165 1321 2207 Λευκοσύρους
1467 2178 1528 2206 444

205 2201 382 2233 Perediam
399 2207 434 2233 et
451 2203 623 2235 Bibesiam
638 2204 752 2235 Festus
768 2215 831 2245 214
845 2218 851 2238 :
877 2208 1001 2246 perreh
1025 2208 1113 2239 diam
1130 2213 1164 2240 et
1181 2220 1242 2249 per
1258 2210 1444 2242 heblesiam
1461 2211 1526 2242 cod.

205 2246 270 2283 446
293 2256 428 2276 omnem
453 2246 568 2278 addtdi
587 2248 683 2282 (eto.
701 2248 839 2287 Schoell)
973 2253 1037 2290 448
1061 2252 1149 2283 intra
1172 2253 1246 2285 Ital.
1267 2265 1274 2284 :
1308 2254 1440 2286 interea
1462 2253 1529 2286 cod.

205 2299 270 2327 450
294 2289 440 2320 conclusi
456 2288 551 2333 (illi)
566 2291 751 2332 Fleckeisen,
771 2293 824 2323 cui
835 2293 945 2324 hiatus
960 2295 994 2325 in
1006 2301 1118 2336 pausa
1135 2296 1275 2338 dz'splteet
1404 2307 1466 2337 452
1482 2298 1534 2330 vel

205 2332 283 2364 illoc
373 2343 449 2364 nam
462 2334 525 2367 del.
542 2334 679 2376 Langen
