1814 2723
239 57 307 94 IV.
328 57 358 94 ii
746 59 791 96 T.
826 58 1006 97 MACCI
1038 59 1241 97 PLAVTI

329 172 368 203 et
388 166 558 215 negabas
581 180 644 205 me
664 166 833 213 nouisse,
858 166 1105 216 peregrinum
1125 167 1233 205 aibas
1254 180 1339 205 esse
1359 169 1426 206 te?

332 232 446 268 ΜΕΝ.
479 231 574 281 quin
604 239 647 270 ut
675 233 829 271 dudum
860 231 1005 270 diuorti
1031 242 1101 282 aps
1128 240 1176 278 te,
1209 234 1328 271 redeo
1359 246 1466 270 nunc
1495 233 1658 271 demum
1677 235 1743 281 635

1480 298 1657 336 domum.

331 361 398 398 PE.
431 360 526 399 noui
547 375 620 411 ego
640 369 690 399 te.
748 375 829 399 non
850 360 947 399 mihi
968 362 1158 399 censebas
1179 375 1263 400 esse
1284 362 1352 412 qui
1375 369 1413 400 te
1440 360 1657 401 ulciscerer.

329 425 464 464 omnia
484 427 614 464 hercle
634 425 743 464 uxori
764 425 857 464 dixi.
921 428 1036 464 ΜΕΝ.
1068 426 1165 476 quid
1186 426 1345 465 dixisti?
1412 429 1479 464 ΡΕ.
1512 426 1657 473 neseio,

269 501 307 536 75
329 503 416 528 eam
447 490 553 540 ipsus
584 488 628 542 [i]
656 504 760 540 roga.
838 492 952 528 MEN.
984 489 1083 540 quid
1112 492 1190 529 hoc
1214 498 1284 537 est,
1316 492 1440 529 uxor?
1469 490 1660 540 quidnam

1288 554 1351 592 hic
1371 554 1541 593 narrauit
1560 554 1662 593 tibi?

330 619 426 670 quid
447 619 486 659 id
508 622 595 658 est?
624 619 721 670 quid
741 621 877 658 taces?
933 619 1030 670 quin
1050 619 1150 659 dieis
1174 619 1271 670 quid
1298 619 1375 658 sit?
1432 621 1518 658 MA.
1549 619 1660 670 quasi

1432 691 1472 722 tu
1493 684 1658 723 nescias.

329 751 433 800 palla
452 750 548 788 mihi
565 757 623 788 est
638 752 761 789 domo
777 756 970 800 surrupta.
1020 751 1134 787 MEN.
1158 750 1261 799 palla
1281 756 1460 799 surrupta
1480 756 1538 787 est
1558 748 1658 787 tibi?
1675 750 1767 795 639a

332 817 417 853 MA.
449 828 512 854 me
542 817 682 865 rogas?
753 817 868 853 ΜΕΝ.
901 816 968 865 pol
995 815 1073 852 hau
1101 827 1234 864 rogem
1265 821 1303 852 te
1337 813 1368 851 si
1395 813 1527 851 sciam.
1587 815 1657 851 PE.
1677 814 1748 858 640

1231 892 1256 917 o
1275 878 1478 917 hominem
1498 878 1660 926 malurn,

331 952 372 983 ut
394 944 637 983 dissimulat!
695 958 775 983 non
796 952 909 995 potes
930 946 1056 983 celare
1077 959 1083 981 :
1113 957 1196 982 rem
1216 943 1329 981 nouit
1349 943 1485 992 probe.

269 1016 311 1047 80
330 1010 464 1049 omnia
502 1012 633 1049 hercle
671 1024 745 1060 ego
783 1009 965 1048 edictaui.
1044 1010 1159 1047 ΜΕΝ.
1200 1008 1296 1059 quid
1334 1007 1375 1047 id
1413 1009 1501 1046 est?
1574 1009 1659 1045 MA.

1284 1074 1445 1123 quando
1465 1073 1519 1111 nil
1539 1073 1663 1124 pudet

330 1154 459 1191 neque
479 1140 539 1179 uis
560 1148 627 1179 tua
646 1142 851 1179 uoluntate
870 1139 954 1190 ipse
974 1138 1157 1190 profiteri,
1181 1138 1274 1177 audi
1294 1145 1412 1188 atque
1432 1139 1539 1176 ades.

330 1214 368 1245 et
389 1206 485 1256 quid
508 1205 624 1244 tristis
643 1204 753 1257 (sim)
772 1213 810 1244 et
830 1204 927 1255 quid
947 1204 1011 1243 hic
1032 1203 1128 1242 mihi
1148 1203 1289 1242 dixerit
1309 1205 1396 1242 faxo
1416 1202 1528 1242 scias.

331 1272 434 1322 palla
454 1269 551 1309 mihi
571 1278 629 1309 est
649 1272 771 1309 domo
792 1277 982 1320 surrupta.
1042 1271 1157 1307 ΜΕΝ.
1180 1270 1283 1318 palla
1302 1275 1517 1319 surruptast
1537 1268 1663 1306 mihi?
1681 1271 1746 1315 645

333 1339 403 1374 ΡΕ.
434 1335 555 1375 uiden
576 1343 618 1374 ut
631 1333 706 1388 (te)
725 1337 912 1374 scelestus
933 1336 1092 1385 captat?
1121 1333 1213 1373 huic
1233 1341 1459 1384 surruptast,
1478 1347 1558 1373 non
1578 1332 1662 1373 tibi.

274 1408 313 1446 85
334 1415 425 1440 narn
446 1402 625 1451 profecto
643 1400 714 1440 tibi
735 1408 914 1451 surrupta
934 1400 965 1439 si
986 1401 1253 1439 esset—salua
1271 1412 1353 1437 non
1372 1400 1482 1437 foret.

334 1469 450 1505 ΜΕΝ.
481 1466 536 1505 nil
566 1466 663 1505 mihi
692 1473 823 1505 tecum
853 1474 921 1504 est.
976 1467 1046 1505 sed
1076 1473 1117 1504 tu
1147 1464 1243 1515 quid
1271 1464 1358 1503 ais?
1433 1465 1517 1502 MA.
1548 1465 1662 1514 palla,

1196 1529 1369 1580 inquam,
1392 1529 1507 1579 periit
1527 1530 1661 1568 domo.

334 1599 448 1636 ΜΕΝ.
481 1596 569 1648 quis
597 1601 695 1636 ‘eam
733 1595 958 1646 surrupuit?
1038 1595 1123 1633 MA.
1156 1595 1222 1645 pol
1260 1593 1361 1633 istuc
1394 1593 1458 1632 ille
1492 1593 1564 1632 scit
1597 1594 1665 1645 qui

1364 1659 1471 1698 illam
1490 1659 1662 1710 apstulit.

335 1730 450 1767 ΜΕΝ.
490 1727 578 1779 quis
616 1728 648 1767 is
692 1729 815 1766 homo
859 1728 947 1766 est?
1037 1727 1121 1764 MA.
1160 1725 1450 1764 Menaechmus
1488 1724 1661 1775 quidam.
1682 1732 1752 1776 650

993 1793 1108 1829 ΜΕΝ.
1141 1790 1284 1841 e'depol
1304 1791 1450 1828 factum
1472 1788 1662 1839 nequiter.

333 1858 420 1909 quis
459 1858 490 1897 is
530 1859 864 1897 Menaechmust?
950 1858 1034 1895 ΜΑ.
1076 1863 1118 1894 tu
1156 1854 1253 1902 istic,
1294 1854 1468 1904 inquam.
1546 1855 1662 1892 MEN.

811 1923 966 1972 egone?
1023 1923 1106 1959 MA.
1140 1928 1192 1958 tu.
1253 1921 1368 1958 ΜΕΝ.
1401 1918 1488 1969 quis
1508 1918 1664 1969 arguit?

375 2028 440 2067 638
463 2038 536 2058 earn
568 2027 644 2066 plus
678 2026 759 2068 (Bl)
793 2025 841 2057 vel
870 2034 1029 2065 eampsus
1058 2024 1090 2054 ei
1118 2023 1163 2065 (v.
1189 2024 1223 2064 3)
1253 2023 1361 2064 (PCD)
1390 2022 1455 2054 cod.
1485 2023 1575 2063 (corr.
1599 2021 1662 2064 13²)

332 2073 414 2110 639a
429 2071 497 2102 secl.
510 2071 579 2101 edd.
597 2070 647 2111 (cf.
663 2072 705 2109 64
709 2071 744 2110 5)
765 2070 833 2101 fort.
850 2073 934 2109 recte,
952 2079 1033 2100 nam
1045 2071 1150 2108 potest
1164 2077 1276 2098 versus
1291 2066 1342 2096 hic
1355 2066 1466 2096 idcirco
1481 2065 1665 2106 adscnptus

334 2119 370 2145 ut
388 2125 439 2145 vv.
456 2116 520 2153 640
529 2124 562 2153 —5
580 2115 802 2145 omz'stcrentur
816 2114 884 2144 veri
899 2123 1011 2143 versus
1031 2112 1137 2142 locum
1160 2111 1369 2152 usurpavisse
1481 2111 1542 2148 641
1569 2109 1663 2140 nouit

333 2157 505 2188 Acidalius
521 2168 528 2188 ι
551 2159 631 2188 noui
644 2157 707 2189 cod.
829 2159 893 2196 643
914 2157 1028 2186 audiat
1044 2155 1100 2194 qui
1117 2154 1183 2187 cod.
1203 2155 1294 2193 (corr.
1313 2151 1379 2192 132)
1511 2153 1576 2192 644
1600 2153 1662 2183 sim

333 2201 408 2232 add.
425 2199 572 2241 Pylades,
591 2199 779 2232 Lambinus
934 2201 998 2238 645
1023 2199 1105 2229 mihi
1122 2197 1259 2237 quidam
1275 2202 1327 2236 ap.
1348 2196 1555 2227 Lambinum
1572 2207 1579 2226 ε
1603 2195 1663 2226 tibi

333 2245 401 2276 cod.
541 2245 606 2282 646
629 2245 746 2275 uident
762 2244 830 2275 cod.
853 2246 944 2284 (corr.
972 2240 1036 2283 132)
1121 2250 1150 2273 te
1174 2243 1253 2271 add.
1277 2239 1465 2270 Lambinus
1552 2243 1663 2279 captat

337 2288 571 2320 Camerarius:
603 2288 714 2327 capiat
738 2288 802 2319 cod.
951 2287 1014 2325 64²]
1040 2285 1126 2327 non]
1158 2296 1236 2316 nunc
1259 2282 1469 2315 Camerarius
1597 2283 1663 2322 650

335 2332 363 2362 is
379 2331 480 2362 Brix:
506 2331 560 2361 hic
577 2330 641 2361 cod.
1177 2335 1183 2338 ·
