1742 2718
734 49 937 87 CASINA

173 158 245 196 sibi
267 158 391 197 istanc
412 171 571 196 uxorem
589 173 595 195 :
627 157 657 194 is
679 164 817 207 sperat,
842 157 870 195 si
894 157 927 195 ei
950 157 997 195 sit
1019 158 1120 203 data,

173 223 244 262 sibi
268 225 348 262 fore
369 230 520 274 paratas
541 224 642 261 clam
664 235 823 260 uxorem
846 222 1030 260 excubias
1051 221 1142 261 foris
1162 236 1172 269 ;

111 302 151 338 55
173 288 274 326 filius
296 288 326 326 is
347 296 478 327 autem
499 287 732 337 armigerum
754 287 951 337 adlegauit
973 300 1085 325 suom

173 353 239 403 qui
261 352 335 391 sibi
357 367 442 391 eam
465 366 625 390 uxorem
646 359 805 401 poscat:
838 352 920 398 scit,
944 352 972 389 si
997 351 1035 390 id
1057 351 1250 402 impetret,

172 420 345 456 futurum
368 418 476 467 quod
497 424 601 455 amat
623 416 722 454 intra
743 417 940 466 praesepis
957 430 1056 455 suas.

173 483 277 522 senis
299 496 394 521 uxor
415 482 534 521 sensit
556 482 681 520 uirum
703 482 826 520 amori
848 495 1006 531 operam
1028 483 1133 529 dare,

173 556 379 599 propterea
399 550 478 586 una
498 547 695 586 consentit
717 561 806 585 cum
829 547 919 585 filio.

109 619 155 654 60
172 614 236 652 ille
256 621 387 652 autem
410 620 620 662 postquam
642 611 764 650 filium
786 612 905 650 sensit
927 626 1040 651 suom

172 679 339 717 eandem
361 677 467 715 illam
488 690 618 715 amare
639 684 676 715 et
697 690 782 715 esse
803 676 1090 726 impedimento
1111 675 1201 725 sibi7

173 743 264 781 hinc
284 744 581 781 adulescentem
602 755 760 792 peregre
781 741 977 792 ablegauit
999 749 1107 791 pater
1121 756 1132 789 3

172 808 299 847 sciens
320 808 354 846 ei
376 815 500 846 mater
519 809 587 846 dat
607 820 765 857 operam
787 806 938 857 apsenti
961 814 1104 845 tamen.

172 873 215 921 is,
237 866 551 924 neexspectetis,
574 872 693 911 hodie
714 872 753 910 in
775 873 847 911 hac
869 872 1077 911 comoedia

109 943 151 987 65
173 939 211 976 in
233 939 370 977 urbem
392 951 472 976 non
493 937 635 976 redibit
653 952 659 974 :
690 938 850 975 Plautus
872 937 1007 983 noluit,

172 1011 335 1054 pontem
356 1002 571 1053 interrupit,
594 1003 662 1052 qui
682 1009 762 1040 erat
783 1001 817 1040 ei
839 1001 877 1039 in
899 1002 1046 1040 itinere.

172 1076 263 1107 sunt
283 1068 346 1106 hic
367 1067 467 1106 inter
487 1081 528 1106 se
549 1080 648 1117 quos
670 1080 776 1104 nunc
797 1067 916 1105 credo
938 1066 1068 1105 dicere
1085 1082 1092 1104 z

176 1137 345 1184 ‘quaeso
365 1135 507 1180 hercle,
530 1134 626 1182 quid
647 1132 746 1171 istuc
767 1134 855 1170 est?
884 1132 1042 1171 seruiles
1063 1131 1224 1182 nuptiae
1237 1134 1255 1170 ἲ

174 1200 302 1239 seruin
324 1213 485 1238 uxorem
506 1199 653 1237 ducent
673 1205 740 1236 aut
760 1205 925 1247 poscent
946 1197 1049 1236 sibi?

110 1279 155 1314 70
173 1278 322 1304 nouom
343 1266 566 1310 attulerunt,
590 1264 698 1313 quod
719 1264 762 1300 fit
782 1276 976 1313 nusquam
997 1262 1199 1313 gentium.'

173 1338 212 1368 at
232 1343 305 1380 ego
325 1329 402 1368 aiio
422 1329 462 1368 id
483 1328 565 1367 fieri
585 1328 624 1366 in
647 1327 812 1367 Graecia
832 1335 870 1366 et
891 1327 1129 1378 Carthagini,

173 1403 212 1434 et
232 1395 296 1434 hic
316 1395 356 1433 in
377 1402 510 1434 nostra
530 1401 629 1432 terra
649 1393 689 1431 in
709 1391 844 1445 (terra)
862 1392 1008 1443 Apulia
1022 1407 1033 1441 3

174 1461 399 1511 maioreque
420 1474 538 1510 opere
558 1459 612 1498 ibi
633 1459 792 1497 seruiles
813 1458 974 1508 nuptiae

173 1540 292 1576 quam
313 1526 492 1564 liberales
513 1524 630 1564 etiam
652 1524 773 1563 curari
796 1525 923 1562 solent
939 1538 947 1570 3

110 1604 151 1641 75
174 1591 214 1630 id
234 1591 273 1629 ni
295 1592 348 1638 fit,
371 1604 527 1629 mecum
549 1590 690 1640 pignus
711 1589 741 1627 si
763 1588 850 1638 quis
871 1590 954 1626 uolt
974 1590 1069 1627 dato

173 1655 213 1693 in
234 1670 371 1694 urnam
393 1655 519 1703 mulsi,
544 1657 701 1694 Poenus
722 1655 818 1693 dum
838 1653 957 1691 iudex
976 1653 1048 1691 siet

173 1722 236 1759 uel
258 1722 431 1760 Graecus
451 1722 563 1767 adeo,
586 1721 649 1758 uel
671 1733 760 1758 mea
779 1732 918 1757 caussa
936 1719 1101 1768 Apulus.

173 1784 270 1834 quid
286 1787 421 1823 nunc?
449 1785 547 1823 nihil
567 1784 708 1834 agitis?
737 1783 876 1829 sentio,
898 1796 1018 1821 nemo
1039 1782 1128 1821 sitit.

175 1858 347 1889 reuortar
366 1852 416 1889 ad
437 1850 544 1888 illam
564 1851 736 1899 puellam
757 1848 1025 1899 expositiciam
1046 1863 1053 1885 ε

110 1919 156 1953 80
175 1928 293 1964 quam
315 1915 415 1954 serui
436 1929 590 1954 summa
609 1914 649 1952 ui
670 1913 743 1952 sibi
764 1927 925 1953 uxorem
946 1919 1144 1963 expetunt,

218 2028 259 2057 54
284 2028 389 2048 uxore
414 2018 446 2048 A
581 2028 622 2058 55
648 2018 676 2049 is
702 2028 766 2049 om.
794 2018 827 2048 Ρ
921 2018 1056 2058 adlegat
1082 2017 1115 2047 A

176 2062 387 2092 Camerarius
516 2064 559 2092 60
583 2062 690 2093 sensit
715 2062 820 2092 filium
838 2061 876 2095 P,
898 2065 1008 2092 contra
1029 2065 1172 2091 metrum

1525 55 1642 83 PROL-

1524 299 1564 334 55

1524 613 1568 645 60

1528 1266 1569 1303 70

1527 1586 1567 1625 75

1524 1915 1567 1945 8ο

1260 2027 1303 2056 59
1327 2015 1410 2058 (ea)
1438 2027 1504 2046 una

1305 2062 1347 2091 62
1371 2059 1505 2101 ablegat

173 2105 206 2135 A
340 2106 382 2143 63
407 2105 480 2136 eius
504 2110 612 2135 mater
637 2106 668 2135 ei
694 2105 734 2143 Ρ,
762 2105 943 2135 emendatio
969 2106 1135 2145 neglegens
1159 2105 1215 2145 (iv.
1235 2104 1271 2144 3)
1405 2105 1448 2134 66
1472 2103 1505 2133 in

173 2159 239 2179 om.
259 2147 293 2177 A
425 2150 466 2187 67
490 2153 570 2179 sunt
587 2149 641 2178 hie
657 2159 741 2188 quos
759 2149 860 2178 credo
885 2159 974 2178 nunc
999 2149 1090 2179 inter
1108 2158 1146 2178 se
1170 2148 1284 2178 dicere
1301 2147 1335 2177 Ρ
1465 2157 1503 2186 71

173 2191 240 2221 alio
265 2190 299 2220 P
324 2191 397 2231 (pro
422 2193 506 2227 aiio;
531 2193 551 2222 i.
575 2202 603 2230 7,
635 2192 666 2230 Ι)
767 2191 816 2232 id]
844 2192 907 2222 hoe
932 2191 965 2221 P
1099 2202 1138 2230 72
1163 2190 1197 2221 in
1222 2189 1357 2232 <tex-ra>
1381 2190 1506 2230 Apulia

173 2234 285 2274 scripsz
311 2234 363 2274 (cjl
391 2234 577 2275 Altenburg
599 2245 693 2266 serm.
716 2234 787 2275 ped.
818 2245 848 2274 p.
872 2235 975 2273 490:
1010 2233 1145 2276 (terra)
1169 2235 1203 2265 in
1227 2234 1340 2274 Apula
1371 2234 1508 2274 Seyffert

176 2287 217 2316 73
240 2288 344 2317 opera
360 2278 393 2308 P
502 2289 542 2318 79
566 2278 712 2319 puellam
731 2278 821 2308 illam
838 2277 1000 2318 Pylades:
1018 2279 1100 2317 fort.
1122 2279 1153 2308 il.
1175 2278 1351 2318 puerulam
