1794 2728
212 71 264 107 ΙΙ.

229 324 269 353 30

231 780 271 812 35

235 1884 275 1916 45

287 70 315 106 ii
706 67 753 104 Τ.
787 65 966 103 MACCI
998 63 1202 101 PLAVTI

288 188 392 219 certe
412 179 518 218 enim
540 179 632 216 med
653 176 707 215 illi
728 182 977 225 expectatum
999 179 1134 223 optato
1156 178 1365 210 uenturum
1387 170 1478 209 scio.

289 248 353 284 So.
386 244 505 294 quid?
535 257 597 281 me
619 256 699 280 non
721 255 802 279 rere
820 246 1068 289 expectatum
1084 236 1235 275 amicae
1256 243 1466 274 uenturum
1483 236 1616 273 meae?

290 312 362 349 AL.
400 310 500 348 meu'
533 308 591 346 uir
625 305 853 356 hicquidem
887 311 955 341 est.
1030 304 1113 340 AM.
1151 314 1313 350 sequere
1352 301 1425 338 hac
1464 307 1504 337 tu
1539 313 1613 337 me.
1635 300 1706 334 660

1004 369 1077 405 AL.
1109 380 1201 404 nam
1224 365 1319 415 quid
1341 364 1391 402 ill’
1412 364 1619 403 reuortitur

288 441 356 492 qui
376 441 528 479 dudum
550 450 757 488 properare
774 432 894 486 se[se]
916 433 1051 471 aibat?
1082 431 1130 470 an
1152 431 1215 469 ille
1232 444 1295 468 me
1311 436 1477 479 temptat
1492 428 1618 467 sciens

288 514 406 556 atque
427 505 467 543 id
488 518 529 542 se
550 504 633 541 uolt
654 499 831 551 experiri,
852 512 965 536 suom
987 497 1139 535 abitum
1162 503 1203 533 ut
1224 494 1474 534 desiderem?

289 578 440 610 ecastor
461 570 552 607 med
573 568 679 605 haud
700 565 823 603 inuita
844 578 884 602 se
906 565 1071 602 domum
1094 560 1230 611 recipit
1251 573 1372 598 suam.

290 638 355 675 So.
388 633 635 684 Amphitruo,
668 631 793 670 redire
827 631 877 668 ad
913 642 1055 667 nauem
1092 625 1249 665 meliust
1278 638 1361 664 nos.
1429 627 1511 662 AM.
1543 638 1621 674 qua

1472 688 1621 739 gratia?

292 769 358 806 So.
389 765 480 815 quia
500 763 609 802 domi
631 763 792 800 daturus
813 773 932 798 nemo
952 766 1010 797 est
1031 756 1241 807 prandium
1262 754 1577 794 aduenientibus.
1639 757 1704 801 665

292 833 374 870 ΑΜ.
407 830 473 880 qui
495 828 566 867 tibi
586 841 692 866 nunc
713 826 813 864 istuc
834 825 873 863 in
901 824 1142 863 mentemst?
1200 823 1264 859 So.
1297 819 1389 870 quia
1409 818 1514 858 enirn
1535 832 1620 857 sero

1374 884 1619 923 aduenimus.

293 963 375 1000 AM.
408 959 504 1010 qui?
560 961 625 997 So.
657 957 750 1007 quia
770 958 1032 995 Alcumenam
1063 960 1154 992 ante
1183 951 1292 990 aedis
1323 958 1424 989 stare
1453 957 1623 988 saturam

1426 1015 1621 1064 intellego.

294 1094 377 1130 ΑΜ.
409 1090 611 1141 grauidam
647 1103 720 1139 ego
750 1088 867 1126 illanc
901 1086 965 1124 hic
995 1084 1133 1135 reliqui
1169 1097 1290 1134 quom
1321 1083 1432 1121 abeo.
1492 1083 1557 1120 So.
1590 1081 1626 1119 ei

1378 1147 1474 1198 perii
1495 1146 1623 1184 miser.

294 1225 376 1261 AM.
409 1221 504 1272 quid
535 1220 605 1259 tibi
641 1221 728 1258 est?
795 1220 859 1257 So.
892 1218 943 1255 ad
972 1229 1115 1266 aquam
1151 1215 1419 1265 praebendam
1452 1225 1625 1251 commo-

1162 1281 1258 1318 dum
1279 1278 1425 1318 adueni
1445 1279 1622 1324 domum,

296 1354 466 1392 decumo
487 1358 575 1401 post
597 1364 742 1396 mense,
766 1356 808 1387 ut
829 1347 1019 1386 rationem
1041 1354 1079 1384 te
1100 1345 1247 1383 dictare
1268 1344 1464 1393 intellego.
1641 1341 1713 1383 670

297 1419 379 1456 AM.
411 1417 519 1455 bono
542 1415 677 1453 animo
705 1428 756 1452 es.
816 1414 881 1451 So.
914 1411 997 1450 scin
1023 1423 1142 1461 quarn
1168 1410 1277 1448 bono
1298 1409 1430 1448 animo
1458 1409 1561 1447 sim?
1595 1406 1625 1445 si

1294 1476 1450 1515 situlam
1472 1487 1624 1525 cepero,

297 1557 517 1594 numquam
547 1544 690 1592 edepol
721 1549 761 1580 tu
790 1541 886 1580 mihi
912 1540 1039 1581 diuini
1072 1538 1325 1593 [quicquam]
1356 1541 1509 1578 creduis
1537 1525 1625 1588 post

601 1601 609 1607 ’
1054 1606 1065 1616 ’
1380 1606 1485 1643 hunc
1507 1604 1623 1650 diem,

294 1675 335 1713 n1'
355 1688 427 1724 ego
448 1672 501 1711 illi
524 1680 654 1722 puteo,
679 1670 709 1709 si
731 1685 913 1721 occepso,
937 1671 1109 1709 animam
1132 1684 1292 1709 omnem
1313 1670 1576 1709 intertraxero.

296 1741 377 1777 AM.
410 1751 573 1787 sequere
594 1738 668 1774 hac
691 1751 754 1774 me
777 1738 899 1775 modo
915 1751 925 1784 3
955 1736 1074 1775 alium
1097 1750 1170 1786 ego
1191 1735 1251 1774 isti
1277 1735 1330 1774 rei
1350 1735 1554 1785 adlegabo,
1577 1748 1627 1772 ne

1519 1800 1623 1838 time.

298 1871 372 1908 AL.
404 1868 516 1918 magi'
548 1882 653 1906 nunc
683 1867 783 1920 (me)
813 1882 945 1907 meum
977 1867 1150 1907 officium
1187 1869 1323 1914 facere,
1357 1867 1387 1906 si
1418 1866 1509 1905 huic
1539 1879 1626 1905 eam
1644 1867 1711 1912 675

1203 1934 1428 1980 aduorsum,
1451 1931 1624 1970 arbitror.

338 2041 403 2071 662
427 2050 463 2071 se
492 2040 688 2071 Acidalius:
716 2040 743 2069 si
769 2039 836 2070 cod.
971 2040 1037 2069 666
1061 2042 1242 2069 mentemst
1268 2036 1500 2067 Lindemann:
1535 2047 1626 2066 rnen—

297 2089 363 2115 tem
381 2084 476 2114 uenit
495 2084 561 2115 cod.
583 2086 627 2123 (v.
650 2083 681 2123 1)
790 2084 849 2113 tibi
876 2084 914 2114 is.
943 2083 975 2112 in
1002 2093 1044 2113 m.
1073 2093 1103 2113 u.
1125 2081 1197 2123 (del.
1223 2080 1327 2121 nunc)
1344 2080 1483 2120 Pylades
1569 2080 1627 2119 qui

298 2128 388 2158 enirn
402 2127 478 2167 (pro
494 2128 677 2167 quiaenim)
693 2127 759 2158 cod.
828 2127 892 2157 668
917 2137 1018 2165 quom
1030 2126 1106 2157 Ital.
1123 2137 1130 2156 :
1154 2135 1254 2164 quam
1267 2124 1332 2154 cod.
1401 2126 1465 2163 670
1490 2125 1627 2154 ductare

297 2170 508 2202 Lambinus:
542 2176 662 2211 putare
699 2170 823 2210 Ussing
968 2171 1028 2206 671
1066 2169 1199 2200 situlam
1226 2168 1456 2198 Camerarius:
1494 2168 1626 2197 situlam

267 2247 275 2258 N
298 2216 362 2246 iam
382 2215 449 2246 cod.
474 2215 532 2255 (iv.
554 2215 590 2255 4)
1391 2213 1454 2251 672
1485 2211 1540 2242 vix
1556 2207 1625 2241 dini

299 2261 477 2300 quicquam
504 2259 561 2290 del.
590 2258 708 2293 Bothe;
733 2257 770 2297 cf.
789 2256 927 2286 Redslob
945 2256 1044 2291 (ΒΝΖ.
1063 2256 1148 2287 Phil.
1171 2254 1278 2286 Woclz.
1297 2265 1348 2293 22,
1367 2256 1444 2294 553)
1564 2256 1627 2291 673

300 2309 440 2344 eccepto
459 2303 525 2334 cod.
546 2302 579 2341 (Ni.
601 2302 634 2341 7)
654 2313 660 2331 2
688 2304 824 2331 testatur
843 2309 989 2338 occepso
998 2295 1137 2330 'Nonius
1157 2300 1226 2337 148,
1246 2299 1321 2328 item
1339 2309 1403 2336 410
1563 2299 1626 2335 674

300 2346 524 2423 ῗέξέῖξξσὲοέ.
649 2345 713 2383 675
737 2354 789 2374 me
807 2343 884 2374 add.
903 2342 1114 2373 Lindemann
1219 2342 1330 2373 facere
1348 2342 1375 2372 si
1393 2341 1603 2372 Cameram'us
1618 2351 1626 2370 ι
