1814 2723
204 18 318 54 III.i
726 16 770 52 T.
806 15 986 54 MACCI
1018 14 1221 52 PLAVTI

308 126 375 165 ubi
395 125 496 173 estis,
521 125 651 164 serui?
680 124 877 164 occludite
897 124 1005 163 aedis
1026 124 1201 174 pessulis,
1225 123 1428 174 repagulis.

307 191 384 237 ibo,
408 191 509 229 hanc
530 204 602 241 ego
623 191 788 228 tetulero
809 189 909 227 intra
928 188 1202 227 limen.——ME.
1235 188 1342 235 abiit,
1367 187 1527 238 apstulit
1652 190 1722 234 650

249 273 287 294 20
307 256 521 294 mulierem.
581 255 658 301 ibo,
681 268 891 305 persequar
915 253 992 292 iam
1022 253 1131 292 illum
1161 253 1274 300 intro,
1297 261 1339 291 ut
1369 255 1467 292 haec
1495 267 1542 291 ex
1571 266 1634 290 me

1539 317 1635 356 sciat

307 387 457 433 eadem,
480 385 534 424 sei
555 399 716 436 possum
739 384 990 435 tranquillum
1011 386 1137 423 facere
1158 398 1204 423 ex
1225 383 1321 422 irato
1342 383 1449 421 mihi.

781 595 1040 643 ACTVS
1095 595 1170 641 IV

188 693 288 731 IV.i
550 692 851 729 LAMPADIO
964 691 1383 726 PHANOSTRATA

308 775 377 811 LA.
402 774 562 811 Nullam
580 786 651 822 ego
668 785 731 810 me
748 770 894 809 uidisse
915 771 1033 808 credo
1055 769 1177 820 magis
1198 784 1317 808 anum
1335 770 1634 809 excruciabilem

308 852 425 889 quam
440 838 550 876 illaec
565 845 638 875 est:
670 850 771 886 quae
785 837 937 874 dudum
952 836 1089 873 fassast
1104 834 1211 882 mihi,
1229 848 1381 884 quaene
1395 834 1536 874 infitias
1550 837 1635 874 eat?

309 905 377 942 sed
399 916 532 942 eccam
554 915 658 940 eram
681 901 809 939 uideo.
852 901 921 938 sed
943 899 1039 950 quid
1060 901 1136 938 hoc
1157 906 1225 946 est,
1245 901 1342 938 haec
1363 901 1471 950 quod
1488 899 1635 938 cistella
1654 907 1719 950 655

1453 965 1517 1003 hic
1536 964 1636 1004 iacet

310 1048 399 1072 cum
422 1032 674 1083 crepundiis?
703 1045 777 1070 nec
798 1044 1039 1081 quemquam
1061 1030 1268 1081 conspicor
1288 1030 1407 1068 alium
1428 1030 1468 1068 in
1489 1030 1562 1068 uia.

270 1115 286 1147 5
308 1098 537 1137 faciundum
558 1105 615 1136 est
636 1096 784 1147 puerile
805 1095 977 1134 officium
995 1110 1002 1133 :
1032 1095 1331 1146 conquiniscam
1351 1096 1402 1133 ad
1423 1094 1612 1133 cistulam.

308 1167 383 1203 PH.
416 1164 512 1214 quid
550 1163 641 1214 agis,
684 1162 934 1213 Lampadio?
1020 1164 1090 1200 LA.
1124 1163 1222 1200 haec
1261 1161 1409 1199 cistella
1447 1174 1637 1198 numnam

1089 1226 1182 1265 hinc
1202 1227 1252 1265 ab
1274 1226 1388 1265 nobis
1410 1227 1531 1264 domo
1551 1227 1638 1264 est?

308 1308 400 1333 nam
420 1294 512 1333 hinc
533 1294 584 1332 ab
605 1293 706 1332 ostio
727 1293 921 1331 iacentem
943 1292 1091 1330 sustuli.
1154 1294 1227 1329 PH.
1262 1291 1358 1341 quid
1379 1290 1535 1329 nuntias

308 1375 424 1411 super
443 1362 553 1399 anu?
610 1361 680 1397 LA.
713 1358 977 1397 scelestiorem
999 1358 1038 1396 in
1059 1365 1159 1396 terra
1178 1359 1326 1395 nullam
1348 1370 1432 1395 esse
1452 1358 1612 1395 alteram
1629 1371 1638 1404 3
1656 1361 1726 1397 660

310 1426 443 1464 omnia
463 1424 628 1463 infitiare
648 1424 737 1470 iam,
761 1437 862 1473 quae
883 1424 1035 1462 dudum
1057 1424 1238 1461 confessa
1258 1429 1315 1460 est
1336 1421 1442 1460 mihi.

253 1508 292 1530 10
311 1504 402 1529 nam
430 1491 562 1529 hercle
589 1502 662 1539 ego
688 1486 843 1541 (quam)
866 1487 972 1526 illam
998 1501 1118 1526 anum
1146 1486 1314 1526 inridere
1341 1500 1404 1525 me
1431 1493 1473 1524 ut
1500 1486 1636 1533 sinam,

604 1602 611 1609 ,
1387 1551 1524 1590 satiust
1544 1551 1640 1590 mihi

310 1620 451 1671 quouis
471 1620 588 1659 exitio
608 1619 774 1658 interire.
834 1620 909 1657 PH.
941 1618 993 1666 di,
1016 1608 1180 1669 opsecro
1200 1624 1373 1656 nostram
1394 1618 1570 1655 fidem—

312 1689 383 1725 LA.
415 1685 511 1737 quid
531 1687 628 1724 deos
649 1686 860 1736 opsecras?
918 1686 992 1723 PH.
1025 1691 1177 1723 seruate
1198 1697 1281 1722 nos.
1343 1685 1412 1721 LA.
1437 1682 1533 1732 quid
1555 1684 1641 1721 est?

1321 1750 1394 1786 PH.
1427 1747 1641 1798 crepundia

311 1819 409 1856 haec
430 1823 530 1864 sunt,
549 1816 777 1867 quibu’cum
799 1823 839 1854 tu
861 1815 1031 1854 extulisti
1046 1821 1219 1854 nostram
1236 1813 1395 1853 filiolam
1416 1815 1467 1852 ad
1487 1827 1637 1851 necem.
1659 1822 1724 1866 665

312 1884 383 1921 LA.
417 1895 562 1920 sanane
596 1883 666 1920 es?
742 1883 815 1919 PH.
848 1882 946 1920 haec
985 1888 1076 1919 sunt
1108 1881 1295 1930 profecto.
1374 1880 1444 1916 LA.
1477 1877 1641 1928 pergin?

1004 1948 1078 1984 PH.
1111 1947 1208 1983 haec
1230 1951 1330 1982 sunt.
1390 1945 1460 1981 LA.
1493 1943 1524 1981 si
1545 1942 1641 1981 mihi

256 2030 294 2063 15
312 2012 388 2051 alia
407 2011 547 2050 mulier
565 2011 665 2051 istoc
685 2019 802 2062 pacto
823 2011 939 2058 dicat,
963 2010 1092 2049 dicam
1114 2023 1199 2048 esse
1220 2008 1378 2047 ebriam.

356 2118 422 2156 650
445 2116 515 2156 ibo]
540 2116 617 2146 ilico
645 2116 769 2156 Ussing
907 2116 972 2154 652
995 2114 1045 2145 sei
1064 2113 1158 2153 (corr.
1179 2112 1246 2153 set)
1266 2111 1332 2143 cod.
1352 2115 1390 2142 ul
1409 2111 1473 2143 vid.
1497 2112 1560 2151 (sic
1578 2111 1637 2150 3³,

314 2161 375 2192 sed
391 2159 505 2197 B¹VJ‚
523 2165 574 2190 set
590 2160 639 2189 vel
652 2160 696 2190 sit
712 2159 772 2195 Et)
906 2160 969 2198 657
995 2157 1243 2196 conquiniscam
1270 2159 1407 2186 testatur
1424 2155 1555 2186 Nonius
1576 2156 1618 2194 84
1634 2166 1641 2184 :

314 2213 482 2243 quomque
501 2203 566 2233 mei
588 2204 689 2233 sciam
712 2202 777 2234 cod.
799 2203 876 2242 (pro
900 2200 1257 2241 quomqueneiscamz)
1390 2200 1451 2230 661
1481 2198 1642 2229 infitiatur

269 2249 277 2259 ⁸
314 2247 418 2278 Pius:
440 2246 523 2284 sort.
552 2246 708 2276 infitiarei
808 2246 871 2276 iam
899 2245 1044 2276 Schoell:
1076 2254 1116 2275 ea
1141 2243 1205 2274 cod.
1341 2244 1405 2273 662
1433 2253 1533 2282 quam
1565 2241 1641 2273 add.

315 2290 450 2331 Seyffert
583 2291 646 2328 664
663 2299 724 2320 uos
740 2288 805 2321 cod.
826 2291 903 2330 (nos
915 2289 958 2330 J)
1000 2296 1022 2307 β
