1742 2718
732 58 991 96 EPIDICVS
1470 58 1522 94 II.
1545 56 1572 92 ii

120 176 181 213 195
254 166 386 216 itaque
405 166 642 205 adsimulato
658 166 768 215 quasi
790 179 858 216 per
878 166 1015 204 urbem
1045 172 1168 204 totam
1189 164 1391 204 hominem
1413 178 1528 215 quae-

1380 243 1527 268 sineris.

200 310 282 346 age,
306 297 336 335 si
357 297 453 347 quid
473 296 563 346 agis.
623 296 664 334 di
685 295 910 334 inmortales
931 299 937 334 Ξ
972 295 1122 334 utinam
1142 295 1378 334 conueniam
1400 295 1509 333 domi
1552 306 1588 338 15

202 361 474 411 Periphanem,
490 374 558 411 per
570 373 731 398 omnem
745 361 881 398 urbem
897 374 1015 410 quem
1033 374 1119 398 sum
1133 362 1309 399 defessus
1323 373 1526 410 quaerere:

200 439 268 474 per
289 426 516 472 medicinas,
538 439 607 475 per
625 425 820 472 tostrinas,
843 425 882 463 in
902 425 1106 475 gymnasio
1126 433 1245 475 atque
1264 425 1305 463 in
1326 426 1421 472 foro,

198 503 267 538 per
288 490 503 541 myropolia
522 497 560 529 et
580 490 755 528 lanienas
776 490 1003 540 circumque
1023 490 1269 540 argentarias.

111 564 180 590 200
197 554 403 603 rogitando
424 568 511 593 sum
531 568 671 593 raucus
692 556 827 601 factus,
851 568 977 605 paene
997 555 1037 593 in
1058 569 1173 594 cursu
1194 556 1361 594 concidi.

198 620 266 656 PE.
298 619 486 669 Epidice!
546 621 614 658 ΕΡ.
649 619 860 669 Epidicum
895 620 982 670 quis
1016 628 1074 658 est
1108 621 1176 670 qui
1206 622 1397 659 reuocat?
1454 622 1522 658 ΡΕ.
1549 631 1588 653 20

1055 699 1127 735 ego
1149 699 1246 733 sum,
1272 686 1522 735 Periphanes.

195 750 266 786 ΑΡ.
299 756 338 788 et
366 762 440 799 ego
468 749 693 799 Apoecides
723 762 820 787 sum.
891 750 959 788 ΕΡ.
992 756 1031 788 et
1051 750 1288 800 egoquidem
1319 763 1405 788 sum
1437 750 1527 800 Epi-

576 809 580 811 .
981 814 1103 853 dicus.
1162 817 1242 863 sed,
1266 829 1342 863 ere,
1363 824 1526 866 optuma

193 891 264 916 uos
286 878 404 917 uideo
425 878 719 929 opportunitate
739 879 858 918 ambo
876 879 1079 919 ¹aduenire.
1145 882 1213 918 PE.
1246 880 1342 930 quid
1363 881 1416 919 rei
1438 884 1526 920 est?

195 944 263 982 ΕΡ.
297 957 423 991 mane,
456 942 619 996 (mane),
654 945 739 982 sine
768 943 954 995 respirem
985 958 1143 995 quaeso.
1205 947 1273 983 PE.
1306 945 1430 984 immo
1458 948 1524 985 ad-

890 1009 1060 1059 quiesce.
1120 1011 1190 1048 ΕΡ.
1219 1009 1352 1048 animo
1372 1011 1521 1049 malest.

105 1082 172 1120 205
192 1075 264 1111 ΑΡ.
310 1073 440 1124 recipe
476 1073 706 1113 anhelitum.
782 1076 851 1113 PE.
897 1076 1122 1123 clementer,
1158 1074 1369 1124 requiesce.
1452 1077 1521 1113 ΕΡ.

1117 1137 1295 1176 animum
1315 1138 1520 1178 aduortite.

188 1213 210 1238 a
240 1200 394 1251 legione
420 1214 558 1240 omnes
582 1201 733 1241 remissi
756 1209 848 1241 sunt
873 1203 1038 1241 domum
1062 1202 1222 1242 Thebis.
1299 1205 1372 1241 ΑΡ.
1417 1202 1522 1254 (quis
1544 1219 1584 1251 25

1427 1267 1522 1321 hoc)

188 1330 261 1369 scit
281 1331 461 1370 factum?
528 1334 598 1371 ΕΡ.
630 1345 703 1383 ego
727 1332 780 1371 ita
807 1332 898 1372 dico
924 1334 1071 1372 facturn
1096 1332 1191 1372 esse.
1266 1335 1334 1372 PE.
1367 1333 1451 1372 scin
1477 1342 1520 1372 tu

1135 1398 1264 1437 istuc?
1321 1400 1391 1437 ΕΡ.
1424 1399 1515 1437 scio.

188 1463 256 1499 ΡΕ.
288 1461 356 1512 qui
376 1469 418 1500 tu
439 1462 543 1501 scis?
599 1465 669 1501 ΕΡ.
700 1462 793 1512 quia
813 1476 885 1513 ego
906 1463 960 1502 ire
980 1463 1062 1502 uidi
1083 1463 1225 1503 milites
1246 1463 1372 1514 plenis
1392 1464 1466 1502 uiis
1481 1480 1491 1512 ;

185 1539 293 1565 arma
312 1528 483 1566 referunt
502 1535 541 1567 et
560 1527 737 1566 iumenta
756 1530 916 1567 ducunt.
977 1531 1044 1567 PE.
1077 1528 1185 1567 nimi'
1206 1525 1352 1568 factum
1373 1530 1474 1568 bene
1491 1533 1498 1568 Ι

98 1599 168 1625 210
187 1592 256 1629 ΕΡ.
288 1599 372 1630 tum
392 1593 638 1642 captiuorum
659 1592 754 1643 quid
775 1594 927 1631 ducunt
947 1606 1081 1632 secum
1101 1596 1107 1632 ἒ
1137 1607 1290 1643 pueros,
1313 1594 1495 1645 uirgines,

184 1655 310 1703 binos,
334 1664 476 1705 ternos,
499 1657 598 1696 alius
619 1657 796 1708 quinque
812 1672 823 1705 3
852 1658 895 1696 fit
915 1671 1129 1696 concursus
1149 1671 1219 1709 per
1238 1658 1333 1707 uias,
1535 1673 1578 1705 30

183 1720 284 1760 filios
304 1735 396 1760 suos
416 1724 583 1772 quisque
602 1722 744 1761 uisunt.
804 1724 873 1761 PE.
905 1724 1035 1762 hercle
1054 1736 1136 1762 rem
1156 1731 1306 1773 gestam
1326 1725 1428 1764 bene
1445 1729 1451 1764 !

185 1787 255 1824 ΕΡ.
297 1794 381 1825 tum
419 1787 666 1827 meretricum
705 1801 891 1827 numerus
930 1795 1062 1827 tantus
1099 1796 1292 1839 quantum
1337 1790 1376 1828 in
1419 1792 1516 1830 urbe

1315 1856 1424 1893 omni
1444 1857 1516 1895 fuit

184 1917 344 1955 obuiam
364 1925 523 1957 ornatae
543 1919 800 1957 occurrebant
820 1919 899 1957 suis
919 1919 1124 1970 quaequae
1143 1920 1394 1968 amatoribus,

98 1989 163 2028 215
184 1995 252 2020 eos
272 1983 492 2032 captabant.
550 1983 592 2023 id
611 1985 713 2023 adeo
733 1984 801 2035 qui
820 1998 1003 2024 maxume
1021 1985 1197 2024 animum
1217 1986 1456 2025 aduorterim
1472 1989 1489 2026 ?

226 2096 290 2117 202
313 2088 449 2127 quidem
478 2098 544 2127 ego
572 2089 713 2120 Mueller
849 2101 913 2130 203
947 2091 1045 2122 ambo
1071 2092 1234 2123 aduenire
1260 2093 1515 2133 opportunitate

182 2128 246 2160 cod.
266 2141 272 2159 :
298 2131 369 2162 irai.
383 2129 488 2162 Bothe
617 2144 680 2172 204
706 2133 806 2164 Mane
823 2133 967 2176 (mane)
989 2133 1108 2166 Weise:
1131 2135 1234 2167 Mane
1252 2135 1344 2179 (sis)
1358 2135 1409 2167 vel
1421 2134 1514 2178 (sic)

181 2171 321 2204 Redslob
349 2173 450 2214 (Berl.
477 2174 562 2207 Phil.
596 2175 703 2207 Woch.
732 2186 784 2216 22,
813 2177 921 2217 553):
955 2177 1056 2210 Mane
1083 2178 1206 2222 (dum)
1230 2180 1318 2210 Brix
1449 2189 1513 2219 205

182 2217 296 2256 recipe
326 2215 438 2249 Brix:
478 2219 638 2259 recipiam
670 2219 735 2250 cod.
767 2221 844 2261 (seq.
878 2222 952 2261 an-)
1131 2225 1196 2253 206
1229 2224 1305 2263 quis
1337 2224 1402 2255 hoc
1433 2222 1509 2254 add.

183 2259 397 2292 Camerarius
498 2273 561 2302 207
587 2263 676 2294 Dicit
692 2262 774 2293 Reiz
848 2264 869 2295 f.
887 2275 963 2296 esse
978 2266 1009 2296 d.
1027 2265 1111 2297 cod.:
1128 2267 1238 2298 traieci
1338 2278 1398 2298 211
1418 2266 1512 2307 quin-

179 2313 246 2342 que
270 2303 370 2336 Ital.:
397 2305 540 2345 quisque
564 2306 632 2338 cod.
765 2317 827 2346 214
851 2311 1058 2348 s.'quaeque
1082 2309 1147 2340 cod.
1168 2321 1175 2341 ε
1199 2320 1230 2350 q.
1257 2311 1328 2341 suis
1355 2311 1510 2343 Gur‘etus:

180 2356 208 2379 s.
225 2348 379 2387 quisquis
394 2347 549 2390 Hasper:
572 2360 598 2382 s.
617 2360 648 2389 q.
669 2349 758 2393 (ibi)
775 2349 914 2381 Mueller
1043 2362 1106 2392 215
1130 2353 1436 2387 animaduorierint
1450 2355 1484 2384 A
