1814 2723
189 59 242 100 11.
267 62 312 98 vi
692 61 738 98 T.
773 59 953 99 MACCI
986 59 1190 97 PLAVTI

209 178 248 212 55
271 169 342 210 CL.
374 169 442 208 feri
471 171 624 215 malam,
655 176 696 206 ut
723 168 798 215 ille,
821 181 964 206 rusum.
1025 168 1098 207 OL.
1131 167 1250 218 perii!
1281 167 1422 218 pugnis
1442 169 1595 215 caedor,

1409 232 1595 284 Iuppiter.

268 300 339 339 Lv.
371 299 466 349 quid
494 299 563 337 tibi
590 298 708 337 tactio
732 300 838 336 hunc
864 298 965 336 fuit?
1022 299 1099 338 CH.
1132 298 1224 348 quia
1245 297 1355 336 iussit
1376 299 1473 336 haec
1495 299 1598 337 Iuno

1497 376 1594 401 mea.

268 430 338 468 Lv.
371 429 605 478 patiundum
631 436 702 476 est,
724 427 918 477 siquidem
948 441 1010 465 me
1031 427 1125 466 uiuo
1153 442 1240 466 mea
1266 441 1362 466 uxor
1389 427 1597 477 imperium

1425 491 1595 530 exhibet.

267 560 337 599 CL.
370 567 448 597 tam
469 559 561 597 huic
582 558 689 608 loqui
710 558 826 596 licere
842 566 995 608 oportet
1016 572 1134 608 quam
1152 558 1224 596 isti.
1285 559 1358 597 OL.
1391 571 1463 607 qur
1478 571 1597 595 omen
1615 569 1685 602 410

1503 621 1597 660 mihi

268 689 491 740 uituperat?
549 691 617 727 Lv.
651 691 766 735 malo,
791 689 967 735 Chaline,
992 688 1061 727 tibi
1083 690 1308 728 cauendum
1333 701 1487 726 censeo.

205 758 248 791 60
268 756 345 794 CH.
378 753 555 804 temperi,
572 761 781 803 postquam
803 761 1073 804 oppugnatum
1094 761 1151 792 est
1172 767 1226 792 os.
1287 755 1356 791 LY.
1388 767 1470 803 age,
1489 766 1595 800 uxor,

1410 817 1596 856 nunciam

267 883 372 922 sorti.
422 897 494 922 uos
514 883 709 922 aduortite
730 883 917 921 animum.
970 897 1061 933 prae
1083 890 1190 922 metu
1212 883 1279 921 ubi
1301 882 1373 921 sirn
1395 882 1540 921 nescio.

267 950 386 1000 perii!
423 964 489 988 cor
508 949 715 996 lienosum,
739 949 889 999 opinor,
913 950 1053 997 habeo,
1077 948 1153 987 iam
1175 950 1328 987 dudum
1350 948 1449 996 salit,

266 1016 317 1054 de
345 1016 478 1054 labore
513 1022 650 1065 pectus
685 1014 825 1053 tundit.
895 1016 965 1054 CL.
1016 1022 1132 1053 teneo
1166 1022 1321 1053 sortem.
1391 1016 1471 1052 Lv.
1495 1015 1599 1052 ecfer
1616 1025 1683 1062 415

1483 1081 1595 1118 foras.

266 1147 344 1187 CH.
377 1146 507 1185 iamne
529 1146 745 1184 mortuo's?
794 1146 866 1185 OL.
901 1147 1076 1184 ostende.
1139 1159 1226 1184 mea
1245 1144 1379 1198 (haee)
1398 1153 1466 1185 est.
1517 1146 1594 1185 CH.

1086 1212 1188 1249 mala
1208 1225 1301 1249 crux
1321 1218 1402 1249 east
1423 1210 1595 1261 quidem.

204 1280 246 1321 65
269 1279 339 1317 CL.
372 1277 498 1315 uictus
520 1290 572 1323 es,
592 1275 769 1315 Chaline.
830 1277 900 1314 Lv.
933 1289 1055 1326 quom
1076 1290 1149 1314 nos
1169 1276 1210 1315 di
1230 1276 1374 1323 iuuere,
1397 1274 1597 1326 Olympio,

266 1343 431 1392 gaudeo.
492 1342 564 1380 OL.
597 1340 742 1391 pietate
763 1341 909 1379 facturn
926 1348 985 1379 est
1006 1354 1093 1379 mea
1108 1348 1227 1391 atque
1244 1340 1436 1379 maiorum
1453 1354 1597 1378 meum.

266 1408 334 1445 Lv.
367 1407 468 1445 intro
507 1405 581 1453 abi,
624 1419 730 1453 uxor,
770 1413 889 1456 atque
927 1406 1077 1444 adorna
1115 1405 1281 1455 nuptias.
1356 1406 1425 1444 CL.
1458 1404 1597 1443 faciam

1409 1477 1451 1508 ut
1472 1470 1594 1508 iubes.

264 1540 333 1576 Lv.
367 1537 449 1576 scin
489 1545 530 1575 tu
570 1551 633 1575 rus
672 1536 765 1576 hinc
805 1551 889 1576 esse
927 1538 978 1576 ad
1018 1536 1151 1576 uillam
1186 1538 1301 1587 longe
1336 1550 1416 1587 quo
1450 1536 1685 1578 ducat?‘420

601 1603 609 1608 '
1399 1602 1470 1640 CL.
1502 1599 1594 1638 scio.

264 1671 333 1707 Lv.
368 1668 469 1707 intro
495 1668 559 1707 abi
589 1675 637 1716 et,
671 1681 913 1718 quamquam
943 1669 1019 1707 hoc
1048 1667 1117 1707 tibi
1145 1681 1259 1718 aegre
1289 1674 1358 1715 est,
1381 1674 1513 1705 tamen
1537 1667 1598 1703 fac

1107 1747 1278 1773 accures.
1338 1734 1408 1772 CL.
1440 1731 1598 1771 licet.—

204 1812 245 1846 70
265 1802 335 1837 Lv.
368 1813 503 1838 eamus
531 1813 603 1839 nos
624 1814 784 1851 quoque
807 1800 920 1848 intro,
945 1801 1146 1839 hortemur
1172 1807 1215 1838 ut
1241 1805 1460 1850 properent.
1520 1798 1594 1836 OL.

1167 1864 1363 1914 numquid
1384 1876 1515 1901 moror
1526 1864 1597 1900 ?—

265 1931 335 1967 Lv.
368 1943 458 1967 narn
481 1939 685 1980 praesente
707 1933 784 1969 hoc
805 1933 915 1981 plura
936 1931 1057 1969 uerba
1075 1928 1194 1982 (fieri)
1212 1944 1292 1968 non
1321 1928 1570 1967 desidero.—

306 2044 370 2072 410
404 2033 493 2073 loqui
522 2034 624 2066 Jtal.:
658 2034 747 2074 loqui
775 2035 866 2076 [qui]
893 2034 957 2065 cod.
1104 2043 1167 2071 412
1191 2033 1347 2064 nunciam
1376 2032 1597 2070 Camerarius,

261 2077 412 2117 Bentley:
441 2078 550 2118 [mea]
578 2078 640 2108 iam
668 2089 757 2109 nunc
781 2078 846 2109 cod.
983 2088 1046 2117 413
1073 2088 1154 2117 prae
1175 2081 1266 2107 metu
1286 2076 1446 2107 Pistoris:
1473 2076 1597 2115 praebe

261 2126 296 2151 tu
313 2120 377 2152 cod.
515 2131 576 2160 414
602 2122 651 2152 vel
667 2123 771 2162 opino
863 2121 928 2153 iam
944 2121 1106 2161 Pylades:
1131 2121 1195 2151 iarn
1216 2119 1316 2162 [iam]
1336 2119 1401 2150 cod.
1531 2120 1597 2158 416

262 2164 344 2195 haec
361 2163 436 2196 add.
454 2164 589 2204 Geppert
659 2176 743 2196 crux
760 2176 800 2196 ea
817 2170 868 2196 est
888 2165 1100 2196 Camerarius
1114 2177 1121 2196 ε
1146 2164 1276 2195 crucias
1293 2163 1359 2194 cod.
1473 2172 1535 2201 417
1561 2163 1595 2193 di

262 2209 378 2239 iuuere
395 2207 554 2248 Spengel:
583 2209 640 2239 diu
659 2210 776 2239 uiuere
792 2208 857 2240 cod.
879 2209 923 2250 (v.
942 2209 996 2249 12)
1107 2209 1171 2247 418
1195 2207 1244 2237 vel
1257 2218 1295 2238 ac
1363 2217 1427 2237 ma.
1443 2216 1594 2236 meorum

258 2245 326 2283 Ncod.
418 2262 482 2290 420
507 2262 563 2282 rus
581 2252 660 2282 hinc
678 2251 819 2293 Langen
836 2264 843 2283 :
867 2252 936 2282 ruri
954 2251 1017 2284 cod.
1033 2252 1089 2291 (vi.
1105 2252 1136 2292 1)
1237 2261 1300 2290 423
1316 2250 1397 2290 sort.
1419 2250 1479 2280 hoc
1498 2259 1592 2289 prae-

261 2300 369 2336 sente,
379 2296 514 2335 favente
530 2295 753 2325 allitteratr'one
844 2296 916 2326 fieri
939 2295 1014 2326 add.
1036 2295 1247 2326 Camerarius
