1742 2718
639 49 1016 88 CISTELLARIA
1438 46 1490 84 II.
1510 45 1526 81 i

37 179 146 204 211-2
273 159 339 197 ubi
361 173 459 206 sum,
482 158 534 197 ibi
557 173 635 198 non
659 172 759 203 sum,
781 158 848 196 ubi
870 172 949 196 non
972 171 1070 204 sum,
1094 156 1147 196 ibi
1168 164 1226 195 est
1245 156 1410 203 animm,

326 224 379 262 ita
399 224 450 262 mi
472 223 605 262 omnia
625 231 716 261 sunt
738 222 918 272 ingenia3
1518 230 1556 252 10

271 290 379 339 quod
401 289 519 335 lubet,
542 302 622 325 non
644 288 752 326 lubet
773 287 849 325 iarn
873 287 910 325 id
933 286 1134 333 continuo,

77 369 142 404 215
271 354 322 392 ita
343 368 405 392 me
427 356 549 391 Amor
569 354 713 390 lassum
735 352 854 390 animi
877 352 1062 398 ludificat,

272 421 387 470 fugat,
409 418 496 468 agit,
519 417 679 468 appetit,
704 425 839 467 raptat,
863 417 1014 464 retinet,

29 491 144 532 217—8
216 486 344 531 lactat,
367 483 545 534 largitur:
576 484 684 532 quod
707 484 774 521 dat
794 496 874 521 non
895 483 986 529 dat3
1016 481 1191 521 deludit:

271 550 392 588 modo
413 549 521 598 quod
542 547 672 594 suasit,
695 546 771 599 (id)
790 547 1005 593 dissuadet‚
1516 561 1553 594 15

75 626 143 650 220
323 615 431 664 quod
452 612 645 660 dissuasit,
670 612 710 650 id
731 619 912 651 ostentat.

270 678 485 717 maritumis
506 677 672 716 moribu'
696 691 850 716 mecum
873 676 1087 727 expetitur:

322 744 375 782 ita
395 758 527 782 meum
548 743 688 793 frangit
708 750 906 781 amantem
927 742 1103 781 animum
1119 757 1130 790 3

268 823 407 859 neque,
430 808 503 847 nisi
524 806 615 858 quia
636 808 753 847 miser
772 821 853 846 non
874 822 922 846 eo
941 821 1111 857 pessum,

270 875 365 913 mihi
386 876 464 913 tilla
483 875 594 912 abest
615 874 769 923 perdito
790 873 999 924 permities.
1511 883 1552 904 20

77 950 141 986 225
271 939 323 978 ita
342 947 450 989 pater
469 940 575 990 apud
596 938 729 976 uillam
750 937 919 977 detinuit

270 1018 333 1043 me
353 1005 425 1043 hos
446 1004 530 1043 dies
551 1017 617 1042 sex
637 1003 713 1041 ruri
734 1002 954 1049 continuos,

28 1077 141 1118 227—8
215 1083 344 1120 neque
365 1069 515 1107 licitum
536 1068 685 1108 interea
705 1075 763 1107 est
784 1082 913 1107 meam
933 1068 1102 1107 amicam
1123 1068 1249 1107 uisere
1267 1066 1455 1120 (misero).

323 1142 433 1173 estne
453 1135 530 1173 hoc
551 1133 737 1173 miserum
759 1135 1008 1173 memoratu?

0 1188 96 1230 (frag.
115 1188 141 1227 ι)

78 1243 144 1276 230
163 1227 439 1266 nudiussextus

631 1295 649 1315 *
817 1296 834 1316 ²1<
1002 1296 1020 1316 *

423 1405 909 1442 ALCESIMARCHVS
1020 1404 1234 1441 SERVVS

0 1513 79 1554 frag.
99 1513 141 1556 11)
161 1510 272 1562 (AL.)
302 1511 438 1563 potine
476 1515 517 1550 tii
556 1513 677 1550 homo
716 1511 866 1550 facinus
906 1512 1032 1550 facere
1071 1511 1303 1548 strenuom?
1359 1510 1490 1560 (SER.)

1062 1575 1227 1614 aliorum
1248 1575 1411 1614 adfatim
1432 1584 1490 1615 est

158 1641 226 1692 qui
247 1642 401 1681 faciant.
460 1656 553 1681 sane
574 1656 647 1692 ego
668 1656 732 1681 me
752 1643 846 1681 nolo
866 1643 1005 1681 fortem
1026 1640 1222 1692 perhiberi
1243 1640 1381 1678 uirum.

626 1721 644 1741 ²1<
814 1722 831 1742 *
1000 1719 1018 1740 >k

159 1774 252 1811 SER.
285 1773 354 1811 sed
394 1772 490 1822 quid
532 1772 662 1811 istuc?
718 1774 790 1811 AL.
824 1774 926 1811 mala
960 1773 1083 1810 multa
1128 1771 1207 1810 dici
1246 1772 1341 1810 mihi
1381 1774 1485 1811 uolo.

1115 1838 1209 1875 SER.
1242 1850 1320 1887 qua
1339 1837 1489 1888 gratia?

203 1951 265 1980 213
304 1941 440 1980 ingenia
472 1946 550 1972 sunt
581 1941 673 1972 cod.:
711 1942 783 1973 traz'.
817 1941 959 1983 Spengel
1149 1942 1256 1980 217—8
1289 1941 1390 1973 iactat
1421 1942 1486 1974 cod.

158 1985 248 2024 quod
274 1988 303 2014 et
327 1985 456 2016 deludit
483 1984 535 2015 del
559 1986 599 2023 (2)
617 1984 695 2023 Leo,
714 1990 752 2016 ut
773 1985 907 2016 dimeter
919 1985 991 2026 fiat
1160 1995 1224 2024 219
1247 1984 1282 2016 id
1304 1985 1381 2017 add.
1408 1987 1490 2017 Reiz

159 2028 333 2059 dissuadet
357 2027 518 2068 Pylades:
541 2029 698 2060 dissuasit
715 2029 779 2060 cod.
914 2040 974 2060 221
1001 2032 1176 2070 experitur
1193 2028 1267 2060 Ital.
1295 2029 1345 2069 (cf.
1369 2030 1492 2061 Pradel

159 2071 196 2102 de
211 2076 318 2112 praep.
342 2082 374 2111 p.
400 2073 477 2111 515)
604 2084 668 2112 224
681 2073 762 2113 fort.
781 2074 873 2105 nulla
994 2075 1101 2113 227-8
1125 2073 1249 2103 misero
1268 2073 1344 2104 add.
1362 2073 1490 2105 Schoell

159 2125 224 2154 230
246 2125 318 2154 sqq.
339 2115 417 2155 plus
435 2116 568 2147 sescenti
580 2127 692 2148 versus
706 2118 873 2158 perierunt
887 2118 920 2148 in
938 2117 971 2148 P
988 2118 1066 2153 (duo
1083 2117 1310 2157 quaterniones
1325 2117 1359 2147 in
1375 2117 1429 2148 ΡΑ
1446 2117 1484 2158 2),

159 2169 199 2188 ex
216 2158 334 2198 quibus
349 2159 383 2189 in
398 2159 432 2189 A
449 2161 571 2191 servati
586 2165 666 2191 sunt
679 2173 728 2192 vv.
746 2171 908 2201 233—491‚
930 2161 988 2192 ubi
1000 2162 1083 2192 inter
1095 2172 1126 2192 v.
1147 2171 1207 2201 145
1223 2164 1254 2191 et
1267 2171 1329 2200 232
1345 2161 1488 2201 quinque

149 2201 235 2241 folia
255 2202 387 2243 periisse
405 2203 558 2235 videntur
662 2205 746 2244 frag.
766 2215 776 2235 1
789 2205 889 2246 gloss.
906 2205 1018 2237 Plaut.
1140 2204 1221 2244 frag.
1254 2214 1281 2235 11
1311 2205 1430 2236 Gellius
1452 2207 1483 2244 6,

161 2255 190 2285 7,
210 2255 230 2284 3
248 2247 287 2286 (s.
306 2246 446 2285 affatim)
539 2258 601 2287 233
619 2248 725 2289 incipit
740 2249 773 2279 A
790 2260 797 2288 3
821 2250 903 2280 inter
915 2259 944 2281 v.
963 2259 1028 2287 229
1043 2252 1072 2279 et
1088 2258 1150 2288 233
1167 2249 1324 2280 interiisse
1338 2248 1491 2280 videntur

160 2298 273 2319 versus
296 2289 360 2321 „X
466 2291 552 2322 istuc
575 2293 640 2323 AL.
667 2292 755 2323 mala
779 2292 882 2324 multa
905 2292 971 2324 dici
993 2291 1080 2324 Leo:
1107 2291 1485 2335 istumn(a)m(i)ljadigi

160 2331 224 2364 cod.
245 2332 279 2374 (ι’.
291 2343 314 2364 e.
335 2332 363 2364 is
380 2338 474 2366 tum.
495 2358 527 2367 ..
548 2336 639 2375 adigi
651 2337 677 2378 τ)
1145 2331 1151 2339 ’
1456 2334 1465 2341 ’
