1814 2723
209 58 279 97 IV.
300 58 345 96 iv
718 55 763 92 T.
798 53 979 92 MACCI
1012 52 1215 89 PLAVTI

300 168 373 208 OL.
406 175 496 206 tene
517 168 619 205 hanc
639 163 874 214 lampadem.
936 164 1005 200 Lv.
1038 160 1161 199 immo
1182 173 1254 210 ego
1275 160 1377 197 hanc
1397 157 1554 196 tenebo.
1652 156 1722 199 840

243 248 281 279 25
344 272 355 280 W
408 233 536 271 Venu'
556 230 822 280 multipotens,
845 229 952 266 bona
972 228 1095 264 multa
1114 223 1211 263 mihi

354 297 509 343 dedisti,
532 296 662 334 huiius
684 308 805 345 quom
827 292 983 343 copiam
1004 291 1058 329 mi
1079 289 1233 329 dedisti.
1293 289 1365 327 OL.
1397 299 1424 325 o

515 361 792 411 corpusculum
814 359 1009 396 malacum
1027 359 1034 394 1

516 440 604 464 mea
624 425 967 473 uxorcula—quae
988 423 1077 460 res?

520 493 588 529 Lv.
621 490 716 540 quid
738 490 827 528 est?
885 488 958 527 OL.
991 485 1129 524 institit
1149 487 1322 536 plantam
1656 486 1721 530 845

244 572 284 604 50
491 555 603 606 quasi
622 557 711 593 luca
732 555 814 593 bos.
876 554 945 590 Lv.
978 559 1064 589 tace
1085 550 1147 597 sis,

303 623 448 662 nebula
468 622 575 659 haud
595 627 652 659 est
673 618 801 658 mollis
822 631 948 668 aeque
968 624 1086 666 atque
1106 615 1221 654 huius
1241 618 1324 655 †est
1343 618 1515 665 pectus†.

306 689 379 728 OL.
411 687 553 737 edepol
574 684 759 736 papillam
781 680 1060 722 bellulam-ei
1080 680 1223 719 misero
1244 679 1340 717 mihi
1357 681 1364 717 !

306 755 375 791 ΙΝ.
408 751 505 802 quid
526 752 616 788 est?
672 751 745 789 OL.
778 748 916 799 pe'ctus
938 746 991 784 mi
1011 745 1078 785 icit
1094 759 1175 784 non
1191 744 1337 791 cubito,
1352 758 1490 782 uerum
1505 743 1634 782 ariete.

308 820 376 855 Lv.
409 816 505 867 quid
526 824 567 854 tu
588 829 679 866 ergo
700 817 813 861 hanc,
837 827 995 864 quaeso,
1019 819 1160 851 tractas
1181 818 1260 849 tarn
1281 811 1378 849 dura
1398 811 1549 848 manu?
1657 817 1677 850 8
1683 824 1726 860 50

247 899 264 930 5
271 898 287 930 5
307 890 346 920 at
367 881 475 929 mihi,
498 881 565 932 qui
586 881 687 920 belle
715 881 817 918 hanc
838 886 972 925 tracto,
997 892 1078 916 non
1099 877 1246 915 bellum
1267 875 1368 914 facit.

307 950 383 986 uah
403 951 410 986 !
468 948 540 987 OL.
573 946 669 997 quid
689 944 892 996 negotist?
949 946 1018 981 Lv.
1051 956 1226 993 opsecro,
1249 948 1291 979 ut
1311 941 1569 978 ualentulastl

307 1026 432 1062 paene
453 1011 647 1062 exposiuit
668 1011 812 1050 cubito.
874 1010 947 1049 OL.
981 1008 1159 1047 cubitum
1181 1020 1271 1056 ergo
1292 1005 1346 1044 ire
1366 1006 1459 1043 uolt.

308 1079 378 1117 LY.
411 1075 507 1126 quin
528 1075 629 1113 imus
650 1077 770 1126 ergo?
828 1076 901 1114 OL.
933 1073 956 1120 i,
980 1074 1082 1112 belle
1106 1070 1374 1111 belliatula.—

209 1270 293 1308 V.i
341 1268 658 1305 MYRRHINA
771 1265 1132 1300 PARDALISCA
1243 1259 1611 1298 CLEVSTRATA

421 1339 503 1375 Mv.
536 1338 734 1385 Acceptae
756 1334 857 1372 bene
878 1340 917 1371 et
937 1332 1149 1370 commode
1169 1329 1318 1369 eximus
1338 1328 1442 1367 intus
1663 1328 1728 1372 855

416 1402 532 1439 ludos
552 1400 678 1438 uisere
698 1400 775 1437 huc
797 1398 836 1435 in
858 1396 963 1435 uiam
984 1395 1181 1446 nuptialis.

416 1479 634 1516 numquam
656 1471 807 1503 ecastor
827 1465 909 1502 ullo
930 1462 994 1501 die
1014 1461 1078 1500 risi
1099 1462 1291 1511 adaeque,

418 1546 548 1583 neque
569 1533 645 1570 hoc
666 1531 775 1580 quod
797 1529 985 1568 relicuom
1008 1534 1066 1566 est
1087 1528 1174 1577 plus
1195 1526 1357 1564 risuram
1378 1524 1528 1576 opinor.

275 1612 292 1645 5
313 1601 379 1638 PA.
412 1598 521 1636 lubet
551 1595 764 1636 Ch‘alinum
795 1593 891 1645 quid
920 1600 1008 1644 agat
1038 1592 1148 1640 seire,
1178 1605 1326 1630 nouom
1356 1597 1524 1641 nuptum
1553 1602 1644 1628 cum

1364 1669 1471 1694 nouo
1492 1654 1642 1694 marito.

421 1730 503 1766 Mv.
536 1740 609 1765 nec
630 1725 822 1764 fallaciam
843 1723 1071 1764 astutiorem
1093 1724 1185 1762 ullu'
1206 1721 1297 1760 fecit
1665 1719 1732 1754 860

355 1835 420 1873 840
443 1833 530 1863 hanc
546 1832 589 1866 t.l
607 1832 671 1862 iam
690 1836 712 1862 t.
732 1831 765 1861 P
781 1831 857 1872 (pro
869 1831 959 1861 illam
977 1836 1000 1861 t.
1012 1829 1039 1870 Ζ)
1129 1829 1189 1867 841
1217 1827 1320 1858 multa
1336 1826 1425 1856 bona
1440 1824 1473 1855 A
1492 1837 1499 1855 ε
1524 1824 1645 1855 bonam

313 1878 416 1909 uitam
440 1877 474 1907 P
489 1876 540 1915 (cs.
562 1875 652 1905 Pers.
677 1885 737 1914 734
761 1875 883 1906 bonam
905 1875 975 1905 uita
986 1879 1048 1914 pro
1065 1873 1153 1903 bona
1174 1870 1294 1911 multa)
1405 1870 1468 1907 842
1493 1879 1512 1898 o
1532 1878 1597 1899 om.
1617 1867 1650 1897 P

313 1923 420 1960 842—3
443 1931 475 1951 ο.
495 1929 522 1950 c.
542 1930 584 1950 m.
605 1917 785 1958 Lysidamo
808 1918 891 1949 dant
905 1919 965 1949 alii
1072 1918 1137 1956 843
1161 1914 1362 1946 melliculum
1386 1913 1419 1943 P
1440 1911 1492 1952 (cs.
1518 1923 1547 1943 v.
1568 1912 1642 1950 837,

313 1965 370 1995 ubi
395 1963 595 1994 melliculum
625 1962 672 2003 P)
833 1964 960 2002 844—51
978 1962 1067 2002 fines
1093 1959 1241 1990 mutilati
1262 1957 1296 1988 P
1320 1959 1462 1998 (propter
1480 1955 1644 1996 paginam

313 2009 487 2038 laceratam
505 2007 539 2036 in
556 2006 621 2038 PA.
669 2008 718 2046 Cf.
740 2007 788 2038 ad
804 2018 833 2038 v.
860 2008 939 2046 864)
1075 2005 1138 2045 844
1161 2013 1246 2043 quae
1265 2012 1321 2032 res
1337 2012 1402 2032 om.
1420 2000 1453 2031 P
1582 2000 1645 2037 845

313 2051 439 2082 insistit
459 2050 491 2079 A
589 2052 703 2091 planta
724 2051 897 2082 Fleckeisen
1029 2050 1093 2087 846
1117 2048 1190 2078 luca
1214 2045 1290 2086 bos]
1317 2045 1434 2075 iocabo
1454 2043 1487 2074 P
1571 2046 1646 2073 tace

315 2095 361 2126 sis
385 2105 451 2125 om.
473 2094 507 2124 P
594 2097 656 2136 847
684 2106 790 2134 aeque
818 2106 883 2125 om.
911 2093 945 2124 P
968 2092 1027 2133 (iii.
1061 2092 1092 2132 Ι)
1181 2101 1252 2131 pec.
1279 2100 1344 2120 om.
1366 2089 1416 2119 P:
1449 2091 1569 2128 pectus
1594 2090 1646 2117 est

319 2138 453 2179 Geppert
1360 2133 1425 2171 848
1450 2132 1502 2162 ed.
1532 2141 1585 2171 pa.
1615 2130 1647 2161 b.

316 2181 496 2221 Lysidamo
524 2184 717 2214 continuant
744 2183 804 2213 alii
986 2182 1050 2219 849
1074 2179 1148 2219 icit]
1177 2178 1246 2217 agit
1271 2177 1305 2208 P
1329 2177 1405 2217 (pro
1429 2176 1508 2214 igit?
1537 2174 1567 2204 G
1583 2179 1647 2214 pro

276 2252 284 2262 χ
317 2226 359 2266 C)
451 2237 569 2258 uerum
588 2228 694 2258 ariete
712 2237 777 2257 om.
798 2225 832 2255 P
926 2227 990 2263 850
1014 2224 1097 2254 dura
1114 2232 1213 2252 manu
1230 2232 1294 2251 om.
1308 2220 1341 2251 Ρ
1434 2220 1496 2257 851
1522 2217 1646 2249 bellum

318 2271 401 2308 (ual-
415 2271 440 2311 2)
458 2271 535 2301 facit
554 2271 586 2300 A
605 2282 612 2300 ε
636 2281 703 2300 om.
721 2269 754 2299 P
840 2269 947 2308 852-4
974 2266 1056 2310 09]
1076 2268 1134 2297 LY.
1154 2265 1214 2296 alii
1258 2265 1335 2298 Lim]
1350 2264 1412 2295 OL.
1438 2263 1498 2294 alii
1582 2262 1646 2300 852

319 2314 406 2345 uaha
424 2314 660 2355 (Olympiom's)
678 2314 712 2343 in
721 2313 792 2352 fine
803 2312 923 2352 prioris
933 2321 1043 2342 versus
1058 2310 1092 2340 P
1175 2308 1255 2348 quid
1274 2307 1340 2349 [id]
1356 2308 1390 2338 A
1503 2308 1566 2345 854
1590 2305 1647 2344 qui

320 2358 419 2389 nimis
435 2358 468 2388 P
511 2357 600 2388 bella
616 2356 773 2388 bellatula
791 2356 870 2397 (om.
889 2355 914 2396 i)
931 2354 964 2385 P
978 2354 1013 2395 (i.
1036 2354 1069 2394 4)
1145 2354 1210 2392 856
1234 2352 1289 2383 uia
1305 2351 1338 2382 P
1407 2352 1470 2391 858
1488 2350 1646 2389 velopino
