1742 2718
78 81 196 109 paon.
632 55 679 109 T.
714 71 894 110 MAcci
927 70 1131 107 PLAVTI

219 194 325 220 nunc
355 179 574 219 internosse
602 187 644 218 ut
674 193 746 218 nos
776 178 932 230 possitis
964 177 1125 224 facilius,

219 260 292 296 ego
322 247 391 284 has
420 245 578 284 habebo
607 258 731 295 usque
760 243 859 296 (hic)
887 243 926 281 in
956 250 1093 293 petaso
1122 241 1333 292 pinnulas,-

220 318 303 349 tum
334 324 424 348 meo
454 309 552 360 patri
581 317 713 348 autem
744 310 893 347 torulus
923 307 1036 346 inerit
1065 320 1205 345 aureus

142 391 199 423 145
220 376 294 414 sub
324 383 483 426 petaso:
514 376 554 413 id
584 375 738 424 signum
769 371 1049 423 Amphitruoni
1078 385 1159 409 non
1189 371 1271 410 erit.
1569 384 1631 421 145

220 454 266 479 ea
295 440 404 490 signa
433 452 551 478 nemo
580 438 737 491 (homo)
766 440 906 476 horum
937 436 1184 475 familiarium

218 505 353 544 uidere
383 505 551 555 poterit:
581 517 717 542 uerum
750 516 821 541 uos
851 501 1048 541 uidebitis.

219 572 289 609 sed
318 569 618 620 Amphitruonis
649 567 763 621 illi[c]
794 575 852 606 est
882 580 1016 606 seruos
1046 567 1180 606 Sosia:

219 649 243 673 a
271 643 386 685 portu
416 634 493 673 illic
523 647 629 672 nunc
657 631 770 685 (huc)
798 646 889 671 cum
920 634 1096 670 lanterna
1124 631 1296 670 aduenit.

142 716 202 749 150
220 700 376 750 abigam
406 699 483 737 iam
514 712 586 749 ego
615 698 736 736 illunc
765 697 1045 736 aduenientem
1075 696 1126 735 ab
1154 696 1331 735 aedibus.
1570 704 1636 741 150

219 766 378 804 adeste:
409 764 479 803 erit
508 777 650 814 operae
679 762 847 814 pretium
877 761 1145 813 spectantibus

220 832 362 870 Iouem
391 837 429 869 et
461 828 702 868 Mercurium
732 829 860 866 facere
888 826 953 865 hic
982 826 1240 865 histrioniam.

726 1076 964 1124 ACTVS
1017 1076 1036 1122 1

153 1189 203 1226 Ii
577 1189 746 1226 SoslA
857 1187 1196 1224 MERCVRrvs

221 1290 285 1328 So.
319 1287 399 1339 Qui
420 1301 483 1326 me
502 1287 598 1326 alter
618 1294 676 1325 est
695 1284 883 1324 audacior
903 1286 1026 1323 homo
1045 1291 1113 1322 aut
1134 1283 1201 1334 qui
1223 1283 1495 1331 confidentior,

220 1353 433 1393 iuuentutis
455 1365 582 1391 mores
604 1350 671 1402 qui
691 1350 824 1398 sciam,
848 1349 916 1400 qui
945 1350 1022 1388 hoc
1043 1348 1169 1387 noctis
1191 1350 1297 1387 solus
1317 1349 1548 1388 ambulem?

219 1420 315 1470 quid
336 1419 475 1457 faciam
497 1431 602 1456 nunc
623 1417 654 1456 si
675 1415 826 1456 tresuiri
847 1429 910 1454 me
929 1415 970 1453 in
990 1428 1185 1454 carcerem
1206 1414 1504 1465 compegerint?
1571 1424 1633 1461 155

218 1485 299 1523 ind'
319 1497 402 1522 cras
424 1482 534 1533 quasi
556 1496 577 1521 e
597 1481 838 1533 promptaria
857 1482 957 1519 cella
976 1481 1185 1530 depromar
1205 1480 1255 1518 ad
1277 1481 1451 1530 flagrum,

180 1562 197 1593 5
218 1563 293 1589 nec
327 1562 505 1588 caussam
540 1547 655 1586 liceat
688 1546 819 1586 dicere
859 1545 966 1593 mihi,
998 1558 1128 1595 neque
1160 1544 1200 1582 in
1234 1558 1300 1583 ero
1335 1544 1548 1595 quicquam

1432 1609 1549 1648 auxili

219 1680 304 1729 siet,
347 1692 421 1718 nec
469 1678 677 1729 quisquam
725 1677 774 1715 sit
824 1676 920 1727 quin
963 1689 1027 1715 me
1070 1688 1208 1714 omnes
1256 1687 1341 1713 esse
1384 1674 1548 1725 dignum

1343 1741 1547 1791 deputent.

272 1810 326 1849 ita
333 1809 444 1860 quasi
458 1809 644 1848 incudem
661 1823 724 1849 me
733 1809 917 1849 miserum
932 1807 1115 1848 homines
1128 1814 1220 1846 octo
1227 1805 1348 1845 ualidi
1362 1806 1547 1844 caedant:
1572 1803 1637 1839 160

381 1875 435 1913 ita
455 1888 614 1925 peregre
634 1875 852 1914 adueniens

165 1955 204 1978 10
327 1939 500 1990 hospitio
520 1939 732 1991 puplicitus
752 1939 932 1990 accipiar.

381 2007 480 2044 haec
501 2005 554 2044 eri
575 2005 813 2045 inmodestia

434 2070 562 2120 coegit
584 2085 659 2118 me,

265 2183 325 2214 143
349 2174 403 2206 hic
421 2174 494 2205 add.
510 2174 685 2205 Fleckeisen
796 2175 856 2214 146
880 2174 980 2205 homo
998 2172 1075 2204 add.
1091 2172 1132 2212 (2⁸
1145 2171 1277 2209 Ritsclzl,
1296 2170 1354 2202 sed
1365 2171 1402 2210 cs.
1414 2169 1550 2210 Seyffert

219 2211 318 2258 (Berl.
331 2218 417 2249 Phil<
438 2217 545 2250 Woclz.
570 2219 619 2256 16,
641 2219 693 2253 11)
858 2228 919 2256 149
943 2218 1008 2248 huc
1025 2216 1100 2248 add.
1118 2215 1330 2247 Camerarius
1487 2223 1548 2252 150

217 2262 309 2293 illum
327 2261 391 2292 cod.
541 2271 597 2300 151
624 2262 741 2292 adeste
758 2261 824 2292 erit
840 2260 1030 2291 Palmerius
1046 2272 1053 2292 ε
1076 2260 1173 2291 adest
1193 2259 1270 2290 ferit
1286 2258 1352 2289 cod.
1372 2257 1486 2299 (Fpro
1503 2257 1545 2295 E)

218 2317 251 2346 p.
268 2306 322 2336 hic
339 2316 391 2346 sp.
410 2303 476 2336 cod.
498 2307 552 2344 tcf.
569 2304 616 2335 ad
626 2315 655 2336 v.
676 2305 745 2343 152*
867 2314 927 2343 152
951 2305 1005 2335 hic
1021 2303 1221 2334 Hermann:
1246 2312 1301 2333 om
1339 2300 1405 2333 cod.
1431 2300 1483 2340 (cs.
1504 2299 1552 2330 ad

217 2360 247 2381 v.
268 2359 342 2389 151)
435 2349 491 2378 161
518 2358 589 2388 sqq.
602 2347 641 2379 de
651 2358 806 2379 versuum
818 2346 971 2378 divisione
982 2348 1020 2387 ιγ’.
1034 2348 1135 2379 Prisc.
1149 2346 1187 2378 de
1199 2350 1288 2377 metr.
1308 2344 1375 2376 Ter.
1392 2354 1423 2384 3,
1438 2354 1499 2384 421
1515 2343 1549 2374 K
