1742 2718
652 59 1010 97 MENAECHMI
1445 62 1490 99 V.
1511 72 1543 98 v

79 183 144 220 915
165 169 298 208 album
319 182 369 207 an
389 175 516 206 atrum
538 167 675 206 uinum
697 168 840 217 potas?
914 168 1028 205 ΜΕΝ.
1051 167 1148 218 quin
1169 175 1209 206 tu
1233 168 1264 206 is
1286 167 1324 206 in
1348 170 1490 207 malam

1306 247 1462 273 crucem
1476 236 1493 274 ?

166 301 277 338 MED.
310 299 386 338 iam
408 300 538 338 hercle
558 305 739 348 occeptat
760 298 929 337 insanire
950 298 1174 349 primulum.
1249 302 1364 338 MEN.
1397 301 1491 350 quin

1095 362 1171 416 [tu]
1194 378 1256 403 rne
1277 364 1491 415 interrogas

161 443 400 480 purpureum
421 443 564 480 panem
584 443 633 467 an
656 429 868 479 puniceum
887 431 1034 467 soleam
1051 443 1124 480 ego
1141 443 1226 468 esse
1241 443 1290 467 an
1308 430 1457 467 luteum
1475 431 1491 467 ?

160 496 361 533 soleamne
376 508 460 532 esse
475 493 559 532 auis
575 507 837 543 squamossas,
853 494 970 544 piscis
984 496 1207 544 pennatos?
1253 496 1316 533 SE.
1340 508 1465 545 papae
1482 498 1489 533 Σ
1511 511 1551 532 20

11 568 143 602 919-20
159 558 279 597 audin
296 566 337 597 tu
358 567 400 597 ut
420 558 678 597 deliramenta
699 558 902 608 loquitur?
931 558 1027 609 quid
1048 573 1177 597 cessas
1198 561 1292 598 dare

158 623 329 674 potionis
349 623 498 674 aliquid
518 623 615 673 priu’
635 637 755 673 quam
777 623 941 674 percipit
961 623 1145 662 insania?

159 690 271 726 MED.
305 702 420 727 mane
455 689 587 735 modo,
623 688 741 727 etiarn
777 689 1040 738 percontabor
1073 689 1158 727 alia.
1232 692 1296 728 SE.
1338 690 1488 729 occidis

569 800 573 802 v
1294 756 1484 795 fabularis.

158 820 270 856 MED.
303 818 366 857 dic
387 818 483 856 mihi
504 820 580 857 hoc
601 833 607 856 :
637 820 766 857 solent
787 818 856 856 tibi
878 832 1067 868 umquam
1089 819 1192 858 oculi
1215 819 1301 858 duri
1323 820 1434 859 fieri?

158 885 271 922 MEN.
313 883 440 933 quid?
488 891 528 922 tu
569 898 631 922 me
675 885 867 922 locustam
913 898 1051 922 censes
1085 898 1182 931 esse,
1223 886 1344 923 homo
1384 885 1486 935 igna-
1509 900 1546 932 ²5

1284 950 1457 989 uissume
1470 953 1487 989 ?

67 1026 132 1061 925
157 1015 268 1051 MED.
301 1013 365 1052 dic
400 1013 495 1051 mihi
514 1028 520 1051 :
562 1027 805 1063 enumquam
842 1013 1026 1052 intestina
1061 1014 1132 1052 tibi
1166 1022 1341 1064 crepant,
1375 1017 1485 1065 quod

1310 1080 1455 1119 sentias
1469 1083 1486 1120 ?

153 1145 266 1181 ΜΕΝ.
300 1143 366 1182 ubi
394 1151 499 1182 satur
519 1158 617 1190 sum,
641 1145 748 1182 nulla
775 1143 967 1194 crepitant
982 1159 992 1192 ,-
1026 1146 1188 1195 quando
1215 1145 1374 1193 essurio,
1398 1153 1482 1184 tum

1307 1218 1479 1260 crepant.

151 1275 262 1312 MED.
295 1275 370 1312 hoc
391 1274 552 1325 quidem
575 1276 716 1325 edepol
738 1276 815 1312 hau
836 1288 907 1325 pro
936 1275 1075 1316 insano
1092 1276 1257 1315 uerbum
1278 1276 1481 1326 respondit

1370 1341 1476 1381 mihi.

149 1404 431 1454 perdormiscin
453 1419 578 1455 usque
598 1406 649 1444 ad
670 1406 829 1444 lucem?
859 1405 989 1443 facilin
1012 1413 1053 1444 tu
1075 1406 1224 1445 dormis
1244 1407 1425 1446 cubans?

0 1481 133 1517 929-30
151 1471 265 1508 MEN.
297 1470 576 1520 perdormisco,
600 1470 631 1508 si
652 1470 795 1509 resolui
815 1470 1020 1520 &rgentum
1041 1471 1135 1521 quoi
1157 1472 1337 1524 debeo—
1498 1492 1539 1522 30

0 1548 111 1583 931—3
148 1534 215 1584 qui
235 1542 274 1573 te
295 1535 473 1585 Iuppiter
493 1535 614 1586 dique
634 1549 785 1583 omneS,
808 1542 1069 1586 percontator,
1092 1536 1300 1586 perduint!

148 1601 260 1638 MED.
297 1614 404 1639 nunc
434 1602 556 1639 homo
586 1600 756 1640 insanire
786 1607 995 1652 occeptat:
1034 1601 1085 1640 de
1114 1600 1189 1640 illis
1219 1601 1349 1641 uerbis
1378 1616 1477 1643 caue

1392 1668 1475 1708 tibi.

57 1740 123 1778 935
144 1731 208 1769 SE.
241 1729 364 1770 immo
385 1731 530 1769 Nestor
551 1744 658 1769 nunc
674 1729 838 1780 quidem
855 1737 915 1770 est
935 1732 986 1770 de
1006 1730 1149 1778 uerbis,
1168 1740 1305 1782 praeut
1321 1734 1474 1773 dudum

1378 1799 1450 1838 fuit
1465 1815 1475 1848 3

184 1910 249 1939 915
272 1900 316 1930 sie:
338 1902 494 1940 ascriptus
516 1900 551 1930 in
568 1900 601 1930 Β
619 1910 725 1931 mann
743 1904 910 1931 recentiore
926 1900 973 1931 ad
988 1901 1193 1932 curculionis
1207 1912 1236 1933 v.
1253 1913 1315 1941 242
1332 1914 1338 1933 :
1362 1903 1472 1934 album

140 1953 184 1974 an
201 1948 312 1974 atrum
331 1943 444 1974 uinum
462 1948 560 1984 potas
576 1943 657 1983 quid
681 1943 739 1974 tibi
762 1945 896 1984 quesito
913 1955 1000 1985 opus
1022 1949 1075 1975 est
1165 1945 1221 1975 vix
1234 1948 1354 1985 potas?
1381 1946 1471 1978 ΜΕΝ.

140 1987 220 2026 quid
237 1987 298 2017 tibi
321 1988 476 2026 quaesito
492 1993 594 2027 opust
611 1986 757 2029 (Album
774 1999 816 2018 an
835 1993 943 2019 atrum
966 1988 1082 2019 uinum
1100 1993 1214 2028 potem
1229 1989 1261 2031 1>
1277 1990 1358 2029 quin
1377 1994 1412 2020 tu
1430 1991 1469 2031 is,

139 2034 202 2061 etc.
226 2029 286 2070 (iii.
310 2031 365 2067 ΙΙ)
497 2032 563 2070 916
586 2035 727 2070 occepta
743 2031 809 2062 cod.
829 2034 922 2071 (corr.
941 2032 1005 2071 3²)
1092 2036 1171 2071 post
1187 2033 1368 2072 primulum
1384 2034 1472 2064 lacu-

139 2083 221 2103 nam
237 2073 325 2114 sign.
344 2073 478 2113 Vahlen,
497 2073 625 2105 Schoell
640 2073 693 2116 (cf.
714 2074 762 2105 ad
775 2085 802 2106 v.
823 2076 902 2114 915)
1004 2079 1039 2105 tu
1056 2074 1114 2106 del.
1127 2075 1232 2107 Bothe
1249 2077 1304 2118 (ex
1317 2087 1346 2109 v.
1367 2088 1430 2117 915
1443 2080 1469 2115 2)

138 2117 204 2155 918
226 2127 424 2156 quamossas
453 2117 522 2149 cod.
672 2128 803 2157 919-20
826 2119 943 2149 auditu
972 2117 1038 2149 cod.
1073 2119 1167 2159 (corr.
1194 2119 1262 2161 13²)
1406 2131 1468 2159 921

139 2161 280 2191 uesania
294 2160 397 2191 Bothe
415 2161 467 2201 (cf.
480 2171 511 2192 v.
528 2160 621 2200 878),
645 2161 697 2190 cui
715 2162 858 2201 percipit
874 2161 1013 2202 displicet
1192 2173 1258 2202 922
1281 2163 1362 2204 alia]
1381 2164 1469 2196 heiia

139 2202 267 2234 Schoell
339 2204 412 2245 Sa]
430 2205 523 2236 ΜΕΝ.
535 2205 596 2235 alii
674 2205 802 2244 occipis
813 2203 864 2235 Β2
947 2205 1101 2236 fabularis
1111 2205 1303 2238 Acidalius:
1322 2207 1466 2239 fabulam

139 2246 200 2286 (Β)
226 2246 275 2277 vel
295 2247 394 2277 salam
414 2247 522 2289 (PCD)
539 2247 603 2279 cod.
695 2258 758 2288 925
782 2249 874 2279 mehi
891 2248 977 2280 codd.
1000 2249 1153 2289 (antiqua
1159 2251 1277 2290 forma
1287 2251 1314 2292 2)
1401 2253 1467 2291 926

138 2293 218 2320 tunc
234 2290 322 2322 codd.
335 2290 439 2322 Nonii
451 2300 514 2331 255
624 2293 687 2330 928
711 2292 1023 2332 perdormiscanius
1038 2303 1104 2332 que
1120 2293 1187 2325 cod.
1203 2294 1276 2335 (pro
1292 2305 1368 2325 —can
1387 2305 1464 2326 corr.

138 2333 207 2363 -cin
222 2338 377 2374 superscr.
396 2334 421 2375 i)
511 2335 682 2365 obdormis
692 2335 819 2366 Ritschl
904 2336 1030 2367 cubans
1041 2336 1074 2366 A
1079 2336 1233 2369 cidalius:
1259 2347 1380 2369 curans
1396 2338 1464 2371 cod.

138 2376 187 2417 (R
199 2381 262 2418 pro
275 2377 322 2416 B;
346 2377 388 2408 vi.
410 2378 441 2419 1)
531 2388 664 2418 929-30
687 2378 737 2409 vel
748 2378 838 2418 quoii
938 2389 1003 2420 933
1026 2380 1173 2420 perdunt
1194 2381 1260 2412 cod.
1281 2382 1374 2421 (corr.
1395 2381 1462 2423 3²)
