1742 2718
678 62 939 102 EPIDICVS
1425 58 1472 93 V.
1493 55 1508 93 i

152 180 219 216 ΕΡ.
252 178 360 227 quod
381 175 474 214 boni
497 183 554 214 est
575 174 615 213 id
636 173 776 212 tacitus
798 180 926 211 taceas
948 179 1030 210 tute
1051 178 1181 208 tecum
1203 176 1241 207 et
1260 169 1441 219 gaudeas.

149 244 212 281 ST.
244 240 447 292 perdidisti
469 247 507 279 et
527 239 729 290 repperisti
750 252 825 285 me,
848 251 966 276 soror.
1027 238 1095 274 ΕΡ.
1129 236 1291 280 stultu’s,
1314 241 1409 271 tace.
1496 247 1537 277 45

151 307 220 345 tibi
237 307 397 357 quidem
415 306 523 355 quod
536 318 644 342 ames
660 303 769 342 domi
788 303 991 353 praestost‚
1008 300 1177 347 fidicina,
1208 299 1211 349 Ι
1239 312 1357 348 opera
1373 311 1459 336 mea
1469 313 1477 344 3

150 380 187 410 et
208 385 380 410 sororem
401 370 441 408 in
463 369 682 408 libertatern
703 368 807 407 idem
830 381 950 418 opera
970 365 1138 405 concilio
1161 378 1258 402 mea.

63 440 129 483 655
150 438 213 474 ST.
251 434 427 484 Epidice,
464 435 713 472 fateor—EF.
750 431 814 470 abi
849 431 950 469 intro
989 444 1034 468 ac
1074 429 1165 468 iube
1204 428 1295 466 huic
1333 440 1475 477 aquam

1287 491 1478 539 calefieri3

147 584 274 615 cetera
295 576 392 614 haec
413 573 605 625 posterius
626 575 715 612 faxo
735 572 852 611 scibis
873 571 941 610 ubi
962 570 1033 609 erit
1053 570 1188 609 otium.

148 643 210 681 ST.
243 654 406 691 sequere
433 641 507 679 hac
531 653 605 687 me,
629 652 747 678 soror.
809 639 878 676 ΕΡ.
911 651 984 688 ego
1010 638 1062 676 ad
1088 649 1160 675 uos
1188 634 1476 685 Thesprionem
1498 643 1538 674 50

1331 699 1478 738 iussero

148 774 225 811 huc
246 770 417 810 transire.
478 771 549 809 sed
570 776 783 823 memento,
806 768 838 807 si
858 767 954 818 quid
976 766 1143 805 saeuibit
1164 779 1293 812 senex,

149 836 348 887 suppetias
368 835 466 874 mihi
486 849 578 874 cum
599 848 731 873 sorore
751 835 859 872 ferre.
919 834 982 871 ST.
1015 831 1128 870 facile
1149 831 1249 869 istuc
1270 829 1408 868 erit.—

63 905 134 939 660
151 904 220 940 ΕΡ.
253 901 461 951 Thesprio,
482 900 542 939 exi
568 900 665 939 istac
686 913 753 950 per
779 900 949 945 hortum,
971 898 1080 936 adfer
1101 897 1266 935 domum
1293 894 1479 933 auxilium

1368 958 1476 1006 mihi,

149 1039 326 1083 magnast
347 1046 416 1070 res.
478 1030 639 1070 minoris
661 1031 787 1068 multo
807 1028 908 1068 facio
929 1041 1048 1078 quarn
1070 1028 1224 1066 dudum
1246 1039 1370 1065 senes.

149 1098 334 1136 remeabo
354 1096 466 1143 intro,
490 1103 533 1135 ut
553 1097 790 1135 adcurentur
808 1092 1067 1132 aduenientes
1089 1091 1273 1142 hospites.
1501 1096 1540 1128 55

150 1164 289 1202 eadem
310 1164 408 1201 haec
428 1162 533 1200 intus
554 1161 734 1200 edocebo
754 1173 856 1210 quae
876 1172 949 1209 ego
970 1157 1052 1197 scio
1073 1156 1385 1207 Stratippoclem.

150 1242 230 1267 non
261 1227 382 1278 fugio,
407 1226 517 1266 domi
543 1227 682 1265 adesse
708 1232 896 1264 certumst
910 1239 921 1272 3
950 1236 1080 1273 neque
1107 1222 1171 1260 ille
1197 1222 1304 1260 haud
1335 1220 1479 1260 obiciet

1384 1286 1479 1325 mihi

62 1361 128 1406 665
149 1359 317 1409 pedibus
351 1372 436 1397 sese
469 1363 739 1408 prouocatum.
809 1355 911 1394 abeo
944 1353 1057 1401 intro,
1089 1352 1197 1391 nimi'
1231 1354 1392 1403 longum
1427 1353 1480 1390 lo-

1313 1431 1479 1468 quor.—

217 1534 586 1570 PERIPHANES
698 1532 1024 1569 APOECIDES
1137 1525 1412 1566 EPIDI'cvs
1498 1527 1529 1564 ii

151 1621 219 1657 PE.
252 1618 385 1658 Satine
405 1618 483 1656 illic
504 1619 626 1656 homo
647 1617 818 1656 ludibrio
839 1630 911 1654 nos
932 1616 1087 1654 uetulos
1109 1613 1330 1664 decrepitos
1353 1614 1453 1652 duos

149 1685 298 1723 habet?
354 1685 425 1721 ΑΡ.
458 1682 580 1720 immo
611 1683 754 1732 edepol
784 1681 991 1731 tuquidem
1022 1679 1207 1718 miserum
1235 1679 1328 1717 med
1359 1678 1480 1717 habes

1167 1743 1316 1782 miseris
1338 1743 1477 1782 modis.

150 1815 217 1852 PE.
250 1821 335 1852 tace
355 1813 417 1860 sis,
442 1814 562 1851 modo
583 1812 666 1851 sine
687 1826 752 1850 me
771 1810 975 1850 hominem
995 1809 1127 1861 apisci.
1190 1811 1262 1847 ΑΡ.
1296 1808 1386 1847 dico
1408 1822 1480 1859 ego

1088 1874 1159 1914 tibi
1181 1874 1269 1921 iam,
1294 1881 1336 1912 ut
1357 1873 1478 1912 scias:

148 1944 267 1982 alium
290 1943 358 1982 tibi
380 1951 416 1982 te
436 1943 622 1982 comitem
643 1942 800 1981 meliust
820 1955 1030 1992 quaerere3
1060 1940 1122 1987 ita,
1147 1941 1242 1978 dum
1265 1946 1303 1978 te
1324 1952 1476 1989 sequor,

192 2050 254 2087 651
280 2047 360 2087 quid
384 2048 416 2078 Β
558 2049 623 2087 653
647 2049 782 2079 fidicina
798 2047 897 2090 (illa)
915 2046 1012 2077 Goetz
1036 2045 1083 2087 (A
1104 2057 1134 2078 n.
1155 2047 1192 2086 l.)
1336 2046 1401 2084 656
1425 2043 1479 2075 ubi

151 2103 217 2123 om.
234 2091 268 2121 P
352 2091 483 2131 suer(it)
501 2091 534 2121 A
637 2093 701 2131 657
725 2102 778 2122 me
792 2101 889 2122 soror
905 2091 968 2120 hac
981 2090 1015 2121 A
1121 2091 1184 2128 658
1208 2089 1364 2121 saeuiunt
1382 2099 1481 2119 senes

151 2138 189 2166 ut
202 2134 264 2166 vid.
278 2134 312 2164 P
324 2139 433 2165 contra
450 2138 592 2166 metrum
609 2136 705 2175 (Ppro
721 2135 865 2165 saeuiuit
880 2144 1006 2173 senex3
1029 2134 1074 2164 ita
1086 2133 1137 2173 Α)
1154 2145 1160 2163 :
1187 2133 1363 2164 saevibunt
1379 2142 1481 2163 senes

150 2177 267 2209 Dousa
341 2180 405 2218 659
422 2180 590 2219 supretias
604 2178 637 2208 P
723 2179 831 2210 660-8
851 2184 959 2219 pauca
970 2177 1125 2218 leguntur
1137 2177 1171 2208 in
1187 2177 1221 2207 A
1308 2178 1370 2207 661
1390 2186 1480 2214 mag-

150 2227 227 2253 nast
244 2223 402 2264 (magnas
418 2221 467 2251 B*
485 2226 524 2253 ut
537 2221 617 2261 vid.)
632 2233 687 2253 res
701 2221 749 2254 P:
773 2223 840 2256 (est
857 2222 995 2260 malgrga
1011 2240 1052 2244 —
1070 2224 1108 2251 ut
1123 2219 1187 2252 vid.
1206 2219 1239 2249 A
1258 2232 1265 2251 ε
1290 2221 1346 2251 vix
1360 2229 1480 2258 magna

150 2270 219 2296 rest
330 2266 419 2297 facto
435 2276 514 2297 corr.
535 2266 622 2297 facio
638 2265 681 2306 P,
700 2269 737 2296 ut
751 2265 813 2297 vid.
833 2265 882 2305 (A
901 2276 932 2298 n,
953 2265 991 2306 l.)
1105 2266 1170 2302 663
1194 2264 1257 2294 hac
1274 2264 1308 2294 P
1416 2263 1479 2293 668

149 2310 243 2383 {neq
242 2310 343 2340 modo
354 2312 458 2350 potest
463 2310 571 2349 fuisse
584 2310 619 2340 in
637 2309 670 2339 A
749 2308 890 2348 adipisci
908 2307 952 2338 Β3
1083 2308 1149 2347 669
1172 2312 1205 2338 te
1222 2318 1249 2339 c.
1272 2307 1339 2350 [te]
1359 2306 1478 2338 melius

183 2377 191 2394 ,
263 2364 295 2385 n.
314 2354 334 2385 Ι.
