1742 2718
713 43 1002 83 CVRCVLIO
1469 44 1522 81 ΙΙ.
1548 44 1593 80 iii

197 155 321 194 facio:
352 157 471 205 fuglte
492 167 642 201 omnes,
664 153 769 191 abite
790 161 828 190 et
849 154 900 191 de
920 153 984 191 uia
1004 153 1186 200 secedite,

196 235 245 259 ne
272 234 390 270 quem
421 220 460 258 in
487 233 602 258 cursu
630 218 757 269 capite
785 226 852 256 aut
880 218 1015 257 cubito
1043 226 1110 256 aut
1139 224 1297 268 pectore
1325 219 1523 256 offendam

1319 291 1386 320 aut
1406 296 1518 332 genu.

195 350 247 388 ita
267 364 372 388 nunc
388 350 529 397 subito,
548 362 712 400 propere
732 356 770 386 et
790 350 915 386 celere
931 348 1168 387 obiectumst
1189 347 1285 386 mihi
1306 347 1517 397 negotium,

194 429 268 454 nec
297 415 499 467 (usquam)
531 414 778 464 quisquamst
811 413 891 451 tzim
922 415 1142 463 opulentus,
1175 412 1242 462 qui
1276 412 1328 450 mi
1358 412 1520 462 opsistat
1541 425 1557 455 5

1376 491 1415 515 1n
1445 491 1520 524 u1a‚

109 552 174 595 285
196 559 269 583 nec
290 554 478 595 strategus
498 558 572 583 nec
592 552 778 594 tyrannus
799 543 1008 594 quisquam
1029 557 1103 582 nec
1122 555 1385 594 agoranornus

196 623 269 647 nec
289 611 523 648 demarchus
543 622 617 647 nec
637 610 870 647 comarchus
891 622 965 647 nec
986 622 1076 646 cum
1099 616 1207 646 tanta
1225 607 1357 658 gloria,

196 674 291 724 quin
312 676 436 721 cadat,
460 674 555 724 quin
576 673 704 722 capite
725 672 834 711 sistat
853 672 894 711 in
914 673 978 711 uia
998 674 1048 712 de
1069 672 1218 711 semita.

195 747 279 777 tum
299 739 361 777 isti
383 739 522 777 Graeci
544 737 703 788 palliati,
724 737 851 787 capite
873 746 1010 788 operto
1031 738 1097 788 qui
1117 738 1334 784 ambulant,

195 803 262 853 qui
283 803 471 841 incedunt
492 802 728 841 suffarcinati
749 816 840 840 cum
861 802 978 849 libris,
1002 815 1093 840 cum
1114 802 1308 852 sportulis,
1548 819 1588 841 10

109 879 178 913 290
196 875 388 915 constant,
412 869 618 906 conferunt
639 880 840 904 sermones
861 866 961 905 inter
981 880 1066 906 sese
1086 868 1282 916 drapetae‚

196 940 363 982 opstant,
386 932 591 983 opsistunt‚
615 931 806 969 incedunt
826 944 917 969 cum
939 931 1018 969 suis
1039 931 1254 978 sententiis,

195 1010 293 1047 quos
315 1010 469 1047 semper
488 997 623 1035 uideas
645 996 826 1035 bibentes
848 1010 933 1035 esse
954 996 994 1034 in
1016 996 1290 1046 thermopolio,

194 1062 261 1100 ubi
282 1063 378 1112 quid
399 1075 652 1112 surrupuere:
683 1069 821 1111 operto
842 1061 1017 1111 capitulo
1037 1060 1210 1100 calidum
1231 1060 1384 1108 bibunt,

194 1127 320 1166 tristes
340 1135 458 1177 atque
478 1127 615 1166 ebrioli
636 1127 826 1165 incedunt
843 1142 850 1165 :
881 1140 949 1165 eos
970 1140 1043 1176 ego
1063 1126 1094 1165 si
1115 1127 1330 1174 offendero,
1550 1143 1585 1175 15

107 1204 174 1240 295
194 1206 241 1231 ex
260 1205 502 1242 unoquoque
522 1205 658 1231 eorum
680 1192 871 1242 crepitum
894 1191 1044 1230 exciam
1064 1191 1336 1242 polentarium.

195 1265 278 1295 tum
299 1256 361 1295 isti
381 1256 448 1307 qui
468 1258 610 1295 ludunt
630 1256 793 1295 datatim
815 1256 916 1295 serui
937 1269 1155 1294 scurrarum
1176 1256 1216 1294 in
1236 1256 1310 1303 uia,

193 1329 232 1361 et
252 1323 407 1361 datores
428 1329 466 1360 et
485 1323 651 1361 factores
673 1322 801 1360 omnis
824 1322 993 1360 subdam
1015 1322 1088 1360 sub
1110 1323 1248 1360 solum.

192 1386 305 1436 proin
325 1399 410 1425 sese
430 1386 538 1425 dorni
559 1386 798 1433 contineant,
822 1386 948 1425 uitent
969 1386 1195 1426 infortunio.

193 1453 267 1490 PH.
300 1459 403 1490 recte
427 1450 491 1489 hic
518 1459 720 1499 monstrat,
744 1451 774 1489 si
803 1451 994 1501 imperare
1024 1452 1158 1502 possit.
1217 1465 1310 1491 nam
1340 1452 1394 1490 ita
1420 1465 1526 1491 nunc
1547 1470 1587 1492 20

1299 1525 1385 1555 mos
1407 1516 1523 1567 uiget,

107 1592 175 1626 300
192 1581 245 1619 ita
265 1594 371 1620 nunc
391 1580 654 1620 seruitiumst:
684 1582 862 1630 profecto
882 1582 1025 1619 modus
1046 1580 1182 1619 haberi
1203 1595 1284 1620 non
1304 1589 1444 1632 potest.

193 1646 264 1686 CV.
297 1645 431 1697 ecquis
457 1653 516 1685 est
545 1645 613 1697 qui
640 1645 736 1684 mihi
763 1654 1019 1685 commostret
1045 1647 1339 1685 Phaedromum
1366 1647 1526 1697 genium

1362 1726 1496 1751 meum
1510 1714 1526 1751 ?

191 1775 244 1814 ita
264 1789 323 1814 res
344 1775 472 1815 subita
492 1783 560 1823 est,
579 1776 755 1815 celeriter
770 1776 824 1814 mi
844 1778 921 1815 hoc
938 1777 1100 1816 homine
1117 1785 1318 1816 conuento
1335 1785 1393 1816 est
1412 1791 1522 1828 opus.

193 1842 262 1879 ΡΑ.
294 1840 332 1879 te
352 1841 417 1880 ille
443 1841 604 1892 quaerit.
664 1843 738 1880 ΡΗ.
771 1842 867 1892 quid
892 1842 923 1881 si
943 1844 1162 1882 adeamus?
1201 1844 1298 1882 heus
1326 1843 1524 1890 Curculio,

1361 1915 1399 1947 te
1418 1909 1522 1946 uolo.

193 1972 267 2012 CV.
297 1971 385 2023 quis
404 1974 551 2011 uocat?
580 1972 668 2023 quis
688 1972 868 2012 nominat
883 1976 977 2013 me?
1034 1976 1109 2013 PH.
1142 1973 1209 2025 qui
1226 1982 1264 2013 te
1280 1981 1525 2012 conuentum
1544 1991 1583 2023 25

1403 2038 1522 2088 cupit.

237 2142 297 2172 281
323 2142 479 2173 decedite
495 2142 622 2173 Ritschl
772 2144 835 2183 284
861 2154 924 2176 nec
941 2155 1083 2185 usquam
1101 2156 1134 2185 q.
1150 2147 1266 2187 scrz'p8i
1280 2157 1288 2177 :
1308 2155 1474 2185 nusquam
1491 2155 1523 2184 q.

193 2185 309 2225 Lange
512 2187 576 2217 288
611 2187 685 2217 istic
711 2186 777 2218 cod.
800 2187 859 2228 (iv.
876 2187 912 2227 4)
1143 2199 1208 2229 290
1231 2199 1269 2221 se
1286 2189 1350 2220 cod.
1374 2189 1426 2230 (cf.
1445 2189 1522 2228 298)

193 2238 256 2267 292
288 2229 497 2269 hermopolio
523 2229 587 2262 cod.
723 2241 787 2270 294
812 2234 877 2270 ego
902 2230 1040 2275 (nunc)
1070 2233 1167 2264 Goetz
1310 2241 1372 2272 295
1399 2232 1524 2263 extiam

194 2271 357 2312 crepitum
369 2272 453 2304 cod.:
470 2274 540 2304 irai.
555 2273 695 2304 Schoell:
715 2274 880 2304 excutiam
898 2285 943 2306 cr.
961 2275 1173 2307 Camerarius
1317 2277 1381 2315 298
1406 2286 1443 2306 se
1456 2275 1520 2306 cod.

196 2315 248 2355 (cf.
267 2316 344 2356 290)
473 2317 659 2348 infortunio
675 2316 822 2357 Popma:
849 2317 1033 2350 infortunia
1057 2318 1120 2351 cod.
1141 2319 1179 2362 (i.
1196 2319 1234 2360 9)
1371 2329 1435 2358 302
1459 2319 1524 2349 hoc

194 2358 253 2391 del.
271 2358 442 2391 Fleckeisen
461 2360 517 2400 (iv.
532 2360 568 2402 3)
583 2372 590 2391 :
616 2370 658 2390 eo
674 2359 761 2391 Brix
