1742 2718
89 290 154 326 995

67 942 156 968 1000

65 1399 152 1436 1005

659 39 1016 78 MENAECHMI
1451 45 1498 82 V.
1520 44 1581 82 vii

176 147 250 186 nisi
270 148 431 198 quidem
453 163 524 187 uos
545 156 677 187 uostra
696 161 807 186 crura
825 154 893 185 aut
912 148 1032 186 latera
1052 148 1163 188 nihili
1184 151 1367 201 penditis.

176 227 274 252 caue
294 214 503 264 quisquam
524 215 633 264 quod
653 212 731 251 illic
752 212 953 251 minitetur
976 221 1153 252 uostrum
1176 216 1290 254 flocci
1311 217 1454 256 fecerit.

231 278 327 328 quid
347 279 489 317 statis?
519 278 616 328 quid
636 277 857 316 dubitatis?
886 277 963 315 iam
986 279 1196 319 sublimem
1218 290 1371 332 raptum
1393 296 1504 332 opor-

1419 345 1502 384 tuit.

229 422 302 458 ego
336 408 402 447 ibo
435 410 485 447 ad
520 408 719 447 medicum
741 423 747 446 :
792 414 946 457 praesto
981 420 1047 446 ero
1079 407 1143 454 illi,
1174 422 1296 459 quom
1324 410 1501 449 uenietis.

1208 475 1323 511 ΜΕΝ.
1348 474 1477 513 occidi
1496 478 1504 513 1

228 538 324 588 quid
346 540 421 576 hoc
442 540 500 577 est
520 537 684 588 negoti?
714 537 810 588 quid
830 537 952 575 illisce
972 537 1155 576 homines
1175 539 1226 577 ad
1248 552 1311 577 me
1331 546 1501 587 currunt,

1311 618 1475 654 opsecro
1488 606 1505 643 ?

228 668 324 718 quid
354 668 471 707 uoltis
503 670 607 706 uos?
645 668 741 718 quid
771 667 1028 718 quaeritatis?
1065 667 1162 718 quid
1195 682 1258 707 me
1289 668 1506 708 circumsis-

1397 734 1476 773 titis
1488 736 1506 773 ?

227 812 309 849 quo
342 798 474 849 rapitis
504 801 599 838 me'?
629 813 710 850 quo
739 798 844 838 fertis
874 800 970 837 me?
1002 798 1110 849 perii,
1137 812 1303 850 opsecro
1332 806 1505 839 uostram

1371 866 1503 913 fidem,

230 929 570 980 Epidamnienses‚
594 928 813 977 subuenite,
838 929 944 968 ciues
962 932 969 968 Ξ
999 930 1096 980 quin
1116 944 1181 969 me
1201 930 1384 970 mittitis?

229 996 334 1034 MEs.
360 1008 432 1047 pro
452 996 492 1033 di
512 994 739 1033 inmortales
760 998 765 1033 !
801 1008 977 1045 opsecro,
996 995 1094 1045 quid
1114 1009 1187 1045 ego
1208 995 1333 1034 oculis
1354 996 1504 1047 aspicio

1377 1061 1474 1100 meis
1487 1062 1505 1100 ?

226 1139 336 1164 erum
356 1138 489 1164 meum
508 1124 794 1175 indignissume
814 1124 1020 1175 nescioqui
1040 1125 1249 1165 sublimem
1270 1127 1410 1167 ferunt.

228 1192 344 1230 ΜΕΝ.
375 1190 511 1241 ecquis
539 1189 738 1241 suppetias
769 1189 822 1228 mi
850 1191 971 1229 audet
991 1191 1121 1229 ferre?
1178 1192 1284 1229 MES.
1317 1193 1401 1241 ego,
1425 1205 1500 1239 ere,

1215 1256 1501 1296 audacissume.

227 1337 253 1360 o
271 1321 422 1360 facinus
441 1321 647 1372 indignum
668 1328 706 1360 et
727 1323 885 1368 mahim,
910 1320 1139 1372 Epidamnii
1160 1320 1278 1369 ciues,
1301 1335 1411 1361 erum

227 1401 361 1426 meum
381 1387 445 1426 hic
465 1387 505 1425 in
524 1394 665 1437 pacato
685 1386 835 1437 oppido
854 1386 933 1426 luci
952 1386 1122 1438 deripier
1141 1386 1181 1425 in
1201 1387 1276 1435 uia,

334 1451 402 1502 qui
421 1452 519 1491 liber
538 1453 589 1491 ad
609 1465 681 1490 uos
702 1451 853 1491 uenerit
870 1455 877 1490 1

173 1516 313 1556 mittite
333 1516 472 1556 istunc.
534 1519 650 1555 ΜΕΝ.
682 1530 847 1567 opsecro
876 1524 925 1564 te,
949 1517 1128 1568 quisquis
1148 1531 1200 1565 es,
1223 1521 1384 1569 operam
1405 1518 1503 1557 mihi

1369 1592 1412 1624 ut
1432 1586 1502 1624 des

171 1662 249 1687 neu
270 1649 374 1688 sinas
394 1648 434 1687 in
455 1662 518 1688 me
538 1647 721 1700 insignite
741 1649 824 1688 fieri
845 1656 996 1688 tantam
1016 1648 1208 1688 iniuriam.

174 1716 278 1753 MEs.
310 1714 434 1753 immo
465 1722 503 1753 et
541 1728 701 1765 operam
736 1715 842 1755 dabo
876 1723 915 1754 et
949 1716 1163 1755 defendam
1202 1723 1240 1754 et
1279 1715 1503 1756 subuenibo

1349 1782 1498 1821 sedulo.

65 1858 156 1884 1010
172 1859 390 1896 numquam
411 1853 449 1884 te
469 1845 593 1897 patiar
611 1846 747 1898 perire,
771 1861 834 1886 me
854 1846 1017 1898 perirest
1035 1845 1210 1897 aequius.

173 1912 278 1963 eripe
298 1914 457 1951 oculum
479 1912 579 1962 istic,
595 1914 647 1952 ab
668 1928 805 1954 umero
826 1914 894 1965 qui
914 1921 1036 1963 tenet,
1056 1927 1131 1962 ere,
1155 1920 1194 1952 te
1214 1927 1391 1965 opsecro.

173 1978 280 2017 hisce
300 1992 373 2029 ego
393 1978 470 2017 iam
491 1986 709 2018 sementem
729 1979 770 2017 in
791 1993 858 2018 ore
877 1979 1019 2018 faciam
1039 1992 1274 2029 pugnosque
1293 1993 1486 2030 opseram.

215 2094 278 2124 993
302 2084 384 2115 nihil
401 2085 434 2116 Β
535 2095 599 2126 995
623 2086 707 2117 satis
722 2084 789 2116 cod.
808 2084 900 2124 (corr.
919 2084 980 2123 ΒΖ)
1071 2088 1229 2124 oportum
1253 2084 1328 2115 PCD
1436 2096 1499 2125 997

173 2128 262 2167 quod
279 2127 299 2159 i.
318 2127 407 2159 Bach
497 2130 564 2160 illic
585 2129 652 2160 cod.
682 2129 731 2169 (cf.
756 2129 822 2169 958
845 2128 901 2159 hic
917 2131 979 2167 pro
996 2127 1102 2167 hisce)
1237 2129 1303 2169 998
1327 2128 1392 2161 uol.
1416 2139 1500 2168 quos

172 2170 239 2202 cod,
269 2171 364 2211 (corr.
392 2173 426 2203 in
453 2172 502 2212 D)
594 2173 720 2204 circum
750 2173 839 2204 stitis
870 2171 936 2202 cod.
1082 2181 1164 2210 1003
1189 2171 1245 2203 vix
1273 2173 1354 2203 mihi
1386 2172 1500 2203 auidet

175 2216 323 2254 1005—65
341 2216 377 2246 in
389 2216 422 2246 A
439 2216 597 2256 nihilfire
612 2217 727 2257 legitur
839 2225 922 2254 1007
941 2224 978 2245 es
991 2225 1057 2245 om.
1069 2215 1101 2245 Β
1188 2220 1225 2247 ut
1239 2216 1298 2247 des
1310 2216 1358 2246 B²
1373 2228 1380 2247 :
1404 2216 1500 2247 uides

170 2257 237 2290 cod.
255 2259 313 2298 (vi.
327 2269 354 2298 1,
374 2269 406 2300 p.
423 2260 480 2300 86)
596 2270 679 2300 1009
701 2261 755 2291 im.
775 2269 829 2299 op.
852 2259 932 2297 (om.
948 2259 996 2298 et)
1011 2257 1145 2290 Guz'etus
1258 2269 1340 2291 1010
1355 2260 1502 2300 perirest

171 2302 312 2342 aequius
330 2302 539 2335 Camerarius
554 2315 562 2335 ε
585 2304 715 2335 dex-ires
733 2307 766 2334 te
783 2303 877 2334 cuius
896 2302 930 2342 (i.
948 2304 985 2340 5)

215 2377 333 2400 PLAVT.
354 2378 365 2398 1
1373 2369 1415 2400 28

1525 231 1542 263 5

1527 815 1566 838 10

1524 1731 1563 1754 20
