1742 2718
714 102 1062 141 AMPHITRVO
1516 107 1531 142 Ι

218 213 301 250 ΜΕ.
333 210 396 250 hic
426 213 548 250 homo
580 225 696 250 sanus
732 225 810 250 non
842 220 908 251 est.
980 215 1043 250 ΞΟ.
1078 216 1185 264 quod
1217 214 1311 251 mihi
1345 216 1544 264 praedicas
1570 230 1595 259 ε,

1147 278 1298 325 uitium,
1322 279 1360 317 id
1383 280 1451 318 tibi
1474 289 1542 319 est.

215 340 320 390 quid,
346 342 503 387 malum,
528 355 608 380 non
631 343 717 379 siim
740 356 813 391 ego
834 356 968 381 seruos
990 343 1291 393 Amphitruonis
1313 345 1452 383 Sosia?

214 419 347 444 nonne
368 407 441 444 hac
464 414 584 444 noctu
606 415 738 444 nostra
760 407 870 445 nauis
891 406 1003 459 (huc)
1024 422 1070 446 ex
1090 416 1204 458 portu
1228 409 1385 448 Persico

125 483 190 519 405
212 470 331 516 uenit,
355 484 455 520 quae
477 485 540 509 me
561 471 752 509 aduexit?
781 486 861 509 non
884 486 946 510 me
968 473 1044 511 huc
1066 486 1153 511 erus
1176 473 1278 511 misit
1301 477 1440 513 meus?

210 548 344 574 nonne
365 549 438 585 ego
460 549 565 574 nunc
587 544 647 574 sto
668 544 758 574 ante
779 537 887 575 aedis
905 540 1089 576 nostras?
1118 552 1198 577 non
1217 539 1268 576 mi
1288 547 1345 577 est
1366 541 1542 579 lanterna

1330 605 1368 642 in
1392 619 1509 644 manu
1525 607 1541 643 ?

210 680 289 705 non
311 668 460 716 loquor,
486 668 566 706 non
589 667 737 717 uigilo?
768 681 901 707 nonne
923 668 986 706 hic
1012 669 1134 708 homo
1163 671 1284 709 modo
1312 684 1375 709 me
1400 672 1539 721 pugnis

1330 737 1540 775 contudit?

209 797 299 835 fecit
321 798 462 843 hercle,
487 797 577 835 nam
601 797 717 835 etiam
739 796 829 849 (mi)
850 798 992 837 misero
1014 813 1119 837 nunc
1141 802 1266 839 malae
1288 802 1434 840 dolent.

208 862 304 912 quid
337 862 452 913 igitur
483 877 556 913 ego
588 863 739 910 dubito,
768 871 835 901 aut
867 878 940 914 qur
970 879 1052 904 non
1082 865 1184 904 intro
1219 880 1266 904 eo
1296 866 1335 904 in
1366 875 1538 906 nostram

1342 933 1506 971 domum
1524 935 1540 971 ?

120 1008 190 1041 410
210 995 295 1032 ΜΕ.
326 992 433 1044 quid,
469 994 633 1032 domum
675 994 880 1032 nostram?
941 997 1006 1034 So.
1049 997 1101 1034 1'ta
1140 996 1245 1034 enim
1278 1011 1382 1036 uero.
1453 1000 1535 1036 ME.

1027 1061 1122 1111 quin
1144 1076 1244 1111 quae
1266 1062 1395 1101 dixisti
1418 1065 1539 1103 modo

207 1123 342 1163 omnia
363 1123 585 1162 ementitu’s
605 1139 612 1162 :
644 1124 830 1174 equidem
852 1125 963 1164 Sosia
983 1127 1277 1176 Amphitruoni'
1299 1142 1396 1166 sum.

207 1204 298 1228 nam
319 1197 440 1228 noctu
461 1191 536 1228 hac
556 1191 684 1228 soluta
705 1198 762 1228 est
783 1191 894 1229 nauis
916 1199 1048 1230 nostra
1068 1207 1089 1231 e
1110 1200 1224 1242 portu
1246 1193 1416 1242 Persico,

207 1263 246 1293 et
266 1255 332 1293 ubi
356 1256 508 1293 Pterela
528 1269 593 1293 rex
613 1256 790 1306 regnauit
810 1256 1002 1307 oppidum
1025 1258 1347 1308 expugnauimus‚

207 1327 245 1358 et
265 1319 438 1370 legiones
460 1320 728 1359 Teloboarum
751 1321 790 1359 ui
811 1324 1026 1372 pugnando
1048 1323 1237 1373 cepimus,

119 1395 185 1431 415
206 1393 244 1424 et
265 1385 370 1435 ipsus
392 1385 631 1436 Amphitruo
653 1387 903 1436 optruncauit
923 1402 1053 1438 regem
1077 1391 1268 1428 Pterelam
1291 1391 1331 1429 in
1351 1393 1511 1442 proelio.

205 1452 269 1489 So.
286 1458 442 1500 egomet
456 1450 553 1488 mihi
567 1464 648 1489 non
662 1453 792 1499 credo,
803 1466 924 1502 quom
939 1452 1051 1492 illaec
1065 1455 1384 1494 autumareillum
1400 1457 1538 1505 audio,-

204 1514 269 1554 hic
289 1515 451 1565 quidem
473 1523 577 1555 certe
599 1530 700 1566 quae
721 1516 799 1555 illic
821 1525 911 1556 sunt
932 1532 991 1556 res
1018 1526 1150 1569 gestae
1177 1520 1370 1560 memorat
1391 1536 1537 1561 memo-

1434 1588 1532 1627 riter.

204 1646 275 1684 sed
296 1644 392 1695 quid
413 1645 491 1684 ais?
525 1645 621 1696 quid
642 1646 923 1696 Amphitruoni
945 1648 968 1686 a
988 1648 1178 1688 Telobois
1200 1658 1258 1689 est
1280 1652 1440 1690 datum?

206 1711 289 1748 ΜΕ.
323 1712 475 1749 Pterela
496 1724 561 1749 rex
581 1710 648 1761 qui
670 1710 835 1761 potitare
856 1712 992 1751 solitus
1014 1721 1071 1752 est
1092 1722 1226 1764 patera
1245 1729 1371 1755 aurea.

115 1781 186 1814 420
204 1776 268 1814 SO.
302 1777 480 1815 elocutus
495 1784 562 1815 est.
603 1777 671 1815 ubi
685 1784 818 1827 patera
832 1791 945 1816 nunc
961 1781 1049 1817 est?
1085 1782 1168 1818 ME.
1190 1779 1284 1833 (est)
1299 1781 1338 1820 in
1355 1782 1494 1822 cistula
1512 1799 1519 1829 ;

202 1840 504 1890 Amphitruonis
527 1841 733 1893 opsignata
754 1842 866 1892 signo
887 1850 954 1881 est.
1024 1845 1088 1882 So.
1121 1844 1221 1895 signi
1242 1846 1306 1885 dic
1327 1847 1422 1897 quid
1443 1851 1531 1887 est?

201 1906 286 1943 ME.
319 1919 410 1944 cum
427 1906 626 1957 quadrigis
644 1909 710 1946 Sol
728 1907 916 1946 exoriens.
968 1908 1064 1958 quid
1081 1922 1144 1948 me
1161 1917 1305 1960 captas,
1322 1915 1536 1952 carnufex?

200 1970 265 2007 So.
296 1970 536 2020 argumentis
557 1971 663 2019 uicit,
685 1972 793 2011 aliud
814 1987 960 2012 nomen
982 1976 1258 2024 quaerundum
1279 1983 1337 2014 est
1358 1977 1465 2017 mihi.

199 2034 333 2074 nescio
364 2037 470 2075 unde
499 2037 597 2075 haec
627 2038 691 2075 hic
721 2038 924 2088 spectauit.
984 2039 1061 2078 iam
1094 2053 1167 2090 ego
1199 2042 1305 2080 hunc
1337 2043 1532 2093 decipiam

1382 2108 1505 2158 probe
1523 2124 1532 2156 ,-

241 2213 303 2242 403
329 2214 395 2235 non
412 2215 476 2243 ego
493 2215 565 2248 sum
587 2203 686 2236 Weise
818 2219 882 2248 404
899 2208 964 2240 huc
977 2210 1053 2241 add.
1073 2210 1214 2250 Pylades
1325 2222 1388 2252 405
1415 2223 1530 2243 nonne

198 2256 251 2277 me
267 2248 331 2278 cod.
351 2259 356 2278 :
382 2248 434 2278 vel
447 2259 514 2279 non
531 2249 607 2279 med
727 2252 792 2289 406
809 2251 873 2282 isto
892 2253 959 2290 (sto
976 2253 1051 2293 DE,
1069 2254 1122 2285 hic
1138 2254 1198 2295 Β3)
1214 2255 1281 2287 cod.
1382 2266 1444 2296 407
1468 2256 1525 2287 del.

197 2289 297 2321 homo
311 2290 447 2322 Guietus
535 2293 599 2331 408
623 2293 667 2323 mi
691 2293 765 2325 add.
786 2294 925 2333 Pylades
1011 2307 1077 2336 409
1101 2302 1136 2328 ut
1153 2298 1219 2330 cod.
1240 2300 1313 2340 (aut
1329 2300 1372 2339 Β)
1467 2310 1527 2339 417

197 2334 248 2364 vel
260 2334 307 2365 illi
421 2337 485 2374 418
509 2334 634 2378 (doni)
650 2348 670 2368 a
691 2337 814 2378 Ussing
895 2340 1010 2370 datum
1028 2345 1081 2371 est
1098 2341 1164 2373 cod.
1187 2342 1239 2382 (cf.
1258 2346 1333 2384 260,
1354 2345 1429 2384 261,
1448 2345 1526 2383 364)

197 2386 262 2415 420
274 2378 356 2417 fort.
376 2379 551 2412 elocutust.
570 2390 610 2411 ea
635 2381 692 2411 ubi
797 2386 850 2413 est
866 2382 942 2414 add.
966 2383 1080 2415 Dousa

1567 106 1579 141 i

1593 231 1629 253 ςο

1565 687 1624 718 ²55

1562 1201 1623 1233 260

1560 1526 1619 1567 265
