1814 2723
211 23 255 61 V.
282 24 327 60 iii
691 27 737 65 T.
772 26 953 66 MACCI
986 27 1190 66 PLAVTI

238 146 256 178 5
277 140 488 184 postquam
518 135 572 173 nil
602 137 654 183 fit,
679 137 849 174 clamore
880 136 1082 175 hominem
1112 151 1258 188 posco:
1293 138 1357 177 ille
1385 138 1426 177 in
1454 138 1514 178 ius
1543 153 1608 178 me

1467 213 1607 254 uocat3

277 277 460 313 pessume
481 266 602 303 metui
624 280 673 304 ne
694 266 791 304 mihi
813 266 932 306 hodie
952 269 1059 318 apud
1080 276 1299 318 praetorem
1320 271 1499 309 solueret.

276 342 412 366 uerum
433 329 549 367 amici
571 332 869 379 compulerunt:
900 332 1029 370 reddit
1049 341 1252 382 argentum
1274 336 1407 372 domo.
1624 344 1689 388 685

276 407 381 431 nunc
398 396 561 432 domum
577 408 784 444 properare
801 404 998 434 certumst.
1032 398 1110 435 TH.
1134 399 1232 436 heus
1249 406 1301 445 tu,
1318 400 1419 446 leno,
1435 408 1473 438 te
1489 402 1581 438 uolo
1599 404 1605 438 ἵ

276 459 349 495 ΡΗ.
383 467 421 496 et
443 472 515 508 ego
536 467 573 497 te
595 461 697 498 uolo.
760 462 832 500 CA.
864 469 903 499 at
924 475 997 511 ego
1018 475 1089 500 uos
1110 464 1204 501 nolo
1227 464 1377 501 ambos.
1436 466 1514 502 TH.
1548 473 1606 503 sta

1431 529 1481 567 sis
1503 529 1603 568 ilico.

216 603 254 625 10
275 589 349 627 ΡΗ.
381 597 499 640 atque
535 599 738 641 argentum
771 605 935 643 propere
969 606 1135 643 propera
1169 606 1341 632 uomere.
1401 595 1472 634 CA.
1509 595 1604 645 quid

1249 673 1405 697 mecum
1426 668 1484 698 est
1504 659 1604 698 tibi?

273 726 339 757 aut
360 719 460 757 tibi?
516 721 595 758 TH.
629 723 720 771 quia
739 735 812 772 ego
840 730 944 761 exte
970 723 1090 762 hodie
1117 723 1257 762 faciam
1284 724 1408 774 pilum
1435 727 1604 775 catapul-

1463 789 1601 828 tarium

274 857 392 899 atque
413 849 465 888 ita
485 858 524 888 te
544 865 667 890 neruo
689 852 894 901 torquebo,
919 852 1056 892 itidem
1077 861 1119 891 ut
1139 855 1360 904 catapultae
1380 856 1516 893 solent.
1622 860 1691 904 690

275 916 348 953 PH.
381 915 593 954 delicatum
616 924 653 955 te
675 916 794 955 hodie
815 917 967 965 faciam,
991 931 1082 956 cum
1103 920 1243 957 catello
1264 927 1306 957 ut
1325 920 1505 967 accubes,

273 981 395 1018 ferreo
416 994 488 1030 ego
509 980 610 1019 dico.
672 983 743 1021 CA.
776 990 815 1021 at
835 997 908 1033 ego
929 998 1000 1023 uos
1021 985 1140 1022 ambo
1161 985 1201 1022 in
1221 986 1384 1024 robusto
1405 1000 1558 1025 carcere

214 1057 251 1090 15
273 1053 315 1084 ut
335 1045 511 1096 pereatis
572 1048 646 1084 PH.
680 1048 826 1085 collum
847 1049 1056 1099 opsfflnge,
1079 1049 1235 1088 abduce
1255 1050 1373 1089 istum
1393 1051 1433 1089 in
1458 1054 1601 1090 malam

1432 1130 1601 1156 crucem.
1659 1157 1662 1160 Δ

272 1176 351 1214 ΤΗ.
383 1176 578 1227 quidquid
609 1185 677 1225 est,
710 1177 794 1227 ipse
823 1177 895 1217 ibit
924 1179 1066 1230 potius.
1127 1181 1199 1220 CA.
1230 1194 1302 1232 pro
1331 1182 1450 1220 deum
1484 1190 1602 1233 atque

1226 1247 1433 1285 hominum
1455 1249 1574 1287 fidem
1595 1251 1602 1286 1

271 1307 412 1346 hocine
434 1316 550 1358 pacto
573 1308 847 1347 indemnatum
868 1318 987 1361 atque
1009 1312 1236 1350 intestatum
1257 1326 1321 1351 me
1341 1313 1495 1364 abripi?
1620 1319 1685 1364 695

270 1386 445 1422 opsecro,
471 1372 706 1419 Planesium,
733 1380 771 1411 et
792 1381 839 1420 te,
865 1376 1122 1423 Phaedrome,
1146 1377 1333 1415 auxilium
1354 1386 1396 1416 ut
1417 1380 1526 1417 feras.

270 1438 337 1474 PL.
370 1439 495 1485 frater,
521 1451 685 1488 opsecro
708 1445 756 1484 te,
782 1438 862 1476 noli
883 1440 990 1477 hunc
1010 1442 1319 1480 condemnatum
1340 1445 1513 1493 perdere.

212 1518 250 1539 20
269 1502 371 1541 bene
413 1510 451 1541 et
493 1502 637 1554 pudice
681 1516 744 1542 me
788 1503 899 1542 domi
941 1505 1089 1544 habuit.
1164 1508 1243 1545 TH.
1276 1509 1353 1546 hau
1397 1510 1600 1549 uoluntate
1619 1527 1620 1530 ¹

610 1603 617 1609 .
1063 1609 1074 1618 ,
1450 1574 1491 1613 id
1507 1588 1576 1614 sua
1592 1592 1599 1614 ε

267 1633 505 1684 Aesculapio
527 1634 619 1673 huic
642 1635 798 1682 habeto,
824 1649 946 1685 quom
965 1635 1111 1686 pudica
1131 1650 1181 1684 es,
1205 1637 1391 1687 gratiam;

267 1711 358 1735 nam
380 1698 411 1736 si
432 1698 462 1737 is
486 1699 682 1747 ualuisset,
710 1699 787 1738 iam
810 1700 963 1751 pridem
984 1715 1146 1751 quoquo
1167 1711 1299 1752 posset
1320 1703 1498 1743 mitteret.
1617 1717 1686 1749 700

268 1764 342 1801 PH.
382 1763 559 1802 animum
607 1765 802 1804 aduortite
840 1764 961 1818 (hoc),
1003 1766 1035 1804 si
1073 1780 1235 1817 possum
1273 1769 1350 1806 hoc
1388 1769 1488 1807 inter
1524 1783 1595 1808 uos

1346 1847 1594 1884 componere.

268 1893 378 1933 mitte
398 1894 537 1935 istunc.
600 1899 745 1937 accede
767 1899 857 1947 huc,
873 1900 974 1938 leno.
1029 1898 1156 1937 dicam
1180 1912 1308 1936 meam
1330 1898 1575 1946 sententiam,

210 1971 246 2004 ²5
267 1958 463 2009 siquidem
485 1961 601 1999 uoltis
624 1964 732 2012 quod
753 1964 913 2002 decrero
934 1966 1070 2002 facere.
1117 1965 1195 2001 TH.
1219 1963 1290 2001 tibi
1310 1963 1597 2013 permittimus:

266 2024 338 2063 CA.
371 2025 467 2062 dum
503 2025 664 2075 quidem
696 2027 828 2066 hercle
859 2028 912 2066 ita
945 2028 1105 2076 iudices,
1141 2042 1191 2067 ne
1225 2028 1433 2078 quisquam
1470 2042 1494 2067 a
1531 2042 1594 2067 me

1209 2101 1413 2144 argentum
1433 2096 1591 2132 auferat.

309 2195 372 2234 687
398 2194 479 2236 ΤΗ]
499 2196 547 2226 vel
562 2196 627 2228 ΡΗ.
754 2199 819 2238 689
843 2203 900 2229 aut
918 2199 978 2229 tibi
995 2198 1120 2230 Luchs:
1145 2203 1202 2230 aut
1218 2204 1328 2229 tecum
1347 2203 1404 2230 aut
1420 2198 1485 2229 cod.
1507 2211 1513 2229 z
1537 2204 1593 2229 aut

265 2241 376 2268 tecum
401 2239 481 2268 mihi
497 2238 632 2280 Seyffert
761 2244 825 2281 695
842 2243 946 2282 arripi
964 2243 1030 2274 cod.
1166 2245 1229 2282 697
1256 2243 1486 2273 indemnatum
1510 2241 1594 2272 Pius

266 2291 330 2320 700
353 2282 382 2313 si
400 2282 563 2314 uoluisset
587 2284 638 2314 PE
658 2284 731 2325 (pro
749 2286 834 2326 ual-)
969 2297 1028 2325 70⁴1
1055 2287 1118 2317 hoc
1135 2286 1210 2317 add.
1229 2286 1369 2327 Langen
