1742 2718
695 56 1018 96 BACCHIDES
1455 55 1523 92 IV.
1547 54 1592 90 iv

195 174 282 211 MN.
326 172 524 221 Chrysale‚
565 168 704 208 occidi.
779 169 855 208 CH.
899 166 1071 205 fortassis
1111 173 1151 204 tu
1193 164 1276 203 auri
1318 164 1523 214 dempsisti

1356 231 1524 279 parum?

195 304 282 341 MN.
314 315 444 352 quam,
468 302 626 348 malum,
649 299 817 350 parurn?
843 297 966 336 immo
996 310 1089 336 uero
1111 295 1233 335 nimio
1255 294 1377 333 minu'
1397 296 1523 332 multo

1231 373 1350 410 quam
1371 372 1520 410 parurn.

247 433 324 472 CH.
357 431 453 482 quid
478 430 593 480 igitur
618 431 746 476 stulte,
769 428 957 478 quoniam
980 426 1137 465 occasio
1156 427 1207 464 ad
1229 439 1315 463 eam
1338 438 1419 463 rem
1440 424 1511 463 fuit

192 511 281 536 mea
300 497 442 534 uirtute
463 504 572 546 parta
592 502 633 533 ut
654 501 847 544 quantum
869 494 991 531 uelles
1012 499 1165 530 tantum
1187 504 1372 537 sumeres,

105 569 172 613 675
192 563 248 601 sic
268 564 344 600 hoc
364 560 536 610 digitulis
557 560 714 598 duobus
736 558 919 597 sumebas
940 557 1205 607 primoribus?
1544 573 1583 605 35

191 641 241 665 an
262 626 442 664 nescibas
463 638 582 675 quam
604 624 686 662 eius
708 623 817 661 modi
838 622 991 661 homini
1012 635 1097 660 raro
1118 630 1274 672 tempus
1295 635 1336 660 se
1358 622 1497 660 daret?

193 694 280 730 MN.
313 705 424 730 erras
485 692 562 729 CH.
594 697 633 728 at
663 688 825 739 quidem
856 690 939 726 tute
969 687 1114 735 errasti,
1137 700 1259 737 quom
1289 700 1428 736 parum
1456 686 1523 724 im-

1176 752 1308 790 mersti
1329 752 1519 802 ampliter.

193 825 279 861 MN.
311 823 377 872 pol
407 830 448 860 tu
478 814 597 871 quarn
628 833 733 858 nunc
764 821 855 858 med
885 832 1046 857 accuses
1074 818 1198 868 magi',
1235 818 1265 856 si
1301 817 1413 868 magi>
1441 831 1522 856 rem

1352 883 1520 921 noueris.

191 953 328 992 occidi.
389 954 466 991 CH.
498 951 652 989 animus
673 950 751 988 iam
772 950 870 988 istoc
892 949 999 988 dicto
1020 951 1107 999 plus
1127 947 1366 998 praesagitur
1386 948 1488 986 mali.

103 1026 172 1060 680
191 1020 278 1056 MN.
315 1017 422 1068 perii.
483 1018 560 1055 CH.
602 1016 698 1066 quid
738 1015 818 1054 ita?
876 1017 963 1052 MN.
1006 1014 1098 1064 quia
1136 1014 1234 1064 patri
1274 1027 1392 1052 omne
1430 1027 1521 1051 curn
1543 1029 1584 1059 40

741 1088 752 1094 ·
1154 1086 1332 1117 ramento
1352 1078 1519 1117 reddidi.

191 1149 269 1188 CH.
301 1147 536 1186 reddidisti?
584 1149 672 1185 MN.
705 1146 870 1185 reddidi.
931 1147 1008 1185 CH.
1041 1146 1241 1183 omnene?
1294 1146 1381 1182 MN.
1414 1144 1522 1194 oppi-

997 1212 1061 1249 do.
1122 1211 1199 1249 CH.
1232 1209 1352 1248 occisi
1372 1222 1517 1247 sumus.

190 1280 259 1328 qui
278 1279 317 1316 in
338 1286 512 1317 mentem
533 1277 641 1316 uenit
662 1277 732 1315 tibi
754 1277 853 1315 istuc
873 1276 1025 1315 facinus
1045 1277 1172 1313 facere
1192 1282 1272 1312 tam
1293 1275 1470 1312 malum?

192 1345 277 1382 ΜΝ.
326 1343 566 1381 Bacchidem
601 1350 719 1392 atque
753 1343 859 1379 hunc
898 1340 1125 1391 suspicabar
1163 1347 1321 1390 propter
1358 1339 1518 1386 crimen,

1318 1405 1516 1454 Chrysale,

188 1474 240 1512 mi
257 1476 358 1513 male
374 1473 618 1512 consuluisse
635 1488 641 1511 :
672 1472 725 1510 ob
741 1485 828 1510 eam
845 1485 926 1510 rem
943 1484 1062 1509 omne
1074 1483 1213 1508 aurum
1229 1469 1348 1524 iratus
1364 1469 1518 1508 reddidi

101 1545 166 1590 685
188 1553 277 1578 meo
298 1539 407 1591 patri.
467 1540 545 1578 CH.
578 1538 686 1588 quid,
710 1537 778 1576 ubi
798 1537 992 1576 reddebas
1012 1549 1163 1583 aurum,
1186 1535 1316 1574 dixisti
1336 1535 1465 1585 patri?
1537 1554 1575 1583 45

190 1607 276 1643 MN.
309 1605 371 1643 me'
399 1605 439 1644 id
465 1618 603 1642 aurum
633 1603 833 1653 accepisse
854 1603 1051 1652 externplo
1077 1602 1128 1640 ab
1155 1601 1311 1651 hospite
1331 1600 1519 1639 Archide-

1155 1666 1272 1705 mide.
1331 1666 1409 1705 CH.
1442 1679 1516 1713 em,

188 1735 286 1774 istoc
306 1736 414 1775 dicto
435 1736 635 1777 †dedisti†
657 1735 778 1774 hodie
799 1735 839 1773 in
860 1733 1075 1773 cruciatum
1097 1733 1331 1782 Chrysalum
1346 1746 1356 1779 ;

188 1815 279 1840 nam
300 1801 367 1840 ubi
388 1815 451 1840 me
471 1801 644 1852 aspiciet,
667 1803 718 1840 ad
739 1802 977 1840 carnuficem
998 1798 1123 1849 rapiet
1143 1797 1333 1836 continuo
1354 1810 1482 1835 senex.

190 1868 276 1905 MN.
309 1881 381 1917 ego
407 1874 558 1917 patrem
585 1867 753 1905 exoraui.
814 1868 891 1906 CH.
925 1878 1069 1914 nempe
1089 1877 1181 1913 ergo
1208 1865 1284 1901 hoc
1305 1870 1347 1901 ut
1373 1864 1516 1901 faceret

1219 1929 1328 1978 quod
1348 1929 1516 1978 loquor?

101 1997 170 2041 690
189 1999 275 2036 MN.
308 1998 430 2037 immo
449 1999 521 2037 tibi
541 2012 591 2037 ne
611 2006 752 2038 noceat
773 2013 850 2038 neu
871 1999 967 2049 quid
988 1999 1041 2037 ob
1061 2011 1148 2036 eam
1169 2009 1251 2034 rem
1272 2001 1515 2041 suscenseat,
1537 2012 1574 2043 50

187 2071 304 2113 atque
319 2077 432 2113 aegre
447 2064 664 2114 impetraui.
707 2078 812 2103 nunc
828 2066 905 2102 hoc
921 2064 991 2102 tibi
1009 2064 1275 2108 curandumst‚
1293 2061 1491 2110 Chrysale.

231 2170 292 2207 671
314 2172 387 2208 post
400 2170 464 2208 672
481 2169 514 2199 P
528 2170 640 2210 (pn‘us
655 2180 720 2200 om.
732 2173 866 2210 propter
874 2170 1058 2201 homoeotel.
1079 2180 1198 2209 parum
1217 2180 1224 2208 ;
1250 2170 1281 2201 ii.
1302 2170 1338 2205 6)
1455 2169 1520 2207 672

189 2211 298 2250 Quam
315 2212 452 2243 Fritsche
464 2213 513 2253 (A
531 2223 564 2244 n.
579 2213 618 2252 Ι.)
634 2224 640 2244 z
665 2223 731 2252 qua
749 2213 843 2253 (quia
860 2212 952 2253 PCD)
969 2212 1034 2244 cod.
1125 2214 1223 2244 nimis
1235 2213 1362 2244 Ritsclzl
1372 2212 1421 2252 <A
1436 2223 1467 2242 n.
1479 2212 1518 2249 l.)

189 2264 288 2294 quam
300 2266 365 2287 om.
379 2255 413 2286 P
510 2257 574 2295 678
597 2257 648 2287 vel
660 2267 758 2295 mage
858 2257 922 2295 684
939 2258 984 2287 mi
1002 2256 1190 2286 Lanszbinus
1207 2269 1213 2288 :
1239 2268 1292 2287 me
1314 2256 1347 2286 P
1362 2257 1409 2291 (A
1429 2267 1461 2287 n.
1480 2255 1518 2294 l.)

190 2298 242 2347 (qs.
259 2298 308 2347 ftd
320 2300 399 2346 565)
545 2300 611 2330 686
634 2300 685 2331 vel
702 2301 778 2330 hem
923 2301 986 2339 687
1011 2298 1092 2343 (tu)
1109 2301 1184 2332 ded.
1205 2292 1398 2332 Fleckeiseh:
1425 2298 1517 2330 dedi·

190 2341 265 2371 dlstl
299 2341 705 2384 thsc1213fort.ded1stin
