1814 2723
236 52 285 91 V.
309 53 355 89 iv
551 55 597 93 T.
630 56 811 95 MACCI
843 57 1047 96 PLAVTI
1079 59 1398 98 MERCATOR

308 169 379 205 Ev.
402 166 499 217 quid
520 167 620 207 istuc
640 171 728 208 est?
784 171 854 208 Lv.
878 184 989 209 suam
1010 171 1177 222 quisque
1196 173 1319 211 homo
1338 185 1420 210 rem
1441 172 1629 211 meminit.

1296 238 1632 288 nssponde1nssu:

305 305 440 336 certon
460 298 535 337 scis
557 313 638 337 non
659 313 888 340 suscensere
907 300 1003 339 mihi
1025 308 1134 340 tuam
1155 304 1349 341 matrem?
1408 305 1480 341 Ev.
1511 303 1604 342 scio.

305 363 373 400 Lv.
398 362 500 402 uide.
543 366 615 402 Ev.
639 379 727 404 mea
747 367 835 405 fide.
880 368 950 405 Lv.
973 366 1066 405 satis
1083 368 1223 406 habeo.
1264 368 1304 407 id
1321 382 1470 418 quaeso
1489 370 1630 416 hercle,

1388 433 1506 471 etiam
1526 433 1628 472 uide.

304 493 375 530 Ev.
408 507 489 531 non
510 494 607 532 mihi
628 495 784 534 credis?
840 497 910 534 Lv.
944 496 1067 536 immo
1093 498 1223 545 credo,
1247 499 1316 536 sed
1337 506 1470 536 tamen
1497 506 1630 536 metuo

1502 563 1627 601 miser.

241 640 280 671 55
304 623 379 660 DE.
403 637 538 662 eamus
558 624 671 663 intro.
714 627 786 663 Ev.
809 625 932 665 immo
952 627 1130 665 dicamus
1152 627 1310 666 senibus
1326 629 1454 678 legem
1474 641 1618 666 censeo

301 688 397 738 priu'
418 702 537 738 quam
557 689 759 738 abeamus,
781 705 860 741 qua
880 705 922 730 se
941 693 1027 742 lege
1046 699 1207 730 teneant
1227 693 1484 743 contentique
1503 693 1590 731 sint.

300 767 425 792 annos
446 762 587 804 gnatus
608 756 809 806 sexaginta
829 757 897 806 qui
917 757 998 804 erit,
1021 756 1053 795 si
1074 771 1193 808 quem
1214 757 1402 796 scibimus

301 817 332 855 si
352 818 536 856 maritum
557 819 641 858 siue
661 821 792 859 hercle
811 822 914 860 adeo
933 822 1126 860 caelibem
1147 822 1359 870 scortarier,

301 885 392 922 cum
414 898 462 923 eo
482 898 554 923 nos
575 884 640 923 hic
660 887 745 936 lege
764 900 926 936 agemus
943 902 950 925 :
980 887 1164 926 inscitum
1185 887 1460 926 arbitrabimur

240 957 282 988 60
301 956 339 987 et
359 962 428 998 per
448 963 520 988 nos
541 949 704 999 quidem
723 952 855 989 hercle
875 951 1005 1001 egebit
1025 952 1093 1002 qui
1113 965 1228 990 suom
1247 953 1479 1003 prodegerit.

300 1029 377 1053 neu
398 1014 608 1066 quisquam
629 1017 796 1066 posthac
815 1017 1026 1067 prohibeto
1045 1018 1342 1056 adulescentem
1363 1018 1486 1056 filium

300 1079 395 1129 quin
415 1087 522 1118 amet
542 1088 580 1118 et
601 1088 775 1119 scortum
795 1082 926 1129 ducat,
949 1082 1059 1131 quod
1079 1082 1188 1120 bono
1208 1083 1276 1120 fiat
1295 1084 1443 1131 modo3

299 1145 421 1195 siquis
459 1146 713 1195 prohibuerit,
749 1149 837 1197 plus
875 1150 1013 1198 perdet
1046 1150 1147 1186 clam
1180 1147 1326 1202 <qua>si
1365 1150 1629 1200 praehibuerit

1485 1216 1625 1265 palam.

300 1276 397 1314 haec
417 1277 519 1314 adeo
545 1275 550 1328 Ι
576 1276 632 1314 uti
653 1276 700 1315 ex
720 1278 794 1315 hac
814 1286 932 1316 nocte
951 1278 1122 1327 primum
1142 1280 1204 1317 lex
1223 1286 1356 1317 teneat
1375 1293 1500 1318 senes.

239 1349 280 1391 65
300 1341 403 1379 bene
423 1342 552 1380 ualete
566 1356 577 1389 ;
605 1350 735 1392 atque,
757 1344 1044 1390 adulescentes,
1068 1345 1166 1382 haec
1187 1343 1218 1382 si
1239 1344 1355 1383 uobis
1376 1346 1437 1383 lex
1456 1347 1596 1395 placet,

300 1405 353 1442 ob
373 1418 513 1442 senum
529 1406 660 1444 hercle
680 1405 913 1445 industriam
935 1421 1006 1446 uos
1022 1422 1193 1458 aequom
1215 1416 1273 1447 est
1290 1410 1392 1447 clare
1412 1410 1609 1459 plaudere.

347 1519 429 1548 1013
453 1509 555 1540 uideo
572 1520 627 1540 me
644 1510 711 1541 fide
727 1509 795 1542 cod.
810 1522 817 1542 :
850 1521 930 1543 corr.
948 1511 1087 1542 Ribbeck
1174 1512 1224 1554 id]
1248 1513 1309 1544 sed
1332 1512 1460 1543 Ritschl
1547 1524 1629 1553 1017

301 1553 361 1583 LY.
387 1563 493 1583 annos
520 1553 585 1584 cod.
613 1557 651 1584 ut
674 1553 739 1586 vid.
854 1555 936 1585 1018
959 1555 988 1586 si
1019 1555 1126 1587 Brix:
1165 1566 1225 1586 seu
1256 1555 1335 1596 cod.y
1368 1561 1478 1587 contra
1506 1568 1630 1587 morem

298 1595 499 1626 Plautinum
592 1606 676 1638 1019
698 1598 759 1628 hac
770 1597 874 1629 Bothe
963 1609 1044 1630 1021
1065 1599 1140 1630 filia
1150 1599 1215 1631 cod.
1310 1610 1394 1639 1023
1417 1610 1518 1640 quam
1530 1600 1629 1642 (qua)

300 1638 376 1670 add.
394 1639 608 1671 Camerarius
705 1642 913 1681 prohibuerit
929 1642 994 1675 cod.
1099 1653 1181 1683 1024
1205 1643 1256 1675 vel
1277 1649 1313 1675 ut
1336 1644 1397 1686 (ita
1421 1643 1525 1686 cod.):
1549 1644 1629 1675 uolo

303 1681 428 1724 Ussing

1653 638 1740 674 1015

1654 968 1743 994 1020

1653 1360 1738 1392 1025
