1742 2718
718 42 1006 82 CVRCVLIO
1495 47 1523 83 Ι.
1547 45 1576 81 ii

116 167 177 204 145
201 156 273 192 PH.
306 154 401 205 quid
422 154 452 192 si
472 155 612 193 adeam
632 155 683 193 ad
703 155 804 193 fores
824 162 943 205 atque
959 157 1195 194 occentem?
1252 158 1319 194 ΡΑ.
1353 156 1382 194 si
1404 157 1522 202 lubet,

979 234 1108 269 neque
1128 221 1222 258 uoto
1244 234 1373 270 neque
1394 221 1522 268 iubeo,

195 285 357 333 quando
389 297 462 334 ego
493 290 530 322 te
562 283 680 323 uideo
710 283 926 322 immutatis
962 284 1137 323 moribus
1169 298 1267 333 esse,
1299 299 1372 331 ere,
1405 293 1523 335 atque

1351 350 1519 400 ingeniO.

302 417 375 452 PH.
408 415 564 464 pessuli,
587 416 685 453 heus
706 415 862 464 pessuli,
885 428 956 453 uos
978 417 1104 453 saluto
1125 415 1276 461 lubens,
1544 431 1582 464 55

300 493 372 517 uos
391 493 494 526 amo,
517 493 588 518 uos
609 481 715 527 uolo,
732 493 803 518 uos
825 487 916 530 peto
936 487 1054 529 atque
1075 493 1250 529 opsecro,

299 543 420 593 gerite
440 544 588 582 amanti
609 544 705 582 mihi
727 557 888 591 morem,
911 544 1207 592 amoenissumi,

110 621 174 658 150
300 610 366 647 fite
386 623 524 648 caussa
545 623 633 648 mea
652 609 749 648 ludii
770 609 937 655 barbari,

300 674 479 721 sussilste,
503 688 679 725 opsecro,
703 682 740 713 et
762 675 903 713 mittite
924 675 1047 713 istanc
1068 677 1170 713 foras

299 752 400 788 quae
421 739 518 777 mihi
539 739 681 778 misero
701 740 849 778 amanti
869 741 993 779 ebibit
1013 740 1255 790 sanguinem.
1539 741 1582 772 60

298 804 375 842 hoc
395 803 487 842 uide
507 811 548 842 ut
570 804 770 842 dormiunt
790 805 934 855 pessuli
956 804 1129 855 pessumi

297 882 370 907 nec
391 882 480 907 mea
498 869 620 919 gratia
640 877 895 908 commouent
916 883 958 908 se
978 869 1087 908 ocius
1107 872 1114 908 l

105 944 142 979 15
150 944 166 980 5
242 946 281 970 re
301 932 425 982 spicio
446 933 557 971 nihili
578 947 707 972 meam
728 948 800 972 uos
820 934 983 984 gratiam
1003 936 1141 973 facere.

240 999 310 1036 sed
319 1002 526 1046 tace,tace!
549 1001 617 1037 PA.
635 999 1088 1049 taceohercleequidem.
1108 1001 1182 1037 PH.
1193 1000 1320 1039 sentio
1329 1000 1513 1040 sonitum.

238 1065 398 1102 tandem
419 1065 562 1114 edepol
581 1063 679 1102 mihi
699 1064 878 1115 morigeri
898 1064 1043 1115 pessuli
1063 1065 1172 1103 fiunt.
1535 1069 1576 1110 65

292 1184 519 1221 LEAENA
630 1186 954 1223 PALiNvRvs
1065 1186 1394 1224 PLANEsrvM
1535 1186 1581 1224 ifi

648 1251 1037 1288 PHAEDROMVS

186 1330 254 1366 LE.
289 1328 449 1368 Placide
466 1331 650 1380 egredere
671 1338 709 1368 et
729 1330 903 1368 sonitum
919 1330 1085 1381 prohibe
1101 1330 1243 1370 forium
1264 1339 1303 1370 et
1323 1332 1514 1384 crepitum

1296 1397 1511 1446 cardinum,

185 1472 234 1497 ne
255 1472 356 1509 quae
376 1459 440 1498 hic
460 1459 611 1510 agimus
632 1462 711 1499 eru'
730 1460 919 1512 percipiat
940 1461 1032 1509 fieri,
1056 1475 1144 1501 mea
1166 1461 1401 1501 Planesium.

99 1528 166 1564 160
186 1538 312 1572 mane,
349 1526 574 1564 suffundam
608 1527 804 1576 aquolam.
876 1528 944 1564 PA.
988 1527 1109 1566 uiden
1143 1530 1186 1566 ut
1219 1527 1317 1566 anus
1349 1531 1514 1567 tremula

1132 1592 1371 1631 medicinam
1393 1593 1513 1632 facit?

181 1667 298 1704 eapse
305 1667 456 1693 merum
464 1654 681 1694 condidicit
688 1655 836 1705 bibere,
844 1656 992 1695 foribus
1001 1658 1069 1695 dat
1081 1671 1224 1708 aquam
1232 1671 1350 1708 quam
1359 1658 1508 1698 bibant.

181 1720 248 1756 PL.
281 1719 349 1758 ubi
369 1721 441 1758 tu's
461 1720 529 1770 qui
550 1734 613 1759 me
633 1722 890 1760 conuadatu’s
910 1722 1090 1761 Veneriis
1110 1723 1380 1762 uadimoniis?
1530 1735 1547 1767 5

180 1783 274 1823 sisto
295 1798 370 1835 ego
389 1784 461 1823 tibi
482 1799 546 1823 me
566 1793 604 1824 et
624 1785 721 1824 mihi
742 1794 878 1825 contra
897 1786 1034 1826 itidem
1056 1795 1098 1826 ut
1119 1787 1230 1826 sistas
1252 1790 1410 1828 suadeo.

181 1851 255 1887 PH.
286 1851 427 1889 adsum
442 1865 453 1898 3
492 1864 584 1889 nam
614 1850 645 1889 si
676 1850 814 1901 apsim,
843 1852 920 1890 hau
951 1866 1129 1891 recusem
1159 1853 1254 1903 quin
1284 1853 1381 1892 mihi
1410 1856 1512 1894 male

1185 1918 1244 1965 sit,
1267 1921 1345 1958 mel
1365 1933 1508 1959 meum.

97 1983 160 2029 165
183 1981 249 2017 PL.
281 1979 412 2019 anime
446 1980 511 2028 mi,
544 1982 680 2031 procul
713 1979 753 2034 <a
787 1980 869 2034 me>
898 1991 1097 2023 amantem
1131 1984 1270 2023 abesse
1304 1986 1382 2023 hau
1420 1999 1511 2024 con-

1227 2058 1507 2090 sentaneumst.

228 2160 288 2189 150
312 2149 393 2181 ludii
410 2150 616 2184 Saracenus:
642 2152 699 2183 lidi
716 2153 780 2184 cod.
804 2154 870 2192 (tle.
892 2155 988 2194 lydii)
1083 2165 1142 2195 155
1166 2155 1216 2186 vel
1229 2157 1347 2196 specio
1448 2158 1510 2196 156

180 2197 210 2223 st
226 2192 378 2224 Muretus
393 2194 428 2233 (i.
449 2195 480 2233 8,
498 2205 529 2235 p.
545 2197 602 2235 27)
694 2197 850 2236 equidem
869 2198 1043 2229 Fleckeisen
1058 2209 1063 2228 :
1090 2199 1227 2238 quidem
1242 2200 1310 2230 cod.
1448 2202 1507 2238 158

179 2236 288 2267 sorum
305 2236 370 2267 cod.
528 2249 590 2278 159
612 2240 714 2280 quae]
745 2241 835 2280 quod
858 2240 936 2270 PBD
1084 2243 1141 2272 161
1169 2245 1291 2282 aquam
1324 2246 1505 2283 suspectum

183 2280 243 2319 163
266 2279 323 2321 <tu
340 2279 396 2322 te)
412 2285 447 2312 ut
462 2281 644 2324 Heckeisen,
663 2283 720 2314 sed
740 2287 804 2323 ego
821 2284 881 2315 tibi
891 2285 1016 2325 placet:
1039 2283 1118 2328 (te)
1135 2291 1171 2316 ut
1193 2286 1268 2317 Ital.
1403 2288 1463 2325 165
1487 2298 1506 2317 a

179 2333 233 2353 me
249 2322 323 2354 add.
341 2323 478 2356 Mueller
486 2325 618 2367 <Rham
639 2327 728 2358 Mus.
750 2338 802 2368 54,
821 2328 899 2369 388)
992 2329 1036 2359 mi
1052 2327 1152 2372 (me)
1167 2329 1242 2361 Ital.

223 2377 342 2400 PLAVT.
363 2379 375 2399 1
1376 2374 1417 2404 21
