1742 2718
717 102 988 140 ASINARIA
1458 101 1511 139 11.
1532 99 1578 135 iv

185 214 256 253 tibi
289 215 451 264 quidem
487 212 735 264 supplicium,
771 212 966 257 carnufex‚
1000 211 1050 249 dc
1083 209 1198 248 nobis
1230 209 1371 248 detur?
1430 211 1473 246 M
1480 221 1512 247 E.
1551 237 1553 239 .

1259 283 1378 324 atque
1399 274 1516 313 e'tiam

124 380 144 413 8
186 359 258 396 pro
279 345 393 384 dictis
415 343 557 383 uostris
578 342 781 381 maledicis
802 355 955 392 poenae
976 342 1200 391 pendentur
1220 340 1273 378 mi
1294 340 1424 378 hodie.

98 389 166 470 285
188 412 257 449 LE.
290 409 399 460 quid,
422 409 617 448 uerbero?
651 407 715 446 ain
743 415 795 454 tu,
825 406 1009 445 furcifer?
1039 420 1148 445 erum
1173 412 1330 444 nosmet
1356 405 1519 454 fugitare

1354 483 1490 508 censes
1503 471 1519 507 ?

187 541 198 578 i
219 539 403 578 nunciam
424 541 475 578 ad
497 552 618 585 erum,
642 551 723 588 quo
744 551 875 584 uocas,
899 537 977 575 iam
998 538 1152 576 dudum
1174 549 1254 586 quo
1275 535 1449 574 uolebas.

188 607 271 643 ΜΕ.
304 619 410 643 nunc
445 605 638 643 demum?
686 611 818 641 tamen
854 615 1070 652 numquam
1106 602 1200 640 hinc
1239 603 1338 639 seres
1372 599 1519 649 argenti
1539 608 1580 637 80

1075 679 1295 712 nummum,
1319 663 1432 717 ni[si]
1458 677 1519 702 me

187 736 280 773 dare
301 734 454 772 iusserit
476 735 756 771 Demaenetus.
818 733 888 769 LE.
921 731 975 769 ita
995 730 1125 777 facito,
1143 743 1215 779 age
1234 729 1395 767 ambula
1416 742 1516 778 ergo.

187 808 229 838 tu
249 799 532 838 contumeliam
552 797 662 836 alteri
683 797 813 843 facias,
836 796 908 835 tibi
928 809 1010 834 non
1031 796 1213 834 dicatur?

101 877 171 912 490
188 874 267 904 tam
297 878 370 915 ego
400 866 522 903 homo
551 877 638 902 sum
669 876 789 913 quam
819 869 872 900 tu.
943 863 1026 900 ΜΕ.
1059 861 1217 899 scilicet.
1277 860 1330 898 ita
1360 873 1419 898 res
1449 867 1517 898 est.

809 925 812 929 ’
1033 928 1103 964 LE.
1136 939 1299 976 sequere
1321 927 1394 964 hac
1415 938 1516 975 ergo.

187 995 408 1048 praefiscini
429 996 506 1033 hoc
527 1007 633 1033 nunc
654 993 819 1033 dixerim
837 1009 843 1032 :
873 1006 993 1031 nemo
1014 992 1133 1030 etiam
1154 1005 1218 1030 me
1238 990 1439 1030 accusauit

188 1062 327 1101 merito
348 1074 448 1108 meo,
471 1059 601 1110 neque'
622 1072 686 1097 me
707 1057 876 1097 Athenis
896 1059 992 1096 alter
1013 1064 1071 1096 est
1092 1056 1212 1095 hodie
1233 1056 1443 1106 quisquam
1539 1060 1579 1100 85

188 1127 283 1178 quoi
302 1126 409 1166 credi
426 1133 530 1164 recte
546 1138 673 1174 aeque
689 1131 839 1174 putent.
881 1125 965 1161 ΜΕ.
988 1122 1172 1161 fortassis.
1215 1123 1285 1160 sed
1306 1129 1438 1159 tamen
1456 1133 1519 1158 me

188 1205 406 1242 numquam
419 1190 540 1229 hodie
556 1190 721 1228 induces
738 1197 780 1227 ut
796 1188 867 1227 tibi
883 1189 1041 1226 credam
1058 1189 1135 1226 hoc
1150 1194 1355 1236 argentum
1371 1186 1517 1236 ignoto.

101 1268 167 1304 495
188 1261 304 1308 lupus
321 1265 378 1296 est
393 1258 516 1295 homo
532 1255 695 1303 homini,
710 1268 792 1293 non
809 1256 942 1301 homo,
958 1266 1080 1304 quom
1095 1252 1221 1303 qualis
1238 1252 1286 1290 sit
1301 1265 1381 1290 non
1396 1252 1517 1290 nouit.

190 1325 260 1361 LE.
293 1323 370 1361 iam
391 1335 498 1360 nunc
518 1321 695 1360 secunda
716 1319 813 1358 mihi
833 1319 938 1357 facis.
998 1318 1148 1357 scibam
1169 1317 1262 1355 huic
1289 1324 1327 1355 te
1347 1317 1520 1367 capitulo

1400 1382 1520 1420 hodie

190 1456 382 1493 facturum
404 1452 487 1491 sati'
508 1465 579 1503 pro
600 1450 740 1489 iniuria
755 1465 764 1498 ;
794 1463 1035 1500 quamquam
1056 1462 1129 1499 ego
1150 1462 1238 1487 sum
1258 1447 1492 1493 sordidatus,
1538 1457 1580 1489 90

189 1519 288 1569 frugi
308 1527 441 1557 tamen
462 1531 560 1564 sum,
584 1530 658 1555 nec
679 1523 809 1566 potest
828 1514 1028 1565 peculium
1049 1513 1279 1553 enumerari.
1304 1520 1311 1524 ’

192 1586 276 1623 ΜΕ.
308 1585 481 1623 fortasse.
551 1584 621 1620 LE.
654 1581 771 1620 etiam
804 1578 927 1633 [nunc
956 1577 1064 1631 dico]
1098 1579 1337 1630 Periphanes
1374 1579 1522 1617 Rhodo

1197 1650 1390 1683 mercator
1410 1643 1522 1682 diues

107 1726 176 1763 500
192 1722 356 1766 apsente
376 1727 443 1753 ero
463 1715 570 1752 solus
590 1712 688 1750 mihi
708 1713 901 1750 talentum
921 1710 1071 1760 argenti
1091 1709 1164 1749 soli

192 1778 468 1819 adnumerauit
487 1785 526 1817 et
546 1777 713 1817 credidit
732 1776 840 1824 mihi,
863 1789 994 1826 neque
1014 1776 1221 1825 deeeptust
1241 1775 1282 1813 in
1302 1788 1360 1814 eo.

194 1846 278 1883 ME.
310 1846 483 1883 fortasse.
544 1845 614 1881 LE.
646 1849 766 1892 atque
797 1841 915 1880 etiam
951 1848 993 1879 tu
1024 1853 1186 1890 quoque
1223 1839 1317 1890 ipse,
1355 1839 1387 1878 si
1417 1852 1522 1878 esses
1540 1852 1582 1885 95

1270 1912 1523 1956 percontatus

195 1988 258 2014 me
281 1988 328 2014 ex
355 1974 451 2023 aliis,
475 1973 556 2013 scio
586 1975 652 2024 pol
683 1973 862 2011 crederes
888 1985 996 2010 nunc
1026 1973 1136 2022 quod
1166 1972 1251 2010 fers.
1330 1973 1414 2009 ΜΕ.
1446 1972 1524 2009 hau

1264 2036 1526 2087 negassim.-——

239 2141 304 2180 482
327 2141 370 2172 de
399 2140 506 2177 nobis,
536 2139 713 2179 carnufex,
744 2139 842 2168 detur
870 2136 1095 2177 supplicium?
1127 2136 1231 2168 Bothe
1316 2137 1398 2176 sort.
1429 2136 1528 2166 datur

196 2184 260 2223 483
283 2183 472 2215 maledictis
492 2182 558 2214 cod.
736 2183 809 2220 484,
832 2182 897 2219 485
921 2181 1060 2211 furcifer
1082 2183 1177 2210 erum
1200 2182 1234 2212 in
1247 2181 1319 2220 fine
1339 2178 1532 2210 hemistichii

196 2227 435 2267 vixferendum
568 2226 650 2265 fort.
669 2224 791 2255 delend.
809 2234 904 2254 erum
926 2224 986 2263 (iv.
1012 2225 1049 2265 3)
1183 2223 1333 2265 nosmet]
1362 2233 1425 2254 nos
1449 2222 1523 2253 Ital.

197 2272 263 2309 486
287 2272 317 2301 ei
334 2270 396 2301 cod
511 2281 572 2309 491
599 2269 768 2309 preficisci
787 2269 820 2298 ni
839 2267 904 2298 cod.
925 2268 960 2308 (i.
976 2267 1013 2308 8)
1126 2278 1189 2307 492
1213 2268 1264 2298 vel
1279 2268 1356 2298 med
1442 2266 1527 2296 alter

197 2318 249 2344 est
265 2313 412 2345 Athenis
428 2313 568 2353 Bentley,
589 2312 742 2353 rhythmo
757 2312 924 2341 consulens
1048 2320 1113 2349 499
1137 2322 1227 2342 nunc
1245 2311 1322 2342 dico
1339 2310 1454 2341 seclusi
1467 2310 1525 2349 (iv.

201 2357 234 2399 1)
251 2368 258 2388 ε
283 2357 361 2388 dieo
376 2357 444 2389 secl.
463 2357 567 2387 Bothe
677 2365 738 2394 501
765 2354 845 2385 mihi
863 2354 1008 2385 credidit
1025 2354 1110 2386 cod.:
1139 2365 1216 2386 corr.
1229 2354 1402 2385 Fleckeisen
1471 2353 1528 2383 de-

198 2440 316 2475 ceptus
332 2433 397 2465 cod.
531 2442 596 2472 503
620 2407 699 2472 qutid
715 2431 783 2463 cod.
801 2431 885 2471 (quo
901 2431 934 2461 id
951 2427 1046 2471 BD²‚
1065 2431 1147 2472 quid
1164 2431 1198 2462 hi
1215 2430 1282 2472 Dl)
