1742 2718
617 53 972 92 MENAECHMI
1408 47 1460 84 II.
1483 45 1512 81 ii

47 188 115 223 300
135 171 203 222 qui
223 170 390 209 amicam
411 169 533 207 habes
554 180 659 206 eram
681 179 810 205 meam
830 166 933 203 hanc
956 162 1165 202 Erotium?

137 238 252 275 ΜΕΝ.
284 247 413 284 neque
434 234 563 271 hercle
583 245 655 282 ego
676 231 805 269 habeo
826 243 955 279 neque
975 236 1014 267 te
1034 226 1120 277 quis
1141 228 1263 264 horno
1279 223 1329 263 sis
1351 222 1442 262 scio.

136 302 207 340 (ΞΥ.
239 314 319 339 non
341 299 414 338 scis
436 297 523 348 quis
543 311 616 347 ego
637 296 724 343 sim,
744 295 811 345 qui
832 294 903 332 tibi
921 292 1162 343 saepissume

137 365 332 415 cyathisso
351 365 457 414 apud
477 376 560 409 nos,
583 362 744 412 quando
764 367 876 410 potas
889 361 906 396 ?
963 360 1067 396 ΜΕ5.
1100 356 1135 395 ei
1155 354 1263 402 mihi,
1484 368 1526 399 30

138 444 259 481 quom
280 429 377 468 nihil
397 436 455 468 est
475 427 542 478 qui
563 427 641 465 illic
662 425 814 464 homini
834 423 1095 463 dimminuam
1116 428 1234 471 caput
1251 423 1258 458 ἔ

51 508 115 545 305
140 499 254 535 MEN.
286 503 356 533 tun
377 493 612 544 cyathissare
633 490 729 529 mihi
750 492 863 536 soles,
886 488 953 539 qui
973 495 1064 526 ante
1085 488 1191 525 hunc
1212 485 1318 524 diem

140 561 407 611 Epidamnum
428 570 645 607 numquam
666 555 749 594 uidi
769 568 899 605 neque
920 552 1041 592 ueni?
1097 553 1168 591 (ΣΥ.
1200 551 1348 600 negas?

140 628 254 665 MEN.
288 638 387 675 nego
408 625 538 662 hercle
558 635 663 660 uero.
723 621 794 660 Cv.
827 632 908 657 non
929 626 971 656 tu
991 618 1031 655 in
1052 616 1173 655 illisce
1193 614 1359 654 aedibus

139 690 321 730 habitas?
356 691 469 727 MEN.
493 687 535 726 di
550 687 636 725 illos
650 685 833 724 homines
850 683 917 734 qui
930 681 1043 735 illi[c]
1060 681 1239 720 habitant
1255 678 1440 730 perduint
1460 681 1466 716 !
1487 692 1525 723 35

141 757 211 795 Cv.
244 754 386 793 insanit
406 752 645 803 hicquidem,
669 750 737 801 qui
757 750 841 801 ipse
861 750 963 787 male
983 747 1079 787 dicit
1099 746 1184 785 sibi.

52 835 122 869 310
139 820 271 868 audin,
291 819 583 858 Menaechme?
640 819 756 855 ΜΕΝ.
779 815 876 865 quid
896 813 984 853 uis?
1040 814 1111 852 Cv.
1144 811 1175 850 si
1192 825 1255 849 me
1270 811 1465 856 consulas,

141 899 347 924 nummum
368 884 478 922 illum
498 896 619 934 quem
640 881 736 921 mihi
758 882 911 920 dudum
934 877 1142 930 pollicitu’s
1161 877 1255 915 dare

142 950 251 1002 (nam
272 958 314 988 tu
334 949 495 1000 quidem
515 949 646 987 hercle
667 954 774 985 certo
794 958 874 984 non
896 945 1024 982 sanu's
1045 942 1148 990 satis,

144 1017 418 1062 Menaechme,
441 1013 509 1064 qui
528 1026 635 1051 nunc
654 1012 762 1063 ipsus
783 1012 885 1049 male
905 1010 1013 1049 dicas
1034 1007 1122 1059 tibi)
1489 1015 1531 1047 40

12 1096 120 1134 314-5
142 1082 288 1127 iubeas,
312 1080 343 1119 si
363 1079 501 1130 sapias,
524 1079 730 1129 porculum
750 1074 891 1114 adferri
911 1073 992 1113 tibi.

145 1149 249 1185 ΜΕ5.
282 1157 333 1184 eu
351 1145 482 1183 hercle
502 1142 707 1182 hominem
730 1142 899 1179 multum
921 1147 959 1178 et
979 1138 1164 1178 odiosum
1185 1135 1307 1175 mihi!

143 1213 214 1251 CY.
246 1212 344 1249 solet
365 1208 484 1248 iocari
504 1221 621 1258 saepe
641 1220 798 1245 mecum
818 1205 910 1244 illoc
930 1205 1061 1243 modo.

142 1290 261 1327 quarn
282 1275 341 1314 uis
361 1274 546 1313 ridiculus
568 1280 637 1320 est,
660 1271 728 1310 ubi
748 1284 845 1309 uxor
864 1283 945 1309 non
966 1270 1087 1308 adest.

143 1341 239 1392 quid
258 1340 314 1379 ais
335 1341 406 1378 tu?
462 1338 559 1390 quid
578 1338 645 1385 ais,
670 1337 844 1387 inquam.
903 1334 1004 1374 satin
1025 1336 1102 1373 hoc
1122 1334 1231 1384 quod
1251 1331 1364 1371 uides
1491 1337 1532 1370 45

58 1420 127 1456 320
144 1406 258 1445 tribu’
277 1404 392 1445 uobis
412 1410 699 1455 opsonatumst,
718 1416 770 1441 an
790 1414 944 1452 opsono
962 1399 1143 1450 amplius,

145 1471 217 1510 tibi
235 1479 274 1510 et
293 1470 462 1521 parasito
482 1476 521 1508 et
541 1467 722 1507 mulieri?
780 1469 895 1505 ΜΕΝ.
928 1479 1025 1516 quas
1047 1462 1123 1517 [tu]
1144 1462 1337 1510 mulieres,

144 1550 244 1587 quos
264 1543 306 1574 tu
326 1534 514 1586 parasitos
534 1534 724 1584 loquere?
781 1534 885 1570 ΜΕ5.
918 1531 1027 1581 quod
1047 1537 1086 1568 te
1105 1536 1215 1579 urget
1234 1524 1361 1567 scelus

144 1602 212 1653 qui
231 1601 323 1640 huic
344 1600 394 1640 sis
415 1600 632 1639 molestus?
688 1599 759 1637 Cv.
792 1597 888 1647 quid
908 1596 980 1635 tibi
1001 1608 1157 1634 mecum
1178 1600 1236 1633 est
1255 1592 1340 1632 rei?

145 1681 218 1719 ego
238 1675 276 1706 te
296 1680 377 1705 non
397 1665 515 1704 noui:
544 1677 636 1703 cum
656 1664 733 1702 hoc
753 1675 873 1713 quem
893 1660 988 1700 noui
1007 1660 1170 1699 fabulor.
1493 1668 1536 1701 50

59 1749 124 1787 325
147 1735 252 1772 MES.
284 1746 365 1771 non
385 1731 528 1781 edepol
547 1731 590 1768 tii
609 1730 731 1767 homo
752 1741 870 1766 sanus
890 1740 943 1774 es,
965 1733 1072 1765 certo
1093 1724 1185 1764 scio.

147 1800 219 1839 (ΞΥ.
250 1797 328 1836 iam
349 1810 440 1847 ergo
460 1797 558 1834 haec
578 1794 797 1833 madebunt
816 1794 916 1839 faxo,
939 1791 993 1830 nil
1014 1789 1239 1830 morabitur.

147 1863 261 1914 proin
281 1870 323 1901 tu
342 1875 392 1900 ne
412 1874 493 1912 quo
511 1860 630 1898 abeas
650 1858 804 1909 longius
824 1858 874 1896 ab
895 1856 1070 1896 aedibus.

191 1977 256 2007 300
279 1966 403 1997 habeas
418 1964 453 1995 P
580 1972 641 2002 301
669 1972 732 2001 ego
749 1972 815 1993 om.
834 1961 868 1992 P
951 1961 1008 2000 qui
1027 1959 1073 2000 A,
1092 1959 1151 1991 sed
1161 1958 1198 2000 cf.
1217 1957 1354 1999 Sayffiffrt
1369 1956 1471 1999 (Berl.

148 2011 234 2042 Phil.
260 2010 366 2040 Woclz.
389 2018 436 2047 13,
456 2006 534 2047 279)
639 2016 768 2045 303-42
793 2004 876 2036 deest
884 2004 917 2035 A
1023 2014 1087 2044 303
1110 2008 1200 2034 totas
1215 2001 1282 2034 cod.
1299 2004 1389 2042 (corr.
1408 2000 1474 2041 3²)

147 2064 211 2094 305
234 2053 328 2084 Tunc
344 2051 410 2083 cod.
433 2052 525 2092 (corr.
541 2051 575 2081 in
592 2049 639 2089 Β)
772 2050 837 2088 308
861 2049 966 2079 habes
980 2047 1125 2088 Seyffert,
1141 2045 1292 2087 rhythmo
1308 2044 1477 2076 consulens

147 2109 212 2137 que
229 2096 294 2128 cod.
316 2097 408 2136 (corr.
425 2095 485 2135 3²)
574 2104 639 2133 309
656 2093 791 2132 quidem
808 2092 961 2132 Bentley:
986 2091 1141 2132 equidem
1159 2089 1223 2121 cod.
1292 2089 1365 2128 ipse
1376 2087 1450 2118 Ital.
1468 2098 1476 2117 :

147 2142 181 2172 id
198 2151 235 2172 se
250 2140 315 2171 cod.
339 2139 385 2181 (D
397 2144 458 2180 pro
475 2138 515 2177 P)
533 2149 540 2169 t
562 2137 613 2169 vel
626 2138 719 2177 ipsus
821 2138 886 2174 316
902 2146 944 2167 eu
963 2136 1174 2166 Camerarius
1188 2146 1195 2165 :
1219 2137 1254 2164 tu
1270 2131 1328 2163 cod
1354 2131 1397 2171 (T
1416 2135 1478 2170 pro

149 2185 197 2220 E;
221 2184 263 2215 vi.
286 2185 317 2223 1)
378 2183 434 2214 vix
447 2181 586 2213 hercule
673 2189 738 2219 319
755 2180 834 2219 quid
851 2180 901 2210 ais
918 2179 938 2211 i.
955 2179 1152 2211 Goldbacher
1166 2177 1286 2219 (W‘en.
1306 2174 1404 2207 Stud.
1424 2184 1473 2214 19,

152 2228 229 2267 117)
245 2238 252 2257 :
277 2227 333 2266 qui
349 2227 403 2257 uis
418 2226 438 2258 i.
460 2225 524 2257 cod.
542 2237 549 2256 :
574 2224 653 2264 quid
671 2223 723 2254 uis
739 2224 759 2254 i.
774 2223 849 2254 Ital.
941 2223 1022 2262 quid
1040 2223 1090 2253 ais
1111 2224 1168 2254 tu?
1194 2221 1285 2252 ΜΕΝ.
1305 2219 1395 2259 Quid
1413 2217 1476 2256 uis,

149 2272 285 2311 inquam
302 2270 363 2301 Cv.
382 2269 458 2311 (ev.
479 2268 554 2300 add.
570 2267 663 2306 Ital.)
681 2266 783 2297 Bothe
925 2276 987 2306 321
1014 2271 1050 2297 tu
1067 2266 1124 2297 del.
1142 2264 1283 2304 Pylades
1412 2270 1477 2300 322

151 2315 314 2356 paratitos
331 2313 396 2345 cod.
542 2322 605 2351 327
630 2311 672 2342 ab
688 2308 824 2353 (hisce)
839 2309 932 2351 Bm‘x,
953 2320 1034 2340 nam
1051 2309 1185 2350 longius
1199 2309 1383 2349 suspectum

195 2384 316 2407 PLAVT.
334 2383 346 2404 1
1345 2365 1387 2395 26
