1814 2723
225 46 296 83 IV.
317 44 364 81 iv
735 37 781 74 T.
815 33 995 72 MACCI
1028 31 1231 70 PLAVTI

320 160 359 192 te
379 152 510 192 odisse
533 147 692 204 [aeque]
713 154 832 197 atque
852 143 1001 194 anguis.
1062 144 1132 180 Lv.
1166 155 1291 192 egone
1312 140 1411 180 istuc
1432 140 1511 179 dixi
1533 140 1634 180 tibi?

322 219 394 258 CO.
428 216 525 255 mihi
546 215 708 266 quidem
729 212 870 250 hercle.
932 210 1001 246 Lv.
1034 208 1087 245 ita
1108 221 1171 245 me
1192 205 1340 244 amabit
1362 205 1549 256 Iuppiter,

322 297 428 330 uxor,
452 289 495 321 ut
515 295 588 332 ego
608 280 705 318 illud
726 288 946 326 numquam
966 272 1080 312 deixi.
1143 274 1219 310 Do.
1253 270 1370 310 etiam
1393 273 1542 321 negas?

323 350 453 399 palam
474 348 593 386 istaec
614 347 714 383 fiunt
734 350 773 382 te
793 355 857 380 me
877 339 1018 380 odisse.
1080 340 1150 376 Lv.
1183 336 1278 386 quin
1299 350 1412 386 nego.

266 431 303 463 25
325 415 397 454 CO.
430 427 523 459 non,
546 425 627 450 non
648 410 715 448 ted
736 407 868 447 odisse
888 405 994 444 aibat
1015 404 1085 442 sed
1105 416 1266 441 uxorem
1289 415 1399 439 suam
1414 416 1424 449 3
1677 407 1742 452 765

324 486 363 518 et
383 479 545 517 uxorem
567 489 678 515 suam
698 472 776 512 ruri
796 485 882 511 esse
902 469 1041 509 aiebat.
1103 469 1172 505 LV.
1205 468 1302 505 haec
1323 473 1414 504 east.

324 544 421 596 quid
443 541 539 581 mihi
561 539 790 579 molestu’s?
848 537 920 576 CO.
953 533 1045 584 quia
1066 532 1225 571 nouisse
1246 546 1309 570 me
1330 544 1448 581 negas
1464 545 1473 579 3

325 609 400 648 nisi
422 607 564 647 metuis
585 614 626 644 tu
648 605 782 643 istanc.
844 603 915 640 Lv.
948 599 1069 649 sapio,
1093 611 1185 636 nam
1207 597 1303 635 mihi
1324 596 1487 634 unicast.

327 676 400 715 Co.
433 672 524 712 uein
546 685 610 710 me
631 667 848 720 experirei?
906 668 976 704 Lv.
1009 665 1114 703 nolo.
1176 663 1248 702 Co.
1282 663 1506 700 mercedem
1527 661 1639 699 cedo.

266 759 305 789 30
327 743 398 780 Lv.
423 753 506 778 cras
527 737 675 788 petit03
705 733 873 774 dabitur.
916 744 1022 770 nunc
1042 729 1118 768 abi.
1163 731 1239 767 Do.
1263 729 1340 766 heu
1362 727 1527 766 miserae
1543 725 1659 764 mihi!
1680 738 1749 774 770

327 808 397 845 Lv.
431 818 537 843 nunc
558 816 631 853 ego
652 813 789 840 uerum
810 798 909 837 illud
930 797 1096 835 uerbum
1113 808 1198 833 esse
1219 792 1396 843 experior
1415 798 1528 831 uetus
1546 807 1552 830 2

327 870 477 921 aliquid
499 867 591 906 mali
612 880 697 905 esse
718 871 877 916 propter
897 861 1074 901 uicinum
1096 861 1254 898 malurn.

330 938 403 977 Co.
436 948 508 985 qur
531 932 619 972 heic
639 930 843 970 astamus?
872 927 968 978 quin
988 925 1173 964 abimus?
1202 922 1447 962 incommodi

329 1001 361 1040 si
382 1000 478 1051 quid
499 998 570 1037 tibi
591 995 738 1043 euenit,
759 995 800 1033 id
821 1007 902 1032 non
924 999 982 1030 est
1002 992 1118 1040 culpa
1140 1003 1238 1028 mea.

269 1082 306 1114 35
331 1068 401 1105 LY.
434 1064 530 1115 quin
552 1076 615 1101 me
636 1060 811 1100 eradicas
833 1058 1029 1096 miserum.
1092 1056 1163 1094 Co.
1195 1054 1276 1092 scio
1297 1054 1375 1092 iam
1398 1053 1494 1103 quid
1515 1052 1636 1092 uelis:
1683 1065 1748 1102 775

331 1131 463 1181 nemp'
480 1143 544 1168 me
564 1127 657 1166 hinc
678 1125 785 1164 abire
805 1123 899 1162 ueis.
951 1124 1021 1159 Lv.
1045 1122 1138 1158 uolo
1159 1119 1331 1169 inquam.
1385 1120 1456 1158 Co.
1479 1117 1660 1157 abibitur.

331 1197 563 1236 drachmam
584 1194 688 1232 dato.
749 1192 819 1228 Lv.
852 1187 1018 1227 dabitur.
1081 1186 1152 1224 Co.
1187 1184 1294 1224 darei
1316 1198 1407 1235 ergo
1428 1183 1479 1222 sis
1500 1183 1603 1222 iube.

332 1260 440 1302 darei
461 1260 592 1311 potest
612 1257 761 1295 interea
781 1256 877 1293 dum
898 1251 977 1290 illei
997 1257 1162 1301 ponunt.
1225 1251 1295 1288 Lv.
1329 1249 1425 1299 quin
1445 1247 1559 1288 abis?

332 1326 469 1379 potine
490 1331 532 1363 ut
553 1324 742 1361 molestus
763 1333 813 1358 ne
834 1318 914 1357 sis?
972 1317 1044 1356 Co.
1077 1315 1179 1366 agite
1199 1314 1387 1365 apponite

271 1409 316 1443 40
335 1391 547 1444 opsonium
568 1389 669 1427 istuc
689 1394 780 1425 ante
800 1385 922 1436 pedes
943 1381 998 1420 illi
1018 1381 1112 1420 seni.
1686 1387 1756 1430 780

335 1460 434 1497 haec
455 1468 569 1494 nassa
588 1460 655 1492 aut
676 1465 768 1490 mox
787 1456 854 1488 aut
874 1461 957 1487 cras
979 1447 1126 1485 iubebo
1147 1460 1218 1497 aps
1240 1453 1278 1486 te
1298 1445 1388 1497 peti.

336 1519 710 1573 sequiminei.——Lv.
742 1517 906 1554 fortasse
927 1521 966 1552 te
986 1513 1096 1551 illurn
1119 1512 1247 1550 mirari
1268 1525 1440 1562 coquom

337 1589 446 1639 quod
466 1585 575 1625 uenit
594 1592 713 1634 atque
734 1583 832 1620 haec
852 1578 992 1618 attulit.
1052 1578 1183 1620 dicam
1203 1578 1244 1616 id
1265 1577 1362 1628 quid
1381 1584 1449 1616 est.

338 1656 415 1692 Do.
449 1665 529 1690 non
552 1649 669 1688 miror
689 1647 744 1686 sei
765 1646 862 1697 quid
882 1644 1019 1685 damni
1041 1644 1135 1683 facis
1156 1651 1223 1682 aut
1243 1642 1374 1693 flagiti.

277 1734 317 1768 45
337 1732 412 1757 nec
432 1719 498 1768 pol
519 1729 592 1766 ego
611 1714 735 1765 patiar
756 1712 834 1751 seic
855 1725 920 1750 me
941 1718 1106 1760 nuptam
1128 1717 1208 1748 tam
1229 1710 1332 1747 male
1688 1711 1753 1756 785

339 1795 526 1832 measque
546 1781 587 1818 in
606 1779 716 1818 aedis
737 1777 816 1817 seic
838 1783 966 1815 scorta
988 1774 1247 1814 obductarier.

339 1851 445 1900 Syra,
466 1847 487 1895 i,
512 1853 646 1896 rogato
668 1857 800 1883 meum
823 1850 973 1893 patrem
995 1840 1150 1879 uerbeis
1172 1838 1292 1878 meeis

383 1953 443 1991 761
469 1959 578 1989 aeque
603 1953 703 1988 atque
727 1947 800 1977 PCD
820 1959 826 1977 ε
853 1956 961 1986 aeque
985 1945 1026 1984 B,
1052 1944 1151 1975 etiam
1175 1942 1207 1973 A
1235 1945 1271 1973 ut
1292 1941 1356 1974 vid.
1376 1953 1383 1972 z
1414 1946 1515 1981 atque
1538 1940 1673 1982 quffm

339 1997 438 2035 angis
460 1994 534 2024 PCD
680 1993 809 2031 762—90
828 1993 958 2031 praesto
977 1992 1022 2019 est
1041 1987 1074 2017 A
1222 1988 1285 2026 762
1308 1986 1358 2016 vel
1375 1987 1450 2016 med
1609 1987 1671 2024 764

335 2043 410 2081 post
433 2039 495 2078 765
518 2037 551 2067 Ρ
575 2036 682 2077 (prins
705 2036 814 2066 omiss.
838 2037 969 2074 propter
992 2031 1196 2068 lzomoeotel.;
1227 2031 1259 2060 ii.
1285 2031 1321 2069 6)
1471 2030 1532 2068 765
1563 2029 1614 2059 vel
1639 2034 1672 2059 te

342 2084 404 2124 (ita
420 2081 526 2121 codd.)
618 2079 667 2110 vel
680 2080 791 2109 aiebat
810 2079 868 2118 <ita
885 2076 989 2116 codd.)
1081 2076 1140 2106 sed
1159 2073 1314 2113 uxorem]
1342 2083 1483 2103 uxorem
1507 2082 1625 2102 uerum
1642 2071 1676 2102 P

344 2128 367 2168 (Ζ
381 2127 399 2157 i.
411 2137 435 2157 e.
451 2137 481 2156 n.
504 2135 536 2154 n.
554 2124 610 2154 ted
628 2123 682 2154 od.
702 2133 756 2153 ux.
778 2133 830 2152 ue.
851 2123 895 2157 s.)
1030 2120 1093 2158 766
1116 2129 1209 2149 suam
1228 2127 1367 2147 uxorem
1384 2116 1416 2146 A
1521 2116 1570 2146 vel
1583 2116 1672 2146 aibat

344 2172 404 2210 767
431 2169 507 2208 quia
533 2178 587 2198 me
611 2177 680 2196 non
700 2167 839 2196 nouisse
864 2165 915 2195 ais
939 2163 973 2193 Ρ
1091 2164 1153 2201 769
1177 2161 1255 2191 uolo
1278 2160 1312 2190 P
1430 2169 1490 2199 773
1515 2160 1617 2199 quein
1636 2159 1669 2189 A

342 2215 474 2245 abimus
490 2210 695 2242 incommodi
713 2209 851 2249 displicet
982 2216 1043 2246 774
1068 2207 1147 2246 quid
1166 2204 1297 2247 [secus]
1313 2203 1347 2233 A
1368 2204 1426 2242 (iv.
1449 2203 1478 2245 1)
1609 2211 1671 2242 775

343 2258 443 2298 quein
455 2255 486 2306 A
578 2264 633 2284 me
650 2254 780 2283 radicas
792 2251 840 2302 P·
882 2295 888 2301 ι
911 2250 1062 2315 υεῙείερῡΑ
1154 2259 1214 2288 777
1238 2248 1294 2279 vix
1308 2249 1419 2278 darier
1505 2247 1561 2277 vix
1576 2246 1605 2277 si
1621 2246 1673 2276 uis

344 2298 601 2375 {272‘2'115‘32312242125
610 2299 722 2380 ῃλεῖἷ
735 2294 1013 2379 (ῗῗὲῗιῗέιὲἳιῗ.
1036 2338 1069 2368 id
1090 2291 1341 2376 quffiqssffriffm
1354 2291 1531 2375 ςῶγῖἶῗᾱ
1554 2289 1676 2372 Μ’Ἱέῖ

345 2387 478 2419 damnei
495 2386 528 2416 A
664 2385 726 2422 786
750 2383 864 2413 aedeis
880 2382 913 2412 A
1050 2382 1110 2419 787
1135 2381 1166 2410 ei
1183 2380 1216 2410 P
1230 2382 1240 2418 ιζ
1244 2379 1381 2419 antiqua
1387 2378 1519 2419 forma)
