<?xml version="1.0" encoding="UTF-8"?>
<!DOCTYPE html PUBLIC "-//W3C//DTD XHTML 1.0 Transitional//EN"
    "http://www.w3.org/TR/xhtml1/DTD/xhtml1-transitional.dtd">
<html xmlns="http://www.w3.org/1999/xhtml" xml:lang="en" lang="en">
 <head>
  <title>
</title>
<meta http-equiv="Content-Type" content="text/html;charset=utf-8" />
  <meta name='ocr-system' content='tesseract 3.04.00' />
  <meta name='ocr-capabilities' content='ocr_page ocr_carea ocr_par ocr_line ocrx_word'/>
</head>
<body>
  <div class='ocr_page' id='page_1' title='image "./tmacciplauticomo01plauuoft_0058.png"; bbox 0 0 1794 2728; ppageno 0'>
   <div class='ocr_carea' id='block_1_1' title="bbox 188 71 1175 111">
    <p class='ocr_par' dir='ltr' id='par_1_1' title="bbox 188 71 1175 111">
     <span class='ocr_line' id='line_1_1' title="bbox 188 71 1175 111; baseline -0.002 0"><span class='ocrx_word' id='word_1_1' title='bbox 188 74 240 111; x_wconf 88' lang='lat'>11.</span> <span class='ocrx_word' id='word_1_2' title='bbox 264 75 293 110; x_wconf 89' lang='lat' dir='ltr'>ii</span> <span class='ocrx_word' id='word_1_3' title='bbox 681 73 728 111; x_wconf 87' lang='lat' dir='ltr'>T.</span> <span class='ocrx_word' id='word_1_4' title='bbox 762 73 941 111; x_wconf 91' lang='lat' dir='ltr'><strong>MACCI</strong></span> <span class='ocrx_word' id='word_1_5' title='bbox 973 71 1175 109; x_wconf 89' lang='lat' dir='ltr'><strong>PLAVTI</strong></span> 
     </span>
    </p>
   </div>
   <div class='ocr_carea' id='block_1_2' title="bbox 204 388 246 422">
    <p class='ocr_par' dir='ltr' id='par_1_2' title="bbox 204 388 246 422">
     <span class='ocr_line' id='line_1_2' title="bbox 204 388 246 422; baseline 0 -11"><span class='ocrx_word' id='word_1_6' title='bbox 204 388 246 422; x_wconf 84' lang='lat'>70</span> 
     </span>
    </p>
   </div>
   <div class='ocr_carea' id='block_1_3' title="bbox 205 1099 247 1128">
    <p class='ocr_par' dir='ltr' id='par_1_3' title="bbox 205 1099 247 1128">
     <span class='ocr_line' id='line_1_3' title="bbox 205 1099 247 1128; baseline -0.048 0"><span class='ocrx_word' id='word_1_7' title='bbox 205 1099 247 1128; x_wconf 88' lang='lat'>80</span> 
     </span>
    </p>
   </div>
   <div class='ocr_carea' id='block_1_4' title="bbox 199 1882 242 1914">
    <p class='ocr_par' dir='ltr' id='par_1_4' title="bbox 199 1882 242 1914">
     <span class='ocr_line' id='line_1_4' title="bbox 199 1882 242 1914; baseline 0 -10"><span class='ocrx_word' id='word_1_8' title='bbox 199 1882 242 1914; x_wconf 86' lang='lat'>90</span> 
     </span>
    </p>
   </div>
   <div class='ocr_carea' id='block_1_5' title="bbox 265 179 1683 749">
    <p class='ocr_par' dir='ltr' id='par_1_5' title="bbox 267 179 1593 283">
     <span class='ocr_line' id='line_1_5' title="bbox 267 179 1593 232; baseline -0.001 -12"><span class='ocrx_word' id='word_1_9' title='bbox 267 184 339 220; x_wconf 91' lang='lat' dir='ltr'>AL.</span> <span class='ocrx_word' id='word_1_10' title='bbox 370 182 555 232; x_wconf 80' lang='lat' dir='ltr'><strong>equidem</strong></span> <span class='ocrx_word' id='word_1_11' title='bbox 583 189 735 221; x_wconf 85' lang='lat' dir='ltr'>ecastor</span> <span class='ocrx_word' id='word_1_12' title='bbox 761 180 880 231; x_wconf 84' lang='lat' dir='ltr'>uigilo</span> <span class='ocrx_word' id='word_1_13' title='bbox 907 188 945 218; x_wconf 89' lang='lat' dir='ltr'>et</span> <span class='ocrx_word' id='word_1_14' title='bbox 972 179 1136 230; x_wconf 83' lang='lat' dir='ltr'>uigilans</span> <span class='ocrx_word' id='word_1_15' title='bbox 1163 179 1204 218; x_wconf 86' lang='lat' dir='ltr'>id</span> <span class='ocrx_word' id='word_1_16' title='bbox 1231 180 1340 230; x_wconf 90' lang='lat' dir='ltr'>quod</span> <span class='ocrx_word' id='word_1_17' title='bbox 1366 181 1514 218; x_wconf 86' lang='lat' dir='ltr'>factum</span> <span class='ocrx_word' id='word_1_18' title='bbox 1534 187 1593 219; x_wconf 86' lang='lat' dir='ltr'>est</span> 
     </span>
     <span class='ocr_line' id='line_1_6' title="bbox 1426 245 1588 283; baseline 0.006 -1"><span class='ocrx_word' id='word_1_19' title='bbox 1426 245 1588 283; x_wconf 87' lang='lat' dir='ltr'>fabulor.</span> 
     </span>
    </p>

    <p class='ocr_par' dir='ltr' id='par_1_6' title="bbox 266 309 1592 360">
     <span class='ocr_line' id='line_1_7' title="bbox 266 309 1592 360; baseline -0.003 -9"><span class='ocrx_word' id='word_1_20' title='bbox 266 326 358 351; x_wconf 87' lang='lat' dir='ltr'>nam</span> <span class='ocrx_word' id='word_1_21' title='bbox 371 312 524 351; x_wconf 87' lang='lat' dir='ltr'>dudum</span> <span class='ocrx_word' id='word_1_22' title='bbox 540 319 632 350; x_wconf 89' lang='lat' dir='ltr'>ante</span> <span class='ocrx_word' id='word_1_23' title='bbox 645 313 774 350; x_wconf 88' lang='lat' dir='ltr'>lucem</span> <span class='ocrx_word' id='word_1_24' title='bbox 791 318 829 349; x_wconf 90' lang='lat' dir='ltr'>et</span> <span class='ocrx_word' id='word_1_25' title='bbox 842 310 970 348; x_wconf 87' lang='lat' dir='ltr'>istunc</span> <span class='ocrx_word' id='word_1_26' title='bbox 984 317 1022 348; x_wconf 86' lang='lat' dir='ltr'>et</span> <span class='ocrx_word' id='word_1_27' title='bbox 1038 317 1076 348; x_wconf 89' lang='lat' dir='ltr'>te</span> <span class='ocrx_word' id='word_1_28' title='bbox 1090 309 1183 348; x_wconf 89' lang='lat' dir='ltr'>uidi.</span> <span class='ocrx_word' id='word_1_29' title='bbox 1225 311 1307 348; x_wconf 88' lang='lat' dir='ltr'>AM.</span> <span class='ocrx_word' id='word_1_30' title='bbox 1331 310 1410 360; x_wconf 79' lang='lat' dir='ltr'>quo</span> <span class='ocrx_word' id='word_1_31' title='bbox 1424 309 1463 347; x_wconf 91' lang='lat' dir='ltr'>in</span> <span class='ocrx_word' id='word_1_32' title='bbox 1480 311 1592 348; x_wconf 91' lang='lat' dir='ltr'>loco?</span> 
     </span>
    </p>

    <p class='ocr_par' dir='ltr' id='par_1_7' title="bbox 265 374 1683 478">
     <span class='ocr_line' id='line_1_8' title="bbox 265 374 1683 425; baseline -0.002 -10"><span class='ocrx_word' id='word_1_33' title='bbox 265 379 339 415; x_wconf 88' lang='lat' dir='ltr'>AL.</span> <span class='ocrx_word' id='word_1_34' title='bbox 370 376 435 415; x_wconf 92' lang='lat' dir='ltr'>hic</span> <span class='ocrx_word' id='word_1_35' title='bbox 454 376 495 414; x_wconf 90' lang='lat' dir='ltr'>in</span> <span class='ocrx_word' id='word_1_36' title='bbox 514 376 679 415; x_wconf 89' lang='lat' dir='ltr'>aedibus</span> <span class='ocrx_word' id='word_1_37' title='bbox 703 375 771 414; x_wconf 89' lang='lat' dir='ltr'>ubi</span> <span class='ocrx_word' id='word_1_38' title='bbox 799 383 840 413; x_wconf 92' lang='lat' dir='ltr'>tu</span> <span class='ocrx_word' id='word_1_39' title='bbox 868 374 1032 413; x_wconf 81' lang='lat' dir='ltr'>habitas.</span> <span class='ocrx_word' id='word_1_40' title='bbox 1091 376 1174 412; x_wconf 90' lang='lat' dir='ltr'>AM.</span> <span class='ocrx_word' id='word_1_41' title='bbox 1207 388 1424 425; x_wconf 88' lang='lat' dir='ltr'>numquam</span> <span class='ocrx_word' id='word_1_42' title='bbox 1444 376 1591 412; x_wconf 87' lang='lat' dir='ltr'>factum</span> <span class='ocrx_word' id='word_1_43' title='bbox 1611 388 1683 422; x_wconf 91' lang='lat'>700</span> 
     </span>
     <span class='ocr_line' id='line_1_9' title="bbox 1135 440 1594 478; baseline -0.002 0"><span class='ocrx_word' id='word_1_44' title='bbox 1135 446 1203 478; x_wconf 90' lang='lat' dir='ltr'>est.</span> <span class='ocrx_word' id='word_1_45' title='bbox 1262 441 1326 478; x_wconf 90' lang='lat' dir='ltr'>So.</span> <span class='ocrx_word' id='word_1_46' title='bbox 1359 452 1440 477; x_wconf 89' lang='lat' dir='ltr'>non</span> <span class='ocrx_word' id='word_1_47' title='bbox 1459 440 1594 478; x_wconf 83' lang='lat' dir='ltr'>taces?</span> 
     </span>
    </p>

    <p class='ocr_par' dir='ltr' id='par_1_8' title="bbox 267 503 1356 558">
     <span class='ocr_line' id='line_1_10' title="bbox 267 503 1356 558; baseline -0.004 -12"><span class='ocrx_word' id='word_1_48' title='bbox 267 506 364 557; x_wconf 88' lang='lat' dir='ltr'>quid</span> <span class='ocrx_word' id='word_1_49' title='bbox 383 506 415 546; x_wconf 92' lang='lat' dir='ltr'>si</span> <span class='ocrx_word' id='word_1_50' title='bbox 435 521 456 546; x_wconf 95' lang='lat' dir='ltr'>e</span> <span class='ocrx_word' id='word_1_51' title='bbox 476 514 591 558; x_wconf 88' lang='lat' dir='ltr'>portu</span> <span class='ocrx_word' id='word_1_52' title='bbox 612 506 723 544; x_wconf 89' lang='lat' dir='ltr'>nauis</span> <span class='ocrx_word' id='word_1_53' title='bbox 744 507 822 544; x_wconf 87' lang='lat' dir='ltr'>huc</span> <span class='ocrx_word' id='word_1_54' title='bbox 842 519 914 543; x_wconf 91' lang='lat' dir='ltr'>nos</span> <span class='ocrx_word' id='word_1_55' title='bbox 935 504 1166 544; x_wconf 88' lang='lat' dir='ltr'>dormientis</span> <span class='ocrx_word' id='word_1_56' title='bbox 1187 503 1356 543; x_wconf 87' lang='lat' dir='ltr'>detulit?</span> 
     </span>
    </p>

    <p class='ocr_par' dir='ltr' id='par_1_9' title="bbox 267 568 1581 621">
     <span class='ocr_line' id='line_1_11' title="bbox 267 568 1581 621; baseline -0.003 -11"><span class='ocrx_word' id='word_1_57' title='bbox 267 574 349 610; x_wconf 91' lang='lat' dir='ltr'>AM.</span> <span class='ocrx_word' id='word_1_58' title='bbox 382 571 499 611; x_wconf 89' lang='lat' dir='ltr'>etiam</span> <span class='ocrx_word' id='word_1_59' title='bbox 520 579 562 610; x_wconf 87' lang='lat' dir='ltr'>tu</span> <span class='ocrx_word' id='word_1_60' title='bbox 583 584 742 621; x_wconf 91' lang='lat' dir='ltr'>quoque</span> <span class='ocrx_word' id='word_1_61' title='bbox 762 569 978 608; x_wconf 80' lang='lat' dir='ltr'>adsentaris</span> <span class='ocrx_word' id='word_1_62' title='bbox 999 570 1121 607; x_wconf 86' lang='lat' dir='ltr'>hu&#39;1&#39;c?</span> <span class='ocrx_word' id='word_1_63' title='bbox 1177 570 1242 608; x_wconf 89' lang='lat' dir='ltr'>So.</span> <span class='ocrx_word' id='word_1_64' title='bbox 1275 568 1371 619; x_wconf 88' lang='lat' dir='ltr'>quid</span> <span class='ocrx_word' id='word_1_65' title='bbox 1391 568 1450 607; x_wconf 90' lang='lat' dir='ltr'>uis</span> <span class='ocrx_word' id='word_1_66' title='bbox 1470 568 1581 607; x_wconf 89' lang='lat' dir='ltr'>fieri?</span> 
     </span>
    </p>

    <p class='ocr_par' dir='ltr' id='par_1_10' title="bbox 268 633 1419 681">
     <span class='ocr_line' id='line_1_12' title="bbox 268 633 1419 681; baseline -0.003 -6"><span class='ocrx_word' id='word_1_67' title='bbox 268 650 349 675; x_wconf 89' lang='lat' dir='ltr'>non</span> <span class='ocrx_word' id='word_1_68' title='bbox 369 643 411 675; x_wconf 89' lang='lat' dir='ltr'>tu</span> <span class='ocrx_word' id='word_1_69' title='bbox 431 636 506 675; x_wconf 87' lang='lat' dir='ltr'>scis</span> <span class='ocrx_word' id='word_1_70' title='bbox 519 639 536 674; x_wconf 89' lang='lat'>?</span> <span class='ocrx_word' id='word_1_71' title='bbox 566 636 745 674; x_wconf 80' lang='lat' dir='ltr'>Bacchae</span> <span class='ocrx_word' id='word_1_72' title='bbox 767 634 976 673; x_wconf 86' lang='lat' dir='ltr'>bacchanti</span> <span class='ocrx_word' id='word_1_73' title='bbox 997 633 1028 672; x_wconf 91' lang='lat' dir='ltr'>si</span> <span class='ocrx_word' id='word_1_74' title='bbox 1048 633 1146 673; x_wconf 84' lang='lat' dir='ltr'>uelis</span> <span class='ocrx_word' id='word_1_75' title='bbox 1166 633 1419 681; x_wconf 88' lang='lat' dir='ltr'>aduorsarier,</span> 
     </span>
    </p>

    <p class='ocr_par' dir='ltr' id='par_1_11' title="bbox 267 698 1212 749">
     <span class='ocr_line' id='line_1_13' title="bbox 267 698 1212 749; baseline -0.004 -8"><span class='ocrx_word' id='word_1_76' title='bbox 267 716 314 741; x_wconf 84' lang='lat' dir='ltr'>ex</span> <span class='ocrx_word' id='word_1_77' title='bbox 333 701 471 740; x_wconf 85' lang='lat' dir='ltr'>insana</span> <span class='ocrx_word' id='word_1_78' title='bbox 491 700 728 740; x_wconf 84' lang='lat' dir='ltr'>insaniorem</span> <span class='ocrx_word' id='word_1_79' title='bbox 749 700 878 747; x_wconf 82' lang='lat' dir='ltr'>facies,</span> <span class='ocrx_word' id='word_1_80' title='bbox 901 699 1011 738; x_wconf 87' lang='lat' dir='ltr'>feriet</span> <span class='ocrx_word' id='word_1_81' title='bbox 1033 698 1187 749; x_wconf 86' lang='lat' dir='ltr'>saepius</span> <span class='ocrx_word' id='word_1_82' title='bbox 1202 714 1212 747; x_wconf 80' lang='lat'>3</span> 
     </span>
    </p>
   </div>
   <div class='ocr_carea' id='block_1_6' title="bbox 230 763 1680 817">
    <p class='ocr_par' dir='ltr' id='par_1_12' title="bbox 230 763 1680 817">
     <span class='ocr_line' id='line_1_14' title="bbox 230 763 1680 817; baseline -0.003 -11"><span class='ocrx_word' id='word_1_83' title='bbox 230 780 245 810; x_wconf 78' lang='lat'>5</span> <span class='ocrx_word' id='word_1_84' title='bbox 267 766 298 805; x_wconf 92' lang='lat' dir='ltr'>si</span> <span class='ocrx_word' id='word_1_85' title='bbox 318 780 550 817; x_wconf 86' lang='lat' dir='ltr'>opsequare,</span> <span class='ocrx_word' id='word_1_86' title='bbox 570 779 649 804; x_wconf 92' lang='lat' dir='ltr'>una</span> <span class='ocrx_word' id='word_1_87' title='bbox 669 766 841 804; x_wconf 85' lang='lat' dir='ltr'>resoluas</span> <span class='ocrx_word' id='word_1_88' title='bbox 862 766 986 815; x_wconf 84' lang='lat' dir='ltr'>plaga.</span> <span class='ocrx_word' id='word_1_89' title='bbox 1046 765 1127 802; x_wconf 87' lang='lat' dir='ltr'>AM.</span> <span class='ocrx_word' id='word_1_90' title='bbox 1159 772 1200 802; x_wconf 89' lang='lat' dir='ltr'>at</span> <span class='ocrx_word' id='word_1_91' title='bbox 1219 766 1286 815; x_wconf 90' lang='lat' dir='ltr'>pol</span> <span class='ocrx_word' id='word_1_92' title='bbox 1307 763 1375 815; x_wconf 90' lang='lat' dir='ltr'>qui</span> <span class='ocrx_word' id='word_1_93' title='bbox 1395 772 1501 803; x_wconf 88' lang='lat' dir='ltr'>certa</span> <span class='ocrx_word' id='word_1_94' title='bbox 1520 778 1580 803; x_wconf 91' lang='lat' dir='ltr'>res</span> <span class='ocrx_word' id='word_1_95' title='bbox 1613 776 1680 813; x_wconf 81' lang='lat'>705</span> 
     </span>
    </p>
   </div>
   <div class='ocr_carea' id='block_1_7' title="bbox 260 828 1682 2116">
    <p class='ocr_par' dir='ltr' id='par_1_13' title="bbox 260 828 1682 2116">
     <span class='ocr_line' id='line_1_15' title="bbox 267 828 1516 880; baseline -0.002 -10"><span class='ocrx_word' id='word_1_96' title='bbox 267 833 369 870; x_wconf 90' lang='lat' dir='ltr'>hanc</span> <span class='ocrx_word' id='word_1_97' title='bbox 389 838 448 870; x_wconf 91' lang='lat' dir='ltr'>est</span> <span class='ocrx_word' id='word_1_98' title='bbox 468 830 682 880; x_wconf 85' lang='lat' dir='ltr'>obiurgare,</span> <span class='ocrx_word' id='word_1_99' title='bbox 705 843 806 879; x_wconf 90' lang='lat' dir='ltr'>quae</span> <span class='ocrx_word' id='word_1_100' title='bbox 828 843 890 868; x_wconf 94' lang='lat' dir='ltr'>me</span> <span class='ocrx_word' id='word_1_101' title='bbox 911 828 1031 868; x_wconf 78' lang='lat' dir='ltr'>hodie</span> <span class='ocrx_word' id='word_1_102' title='bbox 1050 828 1330 868; x_wconf 88' lang='lat' dir='ltr'>aduenientem</span> <span class='ocrx_word' id='word_1_103' title='bbox 1351 830 1516 868; x_wconf 90' lang='lat' dir='ltr'>domurn</span> 
     </span>
     <span class='ocr_line' id='line_1_16' title="bbox 267 894 1483 936; baseline -0.002 -1"><span class='ocrx_word' id='word_1_104' title='bbox 267 896 436 936; x_wconf 86' lang='lat' dir='ltr'>noluerit</span> <span class='ocrx_word' id='word_1_105' title='bbox 460 897 637 934; x_wconf 88' lang='lat' dir='ltr'>salutare.</span> <span class='ocrx_word' id='word_1_106' title='bbox 697 897 761 934; x_wconf 89' lang='lat' dir='ltr'>So.</span> <span class='ocrx_word' id='word_1_107' title='bbox 794 894 971 933; x_wconf 83' lang='lat' dir='ltr'>inritabis</span> <span class='ocrx_word' id='word_1_108' title='bbox 992 895 1212 934; x_wconf 88' lang='lat' dir='ltr'>crabrones.</span> <span class='ocrx_word' id='word_1_109' title='bbox 1272 896 1355 933; x_wconf 90' lang='lat' dir='ltr'>AM.</span> <span class='ocrx_word' id='word_1_110' title='bbox 1387 901 1483 933; x_wconf 91' lang='lat' dir='ltr'>tace.</span> 
     </span>
     <span class='ocr_line' id='line_1_17' title="bbox 267 959 1430 1010; baseline -0.003 -9"><span class='ocrx_word' id='word_1_111' title='bbox 267 963 501 1005; x_wconf 80' lang='lat' dir='ltr'>Alcumena,</span> <span class='ocrx_word' id='word_1_112' title='bbox 522 974 645 998; x_wconf 87' lang='lat' dir='ltr'>unum</span> <span class='ocrx_word' id='word_1_113' title='bbox 666 973 800 1010; x_wconf 88' lang='lat' dir='ltr'>rogare</span> <span class='ocrx_word' id='word_1_114' title='bbox 821 967 859 998; x_wconf 95' lang='lat' dir='ltr'>te</span> <span class='ocrx_word' id='word_1_115' title='bbox 880 960 984 998; x_wconf 90' lang='lat' dir='ltr'>uolo.</span> <span class='ocrx_word' id='word_1_116' title='bbox 1041 962 1116 998; x_wconf 89' lang='lat' dir='ltr'>AL.</span> <span class='ocrx_word' id='word_1_117' title='bbox 1149 959 1307 1010; x_wconf 88' lang='lat' dir='ltr'>quiduis</span> <span class='ocrx_word' id='word_1_118' title='bbox 1327 973 1430 1010; x_wconf 87' lang='lat' dir='ltr'>roga.</span> 
     </span>
     <span class='ocr_line' id='line_1_18' title="bbox 267 1024 1520 1075; baseline -0.002 -10"><span class='ocrx_word' id='word_1_119' title='bbox 267 1028 350 1065; x_wconf 91' lang='lat' dir='ltr'>AM.</span> <span class='ocrx_word' id='word_1_120' title='bbox 381 1040 477 1064; x_wconf 89' lang='lat' dir='ltr'>num</span> <span class='ocrx_word' id='word_1_121' title='bbox 499 1025 569 1064; x_wconf 88' lang='lat' dir='ltr'>tibi</span> <span class='ocrx_word' id='word_1_122' title='bbox 588 1032 655 1063; x_wconf 92' lang='lat' dir='ltr'>aut</span> <span class='ocrx_word' id='word_1_123' title='bbox 676 1024 839 1063; x_wconf 89' lang='lat' dir='ltr'>stultitia</span> <span class='ocrx_word' id='word_1_124' title='bbox 859 1024 1024 1063; x_wconf 86' lang='lat' dir='ltr'>accessit</span> <span class='ocrx_word' id='word_1_125' title='bbox 1043 1031 1110 1062; x_wconf 88' lang='lat' dir='ltr'>aut</span> <span class='ocrx_word' id='word_1_126' title='bbox 1132 1031 1288 1074; x_wconf 90' lang='lat' dir='ltr'>superat</span> <span class='ocrx_word' id='word_1_127' title='bbox 1308 1024 1520 1075; x_wconf 86' lang='lat' dir='ltr'>superbia?</span> 
     </span>
     <span class='ocr_line' id='line_1_19' title="bbox 266 1088 1682 1140; baseline 0.001 -11"><span class='ocrx_word' id='word_1_128' title='bbox 266 1093 339 1129; x_wconf 89' lang='lat' dir='ltr'>AL.</span> <span class='ocrx_word' id='word_1_129' title='bbox 371 1092 439 1140; x_wconf 78' lang='lat' dir='ltr'>qui</span> <span class='ocrx_word' id='word_1_130' title='bbox 459 1090 559 1129; x_wconf 88' lang='lat' dir='ltr'>istuc</span> <span class='ocrx_word' id='word_1_131' title='bbox 580 1089 620 1127; x_wconf 90' lang='lat' dir='ltr'>in</span> <span class='ocrx_word' id='word_1_132' title='bbox 641 1096 852 1128; x_wconf 89' lang='lat' dir='ltr'>mentemst</span> <span class='ocrx_word' id='word_1_133' title='bbox 874 1088 946 1127; x_wconf 85' lang='lat' dir='ltr'>tibi</span> <span class='ocrx_word' id='word_1_134' title='bbox 966 1103 1013 1128; x_wconf 88' lang='lat' dir='ltr'>ex</span> <span class='ocrx_word' id='word_1_135' title='bbox 1032 1102 1106 1135; x_wconf 91' lang='lat' dir='ltr'>me,</span> <span class='ocrx_word' id='word_1_136' title='bbox 1131 1088 1184 1127; x_wconf 93' lang='lat' dir='ltr'>mi</span> <span class='ocrx_word' id='word_1_137' title='bbox 1208 1088 1280 1137; x_wconf 87' lang='lat' dir='ltr'>uir,</span> <span class='ocrx_word' id='word_1_138' title='bbox 1299 1089 1594 1139; x_wconf 88' lang='lat' dir='ltr'>percontarier?</span> <span class='ocrx_word' id='word_1_139' title='bbox 1612 1104 1682 1139; x_wconf 83' lang='lat'>7¹0</span> 
     </span>
     <span class='ocr_line' id='line_1_20' title="bbox 266 1153 1435 1205; baseline 0 -12"><span class='ocrx_word' id='word_1_140' title='bbox 266 1157 349 1194; x_wconf 90' lang='lat' dir='ltr'>AM.</span> <span class='ocrx_word' id='word_1_141' title='bbox 381 1155 473 1205; x_wconf 88' lang='lat' dir='ltr'>quia</span> <span class='ocrx_word' id='word_1_142' title='bbox 493 1156 659 1194; x_wconf 88' lang='lat' dir='ltr'>salutare</span> <span class='ocrx_word' id='word_1_143' title='bbox 679 1153 960 1193; x_wconf 88' lang='lat' dir='ltr'>aduenientem</span> <span class='ocrx_word' id='word_1_144' title='bbox 981 1167 1044 1192; x_wconf 91' lang='lat' dir='ltr'>me</span> <span class='ocrx_word' id='word_1_145' title='bbox 1065 1153 1219 1192; x_wconf 89' lang='lat' dir='ltr'>solebas</span> <span class='ocrx_word' id='word_1_146' title='bbox 1238 1153 1435 1201; x_wconf 67' lang='lat' dir='ltr'>anfidhac,</span> 
     </span>
     <span class='ocr_line' id='line_1_21' title="bbox 265 1218 1503 1271; baseline -0.002 -12"><span class='ocrx_word' id='word_1_147' title='bbox 265 1222 461 1271; x_wconf 88' lang='lat' dir='ltr'>appellare</span> <span class='ocrx_word' id='word_1_148' title='bbox 482 1219 618 1258; x_wconf 85' lang='lat' dir='ltr'>itidem</span> <span class='ocrx_word' id='word_1_149' title='bbox 640 1226 683 1257; x_wconf 90' lang='lat' dir='ltr'>ut</span> <span class='ocrx_word' id='word_1_150' title='bbox 703 1218 872 1269; x_wconf 90' lang='lat' dir='ltr'>pudicae</span> <span class='ocrx_word' id='word_1_151' title='bbox 894 1232 987 1257; x_wconf 89' lang='lat' dir='ltr'>suos</span> <span class='ocrx_word' id='word_1_152' title='bbox 1008 1218 1112 1257; x_wconf 91' lang='lat' dir='ltr'>uiros</span> <span class='ocrx_word' id='word_1_153' title='bbox 1134 1232 1235 1269; x_wconf 87' lang='lat' dir='ltr'>quae</span> <span class='ocrx_word' id='word_1_154' title='bbox 1254 1226 1346 1257; x_wconf 89' lang='lat' dir='ltr'>sunt</span> <span class='ocrx_word' id='word_1_155' title='bbox 1365 1220 1503 1258; x_wconf 84' lang='lat' dir='ltr'>solent.</span> 
     </span>
     <span class='ocr_line' id='line_1_22' title="bbox 266 1283 1428 1335; baseline -0.001 -11"><span class='ocrx_word' id='word_1_156' title='bbox 266 1299 314 1324; x_wconf 92' lang='lat' dir='ltr'>eo</span> <span class='ocrx_word' id='word_1_157' title='bbox 335 1299 443 1324; x_wconf 92' lang='lat' dir='ltr'>more</span> <span class='ocrx_word' id='word_1_158' title='bbox 463 1292 662 1335; x_wconf 87' lang='lat' dir='ltr'>expertem</span> <span class='ocrx_word' id='word_1_159' title='bbox 680 1292 718 1323; x_wconf 94' lang='lat' dir='ltr'>te</span> <span class='ocrx_word' id='word_1_160' title='bbox 739 1285 882 1323; x_wconf 89' lang='lat' dir='ltr'>factam</span> <span class='ocrx_word' id='word_1_161' title='bbox 902 1283 1120 1323; x_wconf 86' lang='lat' dir='ltr'>adueniens</span> <span class='ocrx_word' id='word_1_162' title='bbox 1141 1283 1289 1323; x_wconf 87' lang='lat' dir='ltr'>offendi</span> <span class='ocrx_word' id='word_1_163' title='bbox 1309 1284 1428 1324; x_wconf 83' lang='lat' dir='ltr'>domi.</span> 
     </span>
     <span class='ocr_line' id='line_1_23' title="bbox 266 1348 1429 1400; baseline 0 -12"><span class='ocrx_word' id='word_1_164' title='bbox 266 1352 338 1388; x_wconf 87' lang='lat' dir='ltr'>AL.</span> <span class='ocrx_word' id='word_1_165' title='bbox 370 1358 521 1389; x_wconf 89' lang='lat' dir='ltr'>ecastor</span> <span class='ocrx_word' id='word_1_166' title='bbox 541 1349 726 1400; x_wconf 84' lang='lat' dir='ltr'>equidem</span> <span class='ocrx_word' id='word_1_167' title='bbox 747 1357 785 1387; x_wconf 92' lang='lat' dir='ltr'>te</span> <span class='ocrx_word' id='word_1_168' title='bbox 807 1356 914 1388; x_wconf 87' lang='lat' dir='ltr'>certo</span> <span class='ocrx_word' id='word_1_169' title='bbox 934 1348 1018 1387; x_wconf 74' lang='lat' dir='ltr'>heri</span> <span class='ocrx_word' id='word_1_170' title='bbox 1037 1348 1318 1388; x_wconf 73' lang='lat' dir='ltr'>aduenientem</span> <span class='ocrx_word' id='word_1_171' title='bbox 1337 1348 1429 1388; x_wconf 92' lang='lat' dir='ltr'>ilico</span> 
     </span>
     <span class='ocr_line' id='line_1_24' title="bbox 264 1413 1676 1464; baseline 0.001 -11"><span class='ocrx_word' id='word_1_172' title='bbox 264 1422 302 1453; x_wconf 90' lang='lat' dir='ltr'>et</span> <span class='ocrx_word' id='word_1_173' title='bbox 323 1414 488 1453; x_wconf 88' lang='lat' dir='ltr'>salutaui</span> <span class='ocrx_word' id='word_1_174' title='bbox 508 1422 546 1454; x_wconf 92' lang='lat' dir='ltr'>et</span> <span class='ocrx_word' id='word_1_175' title='bbox 566 1414 807 1453; x_wconf 88' lang='lat' dir='ltr'>ualuissesne</span> <span class='ocrx_word' id='word_1_176' title='bbox 828 1427 952 1464; x_wconf 89' lang='lat' dir='ltr'>usque</span> <span class='ocrx_word' id='word_1_177' title='bbox 973 1413 1165 1464; x_wconf 89' lang='lat' dir='ltr'>exquisiui</span> <span class='ocrx_word' id='word_1_178' title='bbox 1185 1413 1312 1461; x_wconf 86' lang='lat' dir='ltr'>simul,</span> <span class='ocrx_word' id='word_1_179' title='bbox 1611 1418 1676 1454; x_wconf 85' lang='lat'>715</span> 
     </span>
     <span class='ocr_line' id='line_1_25' title="bbox 265 1478 1356 1529; baseline -0.001 -11"><span class='ocrx_word' id='word_1_180' title='bbox 265 1479 318 1518; x_wconf 87' lang='lat' dir='ltr'>mi</span> <span class='ocrx_word' id='word_1_181' title='bbox 338 1480 407 1527; x_wconf 91' lang='lat' dir='ltr'>uir,</span> <span class='ocrx_word' id='word_1_182' title='bbox 430 1487 468 1518; x_wconf 90' lang='lat' dir='ltr'>et</span> <span class='ocrx_word' id='word_1_183' title='bbox 488 1493 649 1518; x_wconf 88' lang='lat' dir='ltr'>manum</span> <span class='ocrx_word' id='word_1_184' title='bbox 670 1478 862 1529; x_wconf 87' lang='lat' dir='ltr'>prehendi</span> <span class='ocrx_word' id='word_1_185' title='bbox 883 1485 921 1517; x_wconf 89' lang='lat' dir='ltr'>et</span> <span class='ocrx_word' id='word_1_186' title='bbox 941 1480 1123 1517; x_wconf 86' lang='lat' dir='ltr'>osculum</span> <span class='ocrx_word' id='word_1_187' title='bbox 1144 1478 1254 1518; x_wconf 85' lang='lat' dir='ltr'>tetuli</span> <span class='ocrx_word' id='word_1_188' title='bbox 1274 1478 1356 1518; x_wconf 90' lang='lat' dir='ltr'>tibi.</span> 
     </span>
     <span class='ocr_line' id='line_1_26' title="bbox 264 1542 1590 1595; baseline 0.001 -12"><span class='ocrx_word' id='word_1_189' title='bbox 264 1546 330 1584; x_wconf 93' lang='lat' dir='ltr'>So.</span> <span class='ocrx_word' id='word_1_190' title='bbox 363 1551 433 1583; x_wconf 91' lang='lat' dir='ltr'>tun</span> <span class='ocrx_word' id='word_1_191' title='bbox 462 1544 545 1583; x_wconf 90' lang='lat' dir='ltr'>heri</span> <span class='ocrx_word' id='word_1_192' title='bbox 578 1545 685 1582; x_wconf 92' lang='lat' dir='ltr'>hunc</span> <span class='ocrx_word' id='word_1_193' title='bbox 719 1542 965 1582; x_wconf 87' lang='lat' dir='ltr'>salutauisti?</span> <span class='ocrx_word' id='word_1_194' title='bbox 1022 1545 1094 1582; x_wconf 88' lang='lat' dir='ltr'>AL.</span> <span class='ocrx_word' id='word_1_195' title='bbox 1126 1550 1166 1582; x_wconf 90' lang='lat' dir='ltr'>et</span> <span class='ocrx_word' id='word_1_196' title='bbox 1194 1550 1233 1582; x_wconf 93' lang='lat' dir='ltr'>te</span> <span class='ocrx_word' id='word_1_197' title='bbox 1266 1558 1427 1595; x_wconf 90' lang='lat' dir='ltr'>quoque</span> <span class='ocrx_word' id='word_1_198' title='bbox 1460 1545 1590 1593; x_wconf 87' lang='lat' dir='ltr'>etiam,</span> 
     </span>
     <span class='ocr_line' id='line_1_27' title="bbox 599 1601 1588 1650; baseline 0.001 -1"><span class='ocrx_word' id='word_1_199' title='bbox 599 1601 606 1606; x_wconf 57' lang='grc'><strong>”</strong></span> <span class='ocrx_word' id='word_1_200' title='bbox 1051 1606 1062 1615; x_wconf 79' lang='grc'><em>’</em></span> <span class='ocrx_word' id='word_1_201' title='bbox 1467 1610 1588 1650; x_wconf 87' lang='lat' dir='ltr'>Sosia.</span> 
     </span>
     <span class='ocr_line' id='line_1_28' title="bbox 263 1673 1507 1725; baseline 0.001 -12"><span class='ocrx_word' id='word_1_202' title='bbox 263 1676 328 1713; x_wconf 93' lang='lat' dir='ltr'>So.</span> <span class='ocrx_word' id='word_1_203' title='bbox 359 1673 609 1725; x_wconf 86' lang='lat' dir='ltr'>AmphitruO,</span> <span class='ocrx_word' id='word_1_204' title='bbox 632 1673 785 1723; x_wconf 84' lang='lat' dir='ltr'>speraui</span> <span class='ocrx_word' id='word_1_205' title='bbox 806 1686 879 1723; x_wconf 88' lang='lat' dir='ltr'>ego</span> <span class='ocrx_word' id='word_1_206' title='bbox 900 1673 1014 1712; x_wconf 90' lang='lat' dir='ltr'>istam</span> <span class='ocrx_word' id='word_1_207' title='bbox 1035 1673 1106 1713; x_wconf 90' lang='lat' dir='ltr'>tibi</span> <span class='ocrx_word' id='word_1_208' title='bbox 1126 1673 1336 1725; x_wconf 89' lang='lat' dir='ltr'>parituram</span> <span class='ocrx_word' id='word_1_209' title='bbox 1358 1675 1481 1714; x_wconf 89' lang='lat' dir='ltr'>filium</span> <span class='ocrx_word' id='word_1_210' title='bbox 1496 1691 1507 1724; x_wconf 88' lang='lat'>;</span> 
     </span>
     <span class='ocr_line' id='line_1_29' title="bbox 262 1739 1586 1791; baseline 0.002 -13"><span class='ocrx_word' id='word_1_211' title='bbox 262 1753 400 1778; x_wconf 89' lang='lat' dir='ltr'>uerum</span> <span class='ocrx_word' id='word_1_212' title='bbox 439 1753 519 1778; x_wconf 90' lang='lat' dir='ltr'>non</span> <span class='ocrx_word' id='word_1_213' title='bbox 558 1746 617 1778; x_wconf 89' lang='lat' dir='ltr'>est</span> <span class='ocrx_word' id='word_1_214' title='bbox 655 1752 777 1789; x_wconf 88' lang='lat' dir='ltr'>puero</span> <span class='ocrx_word' id='word_1_215' title='bbox 815 1739 987 1789; x_wconf 84' lang='lat' dir='ltr'>grauida.</span> <span class='ocrx_word' id='word_1_216' title='bbox 1056 1741 1139 1778; x_wconf 89' lang='lat' dir='ltr'>AM.</span> <span class='ocrx_word' id='word_1_217' title='bbox 1181 1740 1277 1790; x_wconf 89' lang='lat' dir='ltr'>quid</span> <span class='ocrx_word' id='word_1_218' title='bbox 1315 1740 1458 1791; x_wconf 89' lang='lat' dir='ltr'>igitur?</span> <span class='ocrx_word' id='word_1_219' title='bbox 1522 1743 1586 1780; x_wconf 93' lang='lat' dir='ltr'>So.</span> 
     </span>
     <span class='ocr_line' id='line_1_30' title="bbox 1425 1805 1586 1845; baseline 0.006 -1"><span class='ocrx_word' id='word_1_220' title='bbox 1425 1805 1586 1845; x_wconf 88' lang='lat' dir='ltr'>insania.</span> 
     </span>
     <span class='ocr_line' id='line_1_31' title="bbox 260 1868 1678 1922; baseline 0.001 -15"><span class='ocrx_word' id='word_1_221' title='bbox 260 1869 334 1907; x_wconf 89' lang='lat' dir='ltr'>AL.</span> <span class='ocrx_word' id='word_1_222' title='bbox 366 1868 552 1919; x_wconf 88' lang='lat' dir='ltr'>equidem</span> <span class='ocrx_word' id='word_1_223' title='bbox 587 1882 681 1908; x_wconf 84' lang='lat' dir='ltr'>sana</span> <span class='ocrx_word' id='word_1_224' title='bbox 715 1883 801 1908; x_wconf 84' lang='lat' dir='ltr'>sum</span> <span class='ocrx_word' id='word_1_225' title='bbox 836 1877 874 1909; x_wconf 88' lang='lat' dir='ltr'>et</span> <span class='ocrx_word' id='word_1_226' title='bbox 909 1871 1007 1909; x_wconf 88' lang='lat' dir='ltr'>deos</span> <span class='ocrx_word' id='word_1_227' title='bbox 1041 1883 1189 1921; x_wconf 83' lang='lat' dir='ltr'>quaeso</span> <span class='ocrx_word' id='word_1_228' title='bbox 1223 1878 1266 1909; x_wconf 92' lang='lat' dir='ltr'>ut</span> <span class='ocrx_word' id='word_1_229' title='bbox 1300 1872 1408 1910; x_wconf 88' lang='lat' dir='ltr'>salua</span> <span class='ocrx_word' id='word_1_230' title='bbox 1441 1871 1588 1922; x_wconf 89' lang='lat' dir='ltr'>pariam</span> <span class='ocrx_word' id='word_1_231' title='bbox 1608 1882 1678 1918; x_wconf 89' lang='lat'>720</span> 
     </span>
     <span class='ocr_line' id='line_1_32' title="bbox 1451 1935 1585 1974; baseline 0.007 -1"><span class='ocrx_word' id='word_1_232' title='bbox 1451 1935 1585 1974; x_wconf 90' lang='lat' dir='ltr'>filium.</span> 
     </span>
     <span class='ocr_line' id='line_1_33' title="bbox 261 2000 1576 2050; baseline 0.002 -14"><span class='ocrx_word' id='word_1_233' title='bbox 261 2011 398 2036; x_wconf 90' lang='lat' dir='ltr'>uerum</span> <span class='ocrx_word' id='word_1_234' title='bbox 415 2005 456 2037; x_wconf 89' lang='lat' dir='ltr'>tu</span> <span class='ocrx_word' id='word_1_235' title='bbox 473 2000 620 2038; x_wconf 88' lang='lat' dir='ltr'>malum</span> <span class='ocrx_word' id='word_1_236' title='bbox 637 2001 823 2050; x_wconf 78' lang='lat' dir='ltr'>magnum</span> <span class='ocrx_word' id='word_1_237' title='bbox 840 2001 1005 2040; x_wconf 90' lang='lat' dir='ltr'>habebis</span> <span class='ocrx_word' id='word_1_238' title='bbox 1021 2001 1053 2040; x_wconf 92' lang='lat' dir='ltr'>si</span> <span class='ocrx_word' id='word_1_239' title='bbox 1069 2001 1133 2040; x_wconf 90' lang='lat' dir='ltr'>hic</span> <span class='ocrx_word' id='word_1_240' title='bbox 1149 2015 1263 2040; x_wconf 91' lang='lat' dir='ltr'>suom</span> <span class='ocrx_word' id='word_1_241' title='bbox 1279 2001 1452 2041; x_wconf 87' lang='lat' dir='ltr'>officium</span> <span class='ocrx_word' id='word_1_242' title='bbox 1467 2000 1576 2040; x_wconf 86' lang='lat' dir='ltr'>facit:</span> 
     </span>
     <span class='ocr_line' id='line_1_34' title="bbox 260 2061 1379 2116; baseline 0.004 -16"><span class='ocrx_word' id='word_1_243' title='bbox 260 2062 314 2101; x_wconf 92' lang='lat' dir='ltr'>ob</span> <span class='ocrx_word' id='word_1_244' title='bbox 334 2061 433 2101; x_wconf 89' lang='lat' dir='ltr'>istuc</span> <span class='ocrx_word' id='word_1_245' title='bbox 454 2077 584 2111; x_wconf 88' lang='lat' dir='ltr'>omen,</span> <span class='ocrx_word' id='word_1_246' title='bbox 607 2065 813 2112; x_wconf 87' lang='lat' dir='ltr'>ominator,</span> <span class='ocrx_word' id='word_1_247' title='bbox 836 2066 967 2116; x_wconf 87' lang='lat' dir='ltr'>capies</span> <span class='ocrx_word' id='word_1_248' title='bbox 988 2067 1097 2116; x_wconf 93' lang='lat' dir='ltr'>quod</span> <span class='ocrx_word' id='word_1_249' title='bbox 1117 2073 1155 2105; x_wconf 83' lang='lat' dir='ltr'>te</span> <span class='ocrx_word' id='word_1_250' title='bbox 1175 2067 1379 2106; x_wconf 87' lang='lat' dir='ltr'>condecet.</span> 
     </span>
    </p>
   </div>
   <div class='ocr_carea' id='block_1_8' title="bbox 260 2167 1587 2340">
    <p class='ocr_par' dir='ltr' id='par_1_14' title="bbox 260 2167 1587 2340">
     <span class='ocr_line' id='line_1_35' title="bbox 304 2167 1587 2212; baseline 0.004 -15"><span class='ocrx_word' id='word_1_251' title='bbox 304 2175 367 2206; x_wconf 85' lang='lat'>705</span> <span class='ocrx_word' id='word_1_252' title='bbox 392 2167 462 2198; x_wconf 88' lang='lat' dir='ltr'>obs.</span> <span class='ocrx_word' id='word_1_253' title='bbox 493 2178 559 2198; x_wconf 87' lang='lat' dir='ltr'>una</span> <span class='ocrx_word' id='word_1_254' title='bbox 586 2168 822 2199; x_wconf 78' lang='lat' dir='ltr'>Camerarius:</span> <span class='ocrx_word' id='word_1_255' title='bbox 846 2169 1016 2208; x_wconf 85' lang='lat' dir='ltr'>obsequar</span> <span class='ocrx_word' id='word_1_256' title='bbox 1040 2170 1119 2200; x_wconf 86' lang='lat' dir='ltr'>suna</span> <span class='ocrx_word' id='word_1_257' title='bbox 1144 2169 1204 2201; x_wconf 90' lang='lat' dir='ltr'>cod</span> <span class='ocrx_word' id='word_1_258' title='bbox 1227 2170 1344 2212; x_wconf 78' lang='lat' dir='ltr'>(Fpro</span> <span class='ocrx_word' id='word_1_259' title='bbox 1361 2170 1403 2210; x_wconf 83' lang='lat' dir='ltr'>E)</span> <span class='ocrx_word' id='word_1_260' title='bbox 1516 2180 1587 2201; x_wconf 90' lang='lat' dir='ltr'>rem</span> 
     </span>
     <span class='ocr_line' id='line_1_36' title="bbox 260 2209 1587 2257; baseline 0.004 -17"><span class='ocrx_word' id='word_1_261' title='bbox 260 2209 374 2257; x_wconf 66' lang='lat' dir='ltr'>soluas</span> <span class='ocrx_word' id='word_1_262' title='bbox 391 2210 528 2241; x_wconf 69' lang='lat' dir='ltr'>Pistoris</span> <span class='ocrx_word' id='word_1_263' title='bbox 549 2211 601 2251; x_wconf 70' lang='lat' dir='ltr'>(cf.</span> <span class='ocrx_word' id='word_1_264' title='bbox 619 2212 718 2242; x_wconf 83' lang='lat' dir='ltr'>Asin.</span> <span class='ocrx_word' id='word_1_265' title='bbox 739 2212 819 2251; x_wconf 82' lang='lat'><strong>433)</strong></span> <span class='ocrx_word' id='word_1_266' title='bbox 920 2215 984 2252; x_wconf 89' lang='lat'>706</span> <span class='ocrx_word' id='word_1_267' title='bbox 1005 2214 1055 2244; x_wconf 77' lang='lat' dir='ltr'>vel</span> <span class='ocrx_word' id='word_1_268' title='bbox 1069 2213 1145 2244; x_wconf 86' lang='lat' dir='ltr'>med</span> <span class='ocrx_word' id='word_1_269' title='bbox 1279 2216 1342 2254; x_wconf 91' lang='lat'>708</span> <span class='ocrx_word' id='word_1_270' title='bbox 1359 2224 1441 2254; x_wconf 85' lang='lat' dir='ltr'>roga</span> <span class='ocrx_word' id='word_1_271' title='bbox 1453 2213 1587 2245; x_wconf 84' lang='lat' dir='ltr'>Aldus:</span> 
     </span>
     <span class='ocr_line' id='line_1_37' title="bbox 260 2253 1587 2297; baseline 0.003 -13"><span class='ocrx_word' id='word_1_272' title='bbox 260 2263 380 2292; x_wconf 85' lang='lat' dir='ltr'>rogare</span> <span class='ocrx_word' id='word_1_273' title='bbox 395 2263 477 2293; x_wconf 89' lang='lat' dir='ltr'>roga</span> <span class='ocrx_word' id='word_1_274' title='bbox 488 2253 554 2286; x_wconf 87' lang='lat' dir='ltr'>cod.</span> <span class='ocrx_word' id='word_1_275' title='bbox 573 2254 629 2291; x_wconf 84' lang='lat' dir='ltr'>(iv.</span> <span class='ocrx_word' id='word_1_276' title='bbox 647 2266 676 2292; x_wconf 87' lang='lat'>2,</span> <span class='ocrx_word' id='word_1_277' title='bbox 695 2255 729 2295; x_wconf 70' lang='lat'>3)</span> <span class='ocrx_word' id='word_1_278' title='bbox 852 2266 914 2295; x_wconf 91' lang='lat'>709</span> <span class='ocrx_word' id='word_1_279' title='bbox 938 2266 1017 2286; x_wconf 89' lang='lat' dir='ltr'>num</span> <span class='ocrx_word' id='word_1_280' title='bbox 1036 2256 1268 2288; x_wconf 78' lang='lat' dir='ltr'>Camerarius:</span> <span class='ocrx_word' id='word_1_281' title='bbox 1286 2268 1378 2288; x_wconf 88' lang='lat' dir='ltr'>nune</span> <span class='ocrx_word' id='word_1_282' title='bbox 1393 2257 1462 2288; x_wconf 90' lang='lat' dir='ltr'>cod.</span> <span class='ocrx_word' id='word_1_283' title='bbox 1523 2267 1587 2297; x_wconf 85' lang='lat'>710</span> 
     </span>
     <span class='ocr_line' id='line_1_38' title="bbox 261 2294 1585 2340; baseline 0.002 -12"><span class='ocrx_word' id='word_1_284' title='bbox 261 2301 376 2328; x_wconf 88' lang='lat' dir='ltr'>mente</span> <span class='ocrx_word' id='word_1_285' title='bbox 392 2302 444 2328; x_wconf 88' lang='lat' dir='ltr'>est</span> <span class='ocrx_word' id='word_1_286' title='bbox 461 2296 542 2333; x_wconf 75' lang='lat' dir='ltr'><strong>cod..</strong></span> <span class='ocrx_word' id='word_1_287' title='bbox 558 2298 655 2328; x_wconf 81' lang='lat' dir='ltr'>etiam</span> <span class='ocrx_word' id='word_1_288' title='bbox 668 2297 758 2331; x_wconf 86' lang='lat' dir='ltr'>codd.</span> <span class='ocrx_word' id='word_1_289' title='bbox 774 2297 879 2330; x_wconf 80' lang='lat' dir='ltr'>Nonii</span> <span class='ocrx_word' id='word_1_290' title='bbox 893 2310 934 2338; x_wconf 86' lang='lat'>44</span> <span class='ocrx_word' id='word_1_291' title='bbox 952 2294 1027 2339; x_wconf 57' lang='lat' dir='ltr'>(pfo</span> <span class='ocrx_word' id='word_1_292' title='bbox 1043 2305 1201 2336; x_wconf 75' lang='lat' dir='ltr'>mentest,</span> <span class='ocrx_word' id='word_1_293' title='bbox 1221 2301 1241 2332; x_wconf 78' lang='lat' dir='ltr'>i.</span> <span class='ocrx_word' id='word_1_294' title='bbox 1255 2311 1278 2331; x_wconf 81' lang='lat' dir='ltr'>e.</span> <span class='ocrx_word' id='word_1_295' title='bbox 1291 2305 1373 2332; x_wconf 87' lang='lat' dir='ltr'>-tem</span> <span class='ocrx_word' id='word_1_296' title='bbox 1384 2301 1451 2340; x_wconf 76' lang='lat' dir='ltr'>est)</span> <span class='ocrx_word' id='word_1_297' title='bbox 1539 2310 1585 2331; x_wconf 87' lang='lat' dir='ltr'>ex</span> 
     </span>
    </p>
   </div>
   <div class='ocr_carea' id='block_1_9' title="bbox 261 2339 1582 2425">
    <p class='ocr_par' dir='ltr' id='par_1_15' title="bbox 261 2339 1582 2425">
     <span class='ocr_line' id='line_1_39' title="bbox 261 2339 1582 2386; baseline 0.004 -16"><span class='ocrx_word' id='word_1_298' title='bbox 261 2351 314 2371; x_wconf 89' lang='lat' dir='ltr'>me</span> <span class='ocrx_word' id='word_1_299' title='bbox 330 2339 417 2371; x_wconf 90' lang='lat' dir='ltr'>codd.</span> <span class='ocrx_word' id='word_1_300' title='bbox 437 2339 562 2371; x_wconf 74' lang='lat' dir='ltr'><em>Nonii:</em></span> <span class='ocrx_word' id='word_1_301' title='bbox 595 2351 659 2373; x_wconf 89' lang='lat' dir='ltr'>om.</span> <span class='ocrx_word' id='word_1_302' title='bbox 679 2341 745 2373; x_wconf 77' lang='lat' dir='ltr'>cod.</span> <span class='ocrx_word' id='word_1_303' title='bbox 867 2352 928 2381; x_wconf 89' lang='lat'>714</span> <span class='ocrx_word' id='word_1_304' title='bbox 953 2342 1024 2373; x_wconf 87' lang='lat' dir='ltr'>heri</span> <span class='ocrx_word' id='word_1_305' title='bbox 1041 2342 1150 2386; x_wconf 85' lang='lat' dir='ltr'>(huc)</span> <span class='ocrx_word' id='word_1_306' title='bbox 1167 2343 1306 2375; x_wconf 83' lang='lat' dir='ltr'>Mueller</span> <span class='ocrx_word' id='word_1_307' title='bbox 1420 2354 1481 2383; x_wconf 89' lang='lat'>722</span> <span class='ocrx_word' id='word_1_308' title='bbox 1505 2353 1582 2375; x_wconf 88' lang='lat' dir='ltr'>con·</span> 
     </span>
     <span class='ocr_line' id='line_1_40' title="bbox 261 2382 610 2425; baseline -0.003 -10"><span class='ocrx_word' id='word_1_309' title='bbox 261 2384 358 2415; x_wconf 90' lang='lat' dir='ltr'>cedet</span> <span class='ocrx_word' id='word_1_310' title='bbox 373 2382 439 2415; x_wconf 87' lang='lat' dir='ltr'>cod.</span> <span class='ocrx_word' id='word_1_311' title='bbox 459 2385 553 2424; x_wconf 86' lang='lat' dir='ltr'>(corr.</span> <span class='ocrx_word' id='word_1_312' title='bbox 565 2384 610 2425; x_wconf 92' lang='lat' dir='ltr'>J)</span> 
     </span>
    </p>
   </div>
  </div>
 </body>
</html>
