1814 2723
192 89 245 127 ΙΙ.

212 542 247 574 15

211 934 250 955 20

211 1323 249 1356 25

211 1781 250 1813 30

268 87 315 124 iv
689 86 735 122 T.
769 83 951 122 MACCI
982 82 1186 119 PLAVTI

271 200 354 236 ME.
387 210 534 247 quaeso
556 197 685 234 hercle
707 194 798 241 noli,
818 196 973 240 Saurea,
993 206 1081 230 mea
1099 205 1237 230 caussa
1256 192 1363 229 hunc
1382 189 1597 228 uerberare.

271 265 340 302 LE.
373 262 523 301 utinam
544 275 651 299 nunc
672 260 852 298 stimulus
874 258 914 297 in
942 270 1062 295 manu
1083 256 1179 294 mihi
1206 256 1409 303 sit,—ME.
1441 254 1600 304 quiesce

1438 332 1597 369 quaeso,

270 395 340 432 LE.
374 393 441 443 qui
462 394 582 431 latera
603 398 804 429 conteram
825 397 901 437 tua,
926 402 1027 439 quae
1047 389 1265 428 occalluere
1284 385 1417 436 plagis.

268 460 441 509 apscede
456 472 502 496 ac
519 458 603 496 sine
619 469 683 494 me
696 457 802 493 hunc
818 456 992 505 perdere,
1008 454 1075 504 qui
1092 465 1245 502 semper
1261 464 1324 489 me
1340 450 1395 488 ira
1409 448 1597 496 incendit,
1618 461 1686 495 420

270 524 365 574 quoi
386 536 603 573 numquam
625 535 746 560 unam
766 533 848 559 rem
870 533 934 558 me
954 521 1044 558 licet
1065 518 1186 557 semel
1207 515 1430 567 praecipere
1451 514 1539 561 furi,

271 589 367 640 quin
388 588 564 628 centiens
585 588 725 626 eadem
746 585 936 636 imperem
956 593 1075 635 atque
1095 581 1342 633 ogganniam,
1365 580 1496 631 itaque
1522 579 1600 617 iam

1470 645 1601 683 hercle

271 721 442 758 clamore
462 732 508 757 ac
530 718 736 756 stomacho
757 729 836 754 non
859 728 963 766 queo
982 713 1107 753 labori
1128 711 1388 764 suppeditare.

270 784 403 831 iussin,
427 786 601 830 sceleste,
624 783 674 821 ab
696 782 813 820 ianua
833 782 909 819 hoc
930 788 1078 819 stercus
1099 779 1192 817 hinc
1212 776 1381 816 auferri?

270 849 391 888 iussin
413 848 607 887 columnis
628 847 730 886 deici
751 860 889 896 operas
910 846 1171 884 araneorum?
1621 855 1683 892 425

270 915 392 953 iussin
412 914 452 952 in
474 914 725 963 splendorem
747 911 830 950 dari
851 912 978 950 bullas
998 912 1068 948 has
1088 909 1237 948 foribus
1257 907 1430 947 nostris?

270 981 367 1019 nihil
388 987 446 1018 est
463 994 470 1018 :
500 987 702 1028 tamquam
721 977 752 1015 si
768 978 923 1015 claudu'
945 976 1029 1023 sim,
1046 989 1135 1014 cum
1152 974 1281 1012 fustist
1300 972 1598 1011 ambulandum.

270 1045 362 1096 quia
382 1045 555 1083 triduom
571 1045 648 1081 hoc
669 1056 793 1081 unum
810 1043 932 1081 modo
953 1043 1037 1080 foro
1059 1053 1218 1090 operam
1235 1038 1442 1077 adsiduam
1463 1037 1579 1084 dedo,

270 1113 366 1149 dum
387 1109 577 1160 reperiam
598 1108 665 1158 qui
687 1107 878 1158 quaeritet
897 1114 1102 1158 argentum
1123 1105 1162 1143 in
1184 1107 1330 1150 faenus,
1354 1102 1418 1141 hic
1438 1115 1510 1140 uos

271 1175 449 1216 dormitis
480 1175 629 1213 interea
662 1173 772 1213 domi
809 1181 929 1223 atque
960 1185 1047 1211 erus
1081 1171 1121 1209 in
1150 1172 1254 1217 hara,
1286 1169 1393 1207 haud
1422 1167 1599 1214 aedibus,
1620 1176 1687 1211 430

1437 1232 1597 1271 habitat.

271 1320 334 1346 em
364 1318 456 1356 ergo
485 1306 562 1343 hoc
591 1303 673 1343 tibi.
735 1305 794 1341 LI.
827 1304 983 1353 hospes,
1006 1309 1045 1341 te
1074 1313 1249 1352 opsecro,
1273 1299 1453 1338 defende.
1514 1298 1597 1335 ME.

1354 1365 1508 1410 Saurea,
1531 1375 1601 1401 oro

271 1451 360 1476 mea
379 1449 517 1475 caussa
537 1443 579 1474 ut
600 1434 741 1473 mittas.
803 1435 872 1472 LE.
906 1434 994 1481 eho,
1018 1431 1153 1482 ecquis
1174 1444 1244 1481 pro
1265 1437 1426 1468 uectura
1446 1427 1540 1467 oliui

270 1517 352 1542 rem
374 1502 519 1541 soluit?
588 1503 648 1539 L1.
681 1499 809 1539 soluit.
880 1501 951 1537 LE.
985 1498 1080 1548 quoi
1101 1498 1304 1536 datumst?
1372 1497 1432 1533 L1.
1466 1493 1605 1538 Sticho

595 1601 602 1607 .
1047 1611 1058 1621 Ι
1361 1559 1507 1599 uicario
1527 1558 1600 1609 ipsi

270 1642 350 1673 tuo.
411 1636 480 1672 LE.
514 1633 603 1680 nah,
626 1631 799 1671 delenire
819 1644 995 1682 apparas,
1019 1630 1101 1670 scio
1122 1629 1176 1669 mi
1196 1627 1385 1668 uicarium
1407 1639 1503 1672 esse,

270 1713 399 1749 neque
409 1713 464 1738 eo
480 1712 565 1737 esse
581 1711 738 1736 seruom
755 1696 794 1735 in
811 1696 976 1736 aedibus
997 1696 1051 1736 eri
1067 1696 1135 1746 qui
1151 1695 1198 1734 sit
1215 1693 1334 1745 pluris
1350 1705 1469 1743 quam
1486 1690 1596 1728 illest.
1618 1697 1684 1734 435

270 1766 341 1803 sed
361 1763 453 1802 uina
473 1764 573 1813 quae
594 1762 677 1801 heri
698 1761 863 1801 uendidi
884 1761 1036 1800 uinario
1059 1760 1316 1805 Exaerambo,

269 1829 347 1868 iam
368 1829 438 1880 pro
460 1828 514 1867 eis
536 1828 618 1867 sati'
639 1827 731 1866 fecit
753 1827 918 1866 Sticho?
975 1829 1036 1865 L1.
1068 1826 1207 1865 fecisse
1227 1824 1318 1863 satis
1339 1822 1489 1874 opinor,

269 1908 362 1933 nam
382 1893 465 1933 uidi
484 1895 563 1932 huc
584 1893 714 1943 ipsum
735 1895 934 1932 adducere
955 1891 1180 1942 tarpezitam
1203 1889 1503 1929 Exaerambum.

271 1961 340 1998 LE.
373 1959 428 1998 sic
448 1960 607 1998 dedero.
668 1959 766 2009 priu'
787 1972 888 2009 quae
908 1957 1068 2005 credidi,
1092 1956 1158 1996 uix
1176 1968 1282 1994 anno
1302 1961 1392 2005 post
1412 1950 1520 2002 exegi
1535 1965 1545 1998 ;

313 2073 376 2102 419
399 2069 572 2094 conteram
588 2067 689 2093 metro
700 2068 825 2103 parum
842 2065 958 2102 aptum
1114 2065 1176 2094 425
1209 2054 1345 2095 operas]
1373 2053 1457 2083 telas
1481 2051 1597 2082 codices

269 2107 374 2138 Nonii
391 2118 450 2147 192
540 2116 740 2138 araneorum
758 2109 895 2136 testatur
907 2104 1039 2135 Nonius
1057 2113 1116 2143 192
1133 2115 1139 2133 z
1164 2109 1362 2132 aranearum
1380 2098 1445 2130 cod.
1535 2098 1600 2136 428

270 2151 357 2182 dedo
379 2151 508 2191 Bentley
525 2162 532 2182 z
557 2151 633 2181 dedi
652 2149 716 2181 cod.
809 2159 873 2188 430
896 2148 997 2179 habet
1013 2145 1161 2187 Pylades,
1176 2147 1276 2174 metro
1292 2143 1460 2174 consulens
1535 2151 1599 2180 432

270 2194 402 2235 eequis]
416 2195 577 2225 Coriscus
588 2193 759 2224 FYeckeisen
775 2204 782 2223 :
806 2191 946 2232 (Simo)
958 2191 1077 2229 ecquid
1092 2189 1134 2229 (ἲ)
1147 2188 1212 2218 Leo
1299 2196 1363 2225 433
1387 2196 1456 2216 rem
1475 2185 1575 2215 soluit
1588 2187 1598 2216 2

253 2238 323 2270 xL1.
349 2238 451 2268 soluit
479 2237 672 2268 Turnebus:
706 2235 855 2267 resoluit.
921 2235 970 2266 L1.
1001 2233 1140 2265 resoluit
1167 2230 1247 2271 cod.,
1266 2230 1322 2261 vix
1351 2234 1425 2260 recte
1450 2229 1500 2270 (cf
1519 2228 1598 2269 321)

270 2291 334 2321 435
357 2292 398 2313 eo
415 2281 472 2312 del.
491 2281 684 2321 Fraesdorff
787 2279 843 2309 ille
865 2279 910 2310 sit
929 2277 1050 2317 cods(i.
1067 2287 1095 2316 7.
1115 2275 1151 2316 2)
1320 2275 1385 2312 436
1408 2272 1445 2303 de
1469 2272 1600 2302 nomine

272 2326 392 2357 Exaer.
411 2325 445 2364 cf.
464 2324 637 2355 Fleckeisen
658 2323 788 2363 (jahrb.
806 2322 917 2353 Klass.
934 2320 1018 2352 Phil.
1043 2329 1113 2359 153,
1134 2318 1211 2358 261)
1346 2326 1408 2356 437
1433 2315 1482 2346 vel
1496 2314 1598 2355 opino

272 2380 336 2409 439
358 2379 445 2409 quae
463 2367 564 2400 Pius:
588 2377 688 2407 quam
706 2366 771 2397 cod.
