<?xml version="1.0" encoding="UTF-8"?>
<!DOCTYPE html PUBLIC "-//W3C//DTD XHTML 1.0 Transitional//EN"
    "http://www.w3.org/TR/xhtml1/DTD/xhtml1-transitional.dtd">
<html xmlns="http://www.w3.org/1999/xhtml" xml:lang="en" lang="en">
 <head>
  <title>
</title>
<meta http-equiv="Content-Type" content="text/html;charset=utf-8" />
  <meta name='ocr-system' content='tesseract 3.04.00' />
  <meta name='ocr-capabilities' content='ocr_page ocr_carea ocr_par ocr_line ocrx_word'/>
</head>
<body>
  <div class='ocr_page' id='page_1' title='image "./tmacciplauticomo01plauuoft_0393.png"; bbox 0 0 1742 2718; ppageno 0'>
   <div class='ocr_carea' id='block_1_1' title="bbox 663 50 1492 97">
    <p class='ocr_par' dir='ltr' id='par_1_1' title="bbox 663 50 1492 97">
     <span class='ocr_line' id='line_1_1' title="bbox 663 50 1492 97; baseline -0.006 0"><span class='ocrx_word' id='word_1_1' title='bbox 663 58 922 97; x_wconf 83' lang='lat' dir='ltr'>EPIDICVS</span> <span class='ocrx_word' id='word_1_2' title='bbox 1381 50 1492 92; x_wconf 75' lang='lat' dir='ltr'>111.i</span> 
     </span>
    </p>
   </div>
   <div class='ocr_carea' id='block_1_2' title="bbox 3 165 1527 1501">
    <p class='ocr_par' dir='ltr' id='par_1_2' title="bbox 3 165 1527 1501">
     <span class='ocr_line' id='line_1_2' title="bbox 242 165 1116 216; baseline -0.008 -6"><span class='ocrx_word' id='word_1_3' title='bbox 242 171 348 211; x_wconf 84' lang='lat' dir='ltr'><strong>nimi&#39;</strong></span> <span class='ocrx_word' id='word_1_4' title='bbox 370 171 436 209; x_wconf 86' lang='lat' dir='ltr'><strong>diu</strong></span> <span class='ocrx_word' id='word_1_5' title='bbox 459 182 655 208; x_wconf 84' lang='lat' dir='ltr'><strong>maceror:</strong></span> <span class='ocrx_word' id='word_1_6' title='bbox 687 168 786 205; x_wconf 78' lang='lat' dir='ltr'><strong>sitne</strong></span> <span class='ocrx_word' id='word_1_7' title='bbox 807 166 901 216; x_wconf 89' lang='lat' dir='ltr'><strong>quid</strong></span> <span class='ocrx_word' id='word_1_8' title='bbox 924 180 1047 205; x_wconf 78' lang='lat' dir='ltr'><strong>necne</strong></span> <span class='ocrx_word' id='word_1_9' title='bbox 1069 165 1116 203; x_wconf 83' lang='lat' dir='ltr'><strong>sit</strong></span> 
     </span>
     <span class='ocr_line' id='line_1_3' title="bbox 241 230 1118 285; baseline -0.008 -11"><span class='ocrx_word' id='word_1_10' title='bbox 241 236 337 274; x_wconf 85' lang='lat' dir='ltr'><strong>scire</strong></span> <span class='ocrx_word' id='word_1_11' title='bbox 359 234 486 285; x_wconf 87' lang='lat' dir='ltr'><strong>cupio.</strong></span> <span class='ocrx_word' id='word_1_12' title='bbox 547 234 623 273; x_wconf 85' lang='lat' dir='ltr'><strong>CH.</strong></span> <span class='ocrx_word' id='word_1_13' title='bbox 657 246 725 282; x_wconf 86' lang='lat' dir='ltr'><strong>per</strong></span> <span class='ocrx_word' id='word_1_14' title='bbox 746 231 850 269; x_wconf 79' lang='lat' dir='ltr'><strong>illam</strong></span> <span class='ocrx_word' id='word_1_15' title='bbox 874 231 943 269; x_wconf 87' lang='lat' dir='ltr'><strong>tibi</strong></span> <span class='ocrx_word' id='word_1_16' title='bbox 965 230 1118 280; x_wconf 81' lang='lat' dir='ltr'><strong>copiam</strong></span> 
     </span>
     <span class='ocr_line' id='line_1_4' title="bbox 135 292 1500 352; baseline -0.008 -12"><span class='ocrx_word' id='word_1_17' title='bbox 135 302 289 352; x_wconf 78' lang='lat' dir='ltr'><strong>copiam</strong></span> <span class='ocrx_word' id='word_1_18' title='bbox 312 313 445 351; x_wconf 82' lang='lat' dir='ltr'><strong>parare</strong></span> <span class='ocrx_word' id='word_1_19' title='bbox 466 298 581 336; x_wconf 79' lang='lat' dir='ltr'><strong>aliam</strong></span> <span class='ocrx_word' id='word_1_20' title='bbox 603 297 692 336; x_wconf 87' lang='lat' dir='ltr'><strong>licet</strong></span> <span class='ocrx_word' id='word_1_21' title='bbox 710 312 716 334; x_wconf 81' lang='lat' dir='ltr'>z</span> <span class='ocrx_word' id='word_1_22' title='bbox 747 296 843 334; x_wconf 84' lang='lat' dir='ltr'><strong>sciui</strong></span> <span class='ocrx_word' id='word_1_23' title='bbox 864 295 1048 346; x_wconf 76' lang='lat' dir='ltr'>equidem</span> <span class='ocrx_word' id='word_1_24' title='bbox 1070 294 1109 332; x_wconf 91' lang='lat' dir='ltr'><strong>in</strong></span> <span class='ocrx_word' id='word_1_25' title='bbox 1131 293 1321 344; x_wconf 85' lang='lat' dir='ltr'><strong>principio</strong></span> <span class='ocrx_word' id='word_1_26' title='bbox 1343 292 1394 330; x_wconf 91' lang='lat' dir='ltr'><strong>ili·</strong></span> <span class='ocrx_word' id='word_1_27' title='bbox 1484 306 1500 337; x_wconf 85' lang='lat'>5</span> 
     </span>
     <span class='ocr_line' id='line_1_5' title="bbox 49 358 1442 416; baseline -0.009 -10"><span class='ocrx_word' id='word_1_28' title='bbox 49 381 113 416; x_wconf 86' lang='lat'><strong>325</strong></span> <span class='ocrx_word' id='word_1_29' title='bbox 136 381 196 405; x_wconf 60' lang='lat' dir='ltr'><strong>&gt;co</strong></span> <span class='ocrx_word' id='word_1_30' title='bbox 218 367 364 404; x_wconf 85' lang='lat' dir='ltr'><strong>nullam</strong></span> <span class='ocrx_word' id='word_1_31' title='bbox 386 363 456 402; x_wconf 87' lang='lat' dir='ltr'><strong>tibi</strong></span> <span class='ocrx_word' id='word_1_32' title='bbox 478 376 562 401; x_wconf 87' lang='lat' dir='ltr'><strong>esse</strong></span> <span class='ocrx_word' id='word_1_33' title='bbox 582 362 622 400; x_wconf 91' lang='lat' dir='ltr'><strong>in</strong></span> <span class='ocrx_word' id='word_1_34' title='bbox 643 361 710 399; x_wconf 94' lang='lat' dir='ltr'><strong>illo</strong></span> <span class='ocrx_word' id='word_1_35' title='bbox 730 360 896 410; x_wconf 84' lang='lat' dir='ltr'><strong>copiam.</strong></span> <span class='ocrx_word' id='word_1_36' title='bbox 956 361 1018 398; x_wconf 85' lang='lat' dir='ltr'><strong>ST.</strong></span> <span class='ocrx_word' id='word_1_37' title='bbox 1051 358 1176 396; x_wconf 87' lang='lat' dir='ltr'><strong>interii</strong></span> <span class='ocrx_word' id='word_1_38' title='bbox 1197 359 1326 396; x_wconf 87' lang='lat' dir='ltr'><strong>hercle</strong></span> <span class='ocrx_word' id='word_1_39' title='bbox 1347 370 1418 406; x_wconf 77' lang='lat' dir='ltr'><strong>ego</strong></span> <span class='ocrx_word' id='word_1_40' title='bbox 1436 358 1442 393; x_wconf 78' lang='lat'>1</span> 
     </span>
     <span class='ocr_line' id='line_1_6' title="bbox 137 421 1464 480; baseline -0.009 -10"><span class='ocrx_word' id='word_1_41' title='bbox 137 433 213 470; x_wconf 62' lang='lat' dir='ltr'><strong>CH.</strong></span> <span class='ocrx_word' id='word_1_42' title='bbox 247 430 414 480; x_wconf 82' lang='lat' dir='ltr'><strong>apsurde</strong></span> <span class='ocrx_word' id='word_1_43' title='bbox 443 427 526 466; x_wconf 87' lang='lat' dir='ltr'><strong>faci’</strong></span> <span class='ocrx_word' id='word_1_44' title='bbox 555 426 621 476; x_wconf 88' lang='lat' dir='ltr'><strong>qui</strong></span> <span class='ocrx_word' id='word_1_45' title='bbox 648 439 766 475; x_wconf 81' lang='lat' dir='ltr'><strong>angas</strong></span> <span class='ocrx_word' id='word_1_46' title='bbox 797 433 834 463; x_wconf 92' lang='lat' dir='ltr'><strong>te</strong></span> <span class='ocrx_word' id='word_1_47' title='bbox 861 423 1006 471; x_wconf 81' lang='lat' dir='ltr'><strong>animi;</strong></span> <span class='ocrx_word' id='word_1_48' title='bbox 1046 423 1076 461; x_wconf 83' lang='lat' dir='ltr'><strong>si</strong></span> <span class='ocrx_word' id='word_1_49' title='bbox 1104 424 1233 461; x_wconf 87' lang='lat' dir='ltr'><strong>hercle</strong></span> <span class='ocrx_word' id='word_1_50' title='bbox 1260 436 1331 472; x_wconf 81' lang='lat' dir='ltr'><strong>ego</strong></span> <span class='ocrx_word' id='word_1_51' title='bbox 1357 421 1464 458; x_wconf 79' lang='lat' dir='ltr'><strong>illum</strong></span> 
     </span>
     <span class='ocr_line' id='line_1_7' title="bbox 1118 486 1462 537; baseline -0.009 -11"><span class='ocrx_word' id='word_1_52' title='bbox 1118 489 1238 526; x_wconf 91' lang='lat' dir='ltr'><strong>semel</strong></span> <span class='ocrx_word' id='word_1_53' title='bbox 1259 486 1462 537; x_wconf 73' lang='lat' dir='ltr'><strong>pre&#39;ndch</strong></span> 
     </span>
     <span class='ocr_line' id='line_1_8' title="bbox 3 553 1463 612; baseline -0.009 -11"><span class='ocrx_word' id='word_1_54' title='bbox 3 567 116 612; x_wconf 82' lang='lat'><strong>327—8</strong></span> <span class='ocrx_word' id='word_1_55' title='bbox 190 573 406 609; x_wconf 79' lang='lat' dir='ltr'>numquam</span> <span class='ocrx_word' id='word_1_56' title='bbox 451 556 617 596; x_wconf 84' lang='lat' dir='ltr'><strong>inridere</strong></span> <span class='ocrx_word' id='word_1_57' title='bbox 663 569 735 594; x_wconf 88' lang='lat' dir='ltr'><strong>nos</strong></span> <span class='ocrx_word' id='word_1_58' title='bbox 778 555 885 593; x_wconf 88' lang='lat' dir='ltr'><strong>illum</strong></span> <span class='ocrx_word' id='word_1_59' title='bbox 929 554 1095 592; x_wconf 87' lang='lat' dir='ltr'><strong>inultum</strong></span> <span class='ocrx_word' id='word_1_60' title='bbox 1141 553 1266 591; x_wconf 84' lang='lat' dir='ltr'><strong>sinam</strong></span> <span class='ocrx_word' id='word_1_61' title='bbox 1309 564 1463 590; x_wconf 85' lang='lat' dir='ltr'><strong>seruom</strong></span> 
     </span>
     <span class='ocr_line' id='line_1_9' title="bbox 1246 616 1459 655; baseline -0.005 -1"><span class='ocrx_word' id='word_1_62' title='bbox 1246 616 1459 655; x_wconf 82' lang='lat' dir='ltr'><strong>hominem.</strong></span> 
     </span>
     <span class='ocr_line' id='line_1_10' title="bbox 138 681 1463 739; baseline -0.007 -12"><span class='ocrx_word' id='word_1_63' title='bbox 138 693 200 728; x_wconf 70' lang='lat' dir='ltr'><strong>ST.</strong></span> <span class='ocrx_word' id='word_1_64' title='bbox 233 689 327 739; x_wconf 90' lang='lat' dir='ltr'><strong>quid</strong></span> <span class='ocrx_word' id='word_1_65' title='bbox 356 688 464 725; x_wconf 88' lang='lat' dir='ltr'><strong>illum</strong></span> <span class='ocrx_word' id='word_1_66' title='bbox 492 688 589 724; x_wconf 87' lang='lat' dir='ltr'><strong>ferre</strong></span> <span class='ocrx_word' id='word_1_67' title='bbox 616 684 675 723; x_wconf 86' lang='lat' dir='ltr'><strong>uis</strong></span> <span class='ocrx_word' id='word_1_68' title='bbox 703 684 780 735; x_wconf 88' lang='lat' dir='ltr'><strong>qui,</strong></span> <span class='ocrx_word' id='word_1_69' title='bbox 804 683 872 722; x_wconf 87' lang='lat' dir='ltr'><strong>tibi</strong></span> <span class='ocrx_word' id='word_1_70' title='bbox 900 682 994 733; x_wconf 91' lang='lat' dir='ltr'><strong>quoi</strong></span> <span class='ocrx_word' id='word_1_71' title='bbox 1018 682 1178 722; x_wconf 87' lang='lat' dir='ltr'><strong>diuitiae</strong></span> <span class='ocrx_word' id='word_1_72' title='bbox 1205 681 1312 720; x_wconf 88' lang='lat' dir='ltr'><strong>domi</strong></span> <span class='ocrx_word' id='word_1_73' title='bbox 1335 681 1463 718; x_wconf 76' lang='lat' dir='ltr'><strong>maxu-</strong></span> 
     </span>
     <span class='ocr_line' id='line_1_11' title="bbox 1253 752 1459 790; baseline -0.01 -6"><span class='ocrx_word' id='word_1_74' title='bbox 1253 760 1339 784; x_wconf 82' lang='lat' dir='ltr'><strong>rnae</strong></span> <span class='ocrx_word' id='word_1_75' title='bbox 1360 752 1459 790; x_wconf 85' lang='lat' dir='ltr'><strong>sunt,</strong></span> 
     </span>
     <span class='ocr_line' id='line_1_12' title="bbox 55 811 1524 867; baseline -0.008 -9"><span class='ocrx_word' id='word_1_76' title='bbox 55 833 123 867; x_wconf 87' lang='lat'><strong>330</strong></span> <span class='ocrx_word' id='word_1_77' title='bbox 194 819 225 857; x_wconf 91' lang='lat' dir='ltr'><strong>is</strong></span> <span class='ocrx_word' id='word_1_78' title='bbox 246 830 452 857; x_wconf 85' lang='lat' dir='ltr'><strong>nummum</strong></span> <span class='ocrx_word' id='word_1_79' title='bbox 474 817 625 853; x_wconf 87' lang='lat' dir='ltr'><strong>nullum</strong></span> <span class='ocrx_word' id='word_1_80' title='bbox 647 815 768 853; x_wconf 82' lang='lat' dir='ltr'><strong>habes</strong></span> <span class='ocrx_word' id='word_1_81' title='bbox 788 827 862 853; x_wconf 88' lang='lat' dir='ltr'><strong>nec</strong></span> <span class='ocrx_word' id='word_1_82' title='bbox 883 813 1005 852; x_wconf 85' lang='lat' dir='ltr'><strong>sodali</strong></span> <span class='ocrx_word' id='word_1_83' title='bbox 1027 820 1095 851; x_wconf 85' lang='lat' dir='ltr'><strong>tuo</strong></span> <span class='ocrx_word' id='word_1_84' title='bbox 1116 812 1154 850; x_wconf 91' lang='lat' dir='ltr'><strong>in</strong></span> <span class='ocrx_word' id='word_1_85' title='bbox 1176 820 1213 850; x_wconf 89' lang='lat' dir='ltr'><strong>te</strong></span> <span class='ocrx_word' id='word_1_86' title='bbox 1233 811 1393 862; x_wconf 78' lang='lat' dir='ltr'><strong>copiast.</strong></span> <span class='ocrx_word' id='word_1_87' title='bbox 1485 825 1524 846; x_wconf 92' lang='lat'><strong>10</strong></span> 
     </span>
     <span class='ocr_line' id='line_1_13' title="bbox 141 876 1465 929; baseline -0.008 -6"><span class='ocrx_word' id='word_1_88' title='bbox 141 887 218 924; x_wconf 86' lang='lat' dir='ltr'><strong>CH.</strong></span> <span class='ocrx_word' id='word_1_89' title='bbox 247 883 278 921; x_wconf 87' lang='lat' dir='ltr'><strong>si</strong></span> <span class='ocrx_word' id='word_1_90' title='bbox 299 883 428 920; x_wconf 90' lang='lat' dir='ltr'><strong>hercle</strong></span> <span class='ocrx_word' id='word_1_91' title='bbox 448 880 616 919; x_wconf 86' lang='lat' dir='ltr'><strong>habeam</strong></span> <span class='ocrx_word' id='word_1_92' title='bbox 638 878 822 929; x_wconf 85' lang='lat' dir='ltr'><strong>pollicear</strong></span> <span class='ocrx_word' id='word_1_93' title='bbox 842 878 992 924; x_wconf 81' lang='lat' dir='ltr'><strong>lubens,</strong></span> <span class='ocrx_word' id='word_1_94' title='bbox 1012 891 1147 916; x_wconf 90' lang='lat' dir='ltr'><strong>uerum</strong></span> <span class='ocrx_word' id='word_1_95' title='bbox 1167 876 1316 927; x_wconf 83' lang='lat' dir='ltr'><strong>aliquid</strong></span> <span class='ocrx_word' id='word_1_96' title='bbox 1336 876 1465 926; x_wconf 86' lang='lat' dir='ltr'><strong>aliqua</strong></span> 
     </span>
     <span class='ocr_line' id='line_1_14' title="bbox 1193 941 1467 992; baseline -0.004 -12"><span class='ocrx_word' id='word_1_97' title='bbox 1193 941 1325 992; x_wconf 86' lang='lat' dir='ltr'><strong>aliquo</strong></span> <span class='ocrx_word' id='word_1_98' title='bbox 1347 942 1467 979; x_wconf 89' lang='lat' dir='ltr'><strong>modo</strong></span> 
     </span>
     <span class='ocr_line' id='line_1_15' title="bbox 138 1007 1465 1061; baseline -0.007 -9"><span class='ocrx_word' id='word_1_99' title='bbox 138 1014 319 1052; x_wconf 81' lang='lat' dir='ltr'><strong>alicunde</strong></span> <span class='ocrx_word' id='word_1_100' title='bbox 339 1012 389 1050; x_wconf 87' lang='lat' dir='ltr'><strong>ab</strong></span> <span class='ocrx_word' id='word_1_101' title='bbox 410 1010 530 1061; x_wconf 80' lang='lat' dir='ltr'><strong>aliqui</strong></span> <span class='ocrx_word' id='word_1_102' title='bbox 551 1009 682 1060; x_wconf 80' lang='lat' dir='ltr'><strong>aliqua</strong></span> <span class='ocrx_word' id='word_1_103' title='bbox 702 1007 772 1047; x_wconf 90' lang='lat' dir='ltr'><strong>tibi</strong></span> <span class='ocrx_word' id='word_1_104' title='bbox 794 1021 882 1058; x_wconf 89' lang='lat' dir='ltr'><strong>spes</strong></span> <span class='ocrx_word' id='word_1_105' title='bbox 908 1014 965 1046; x_wconf 87' lang='lat' dir='ltr'><strong>est</strong></span> <span class='ocrx_word' id='word_1_106' title='bbox 986 1008 1066 1045; x_wconf 86' lang='lat' dir='ltr'><strong>fore</strong></span> <span class='ocrx_word' id='word_1_107' title='bbox 1082 1020 1238 1046; x_wconf 87' lang='lat' dir='ltr'><strong>mecum</strong></span> <span class='ocrx_word' id='word_1_108' title='bbox 1259 1008 1465 1044; x_wconf 85' lang='lat' dir='ltr'><strong>fortunam.</strong></span> 
     </span>
     <span class='ocr_line' id='line_1_16' title="bbox 193 1069 1469 1123; baseline -0.007 -6"><span class='ocrx_word' id='word_1_109' title='bbox 193 1080 256 1117; x_wconf 88' lang='lat' dir='ltr'><strong>ST.</strong></span> <span class='ocrx_word' id='word_1_110' title='bbox 289 1091 362 1116; x_wconf 88' lang='lat' dir='ltr'><strong>uae</strong></span> <span class='ocrx_word' id='word_1_111' title='bbox 392 1075 473 1123; x_wconf 86' lang='lat' dir='ltr'><strong>tibi,</strong></span> <span class='ocrx_word' id='word_1_112' title='bbox 507 1073 696 1113; x_wconf 86' lang='lat' dir='ltr'><strong>muricide</strong></span> <span class='ocrx_word' id='word_1_113' title='bbox 726 1074 875 1111; x_wconf 84' lang='lat' dir='ltr'><strong>homo!</strong></span> <span class='ocrx_word' id='word_1_114' title='bbox 934 1073 1010 1112; x_wconf 87' lang='lat' dir='ltr'><strong>CH.</strong></span> <span class='ocrx_word' id='word_1_115' title='bbox 1043 1071 1110 1122; x_wconf 89' lang='lat' dir='ltr'><strong>qui</strong></span> <span class='ocrx_word' id='word_1_116' title='bbox 1140 1071 1210 1110; x_wconf 87' lang='lat' dir='ltr'><strong>tibi</strong></span> <span class='ocrx_word' id='word_1_117' title='bbox 1231 1071 1340 1109; x_wconf 90' lang='lat' dir='ltr'><strong>lubet</strong></span> <span class='ocrx_word' id='word_1_118' title='bbox 1374 1069 1469 1108; x_wconf 85' lang='lat' dir='ltr'><strong>mihi</strong></span> 
     </span>
     <span class='ocr_line' id='line_1_17' title="bbox 1208 1135 1470 1186; baseline -0.004 -12"><span class='ocrx_word' id='word_1_119' title='bbox 1208 1138 1309 1174; x_wconf 89' lang='lat' dir='ltr'><strong>male</strong></span> <span class='ocrx_word' id='word_1_120' title='bbox 1329 1135 1436 1186; x_wconf 90' lang='lat' dir='ltr'><strong>loqui</strong></span> <span class='ocrx_word' id='word_1_121' title='bbox 1454 1138 1470 1173; x_wconf 91' lang='lat'>?</span> 
     </span>
     <span class='ocr_line' id='line_1_18' title="bbox 138 1201 1468 1258; baseline -0.008 -10"><span class='ocrx_word' id='word_1_122' title='bbox 138 1211 200 1248; x_wconf 84' lang='lat' dir='ltr'><strong>ST.</strong></span> <span class='ocrx_word' id='word_1_123' title='bbox 233 1207 366 1258; x_wconf 90' lang='lat' dir='ltr'><strong>quipp’</strong></span> <span class='ocrx_word' id='word_1_124' title='bbox 389 1214 428 1245; x_wconf 90' lang='lat' dir='ltr'><strong>tu</strong></span> <span class='ocrx_word' id='word_1_125' title='bbox 451 1205 503 1244; x_wconf 91' lang='lat' dir='ltr'><strong>mi</strong></span> <span class='ocrx_word' id='word_1_126' title='bbox 530 1204 679 1255; x_wconf 89' lang='lat' dir='ltr'><strong>aliquid</strong></span> <span class='ocrx_word' id='word_1_127' title='bbox 705 1203 838 1253; x_wconf 89' lang='lat' dir='ltr'><strong>aliquo</strong></span> <span class='ocrx_word' id='word_1_128' title='bbox 860 1202 980 1241; x_wconf 81' lang='lat' dir='ltr'><strong>modo</strong></span> <span class='ocrx_word' id='word_1_129' title='bbox 1000 1201 1182 1241; x_wconf 80' lang='lat' dir='ltr'><strong>alicunde</strong></span> <span class='ocrx_word' id='word_1_130' title='bbox 1202 1202 1252 1239; x_wconf 90' lang='lat' dir='ltr'><strong>ab</strong></span> <span class='ocrx_word' id='word_1_131' title='bbox 1273 1201 1468 1251; x_wconf 82' lang='lat' dir='ltr'><strong>aliquibus</strong></span> 
     </span>
     <span class='ocr_line' id='line_1_19' title="bbox 1354 1267 1468 1305; baseline 0 0"><span class='ocrx_word' id='word_1_132' title='bbox 1354 1267 1468 1305; x_wconf 83' lang='lat' dir='ltr'><strong>blatis</strong></span> 
     </span>
     <span class='ocr_line' id='line_1_20' title="bbox 53 1332 1527 1389; baseline -0.005 -11"><span class='ocrx_word' id='word_1_133' title='bbox 53 1349 118 1387; x_wconf 83' lang='lat'><strong>335</strong></span> <span class='ocrx_word' id='word_1_134' title='bbox 247 1339 355 1389; x_wconf 87' lang='lat' dir='ltr'><strong>quod</strong></span> <span class='ocrx_word' id='word_1_135' title='bbox 377 1342 619 1387; x_wconf 86' lang='lat' dir='ltr'><strong>nusquamst,</strong></span> <span class='ocrx_word' id='word_1_136' title='bbox 643 1348 772 1385; x_wconf 86' lang='lat' dir='ltr'><strong>neque</strong></span> <span class='ocrx_word' id='word_1_137' title='bbox 794 1347 866 1384; x_wconf 83' lang='lat' dir='ltr'><strong>ego</strong></span> <span class='ocrx_word' id='word_1_138' title='bbox 887 1333 927 1372; x_wconf 89' lang='lat' dir='ltr'><strong>id</strong></span> <span class='ocrx_word' id='word_1_139' title='bbox 948 1332 1118 1371; x_wconf 85' lang='lat' dir='ltr'><strong>immitto</strong></span> <span class='ocrx_word' id='word_1_140' title='bbox 1139 1332 1178 1370; x_wconf 87' lang='lat' dir='ltr'><strong>in</strong></span> <span class='ocrx_word' id='word_1_141' title='bbox 1199 1332 1300 1371; x_wconf 87' lang='lat' dir='ltr'><strong>auris</strong></span> <span class='ocrx_word' id='word_1_142' title='bbox 1321 1346 1439 1380; x_wconf 87' lang='lat' dir='ltr'><strong>meas,</strong></span> <span class='ocrx_word' id='word_1_143' title='bbox 1490 1348 1527 1380; x_wconf 85' lang='lat'><strong>15</strong></span> 
     </span>
     <span class='ocr_line' id='line_1_21' title="bbox 140 1397 1467 1454; baseline -0.005 -11"><span class='ocrx_word' id='word_1_144' title='bbox 140 1418 213 1443; x_wconf 87' lang='lat' dir='ltr'><strong>nec</strong></span> <span class='ocrx_word' id='word_1_145' title='bbox 234 1403 329 1442; x_wconf 90' lang='lat' dir='ltr'><strong>mihi</strong></span> <span class='ocrx_word' id='word_1_146' title='bbox 351 1404 437 1454; x_wconf 89' lang='lat' dir='ltr'><strong>plus</strong></span> <span class='ocrx_word' id='word_1_147' title='bbox 458 1399 676 1441; x_wconf 85' lang='lat' dir='ltr'><strong>adiumenti</strong></span> <span class='ocrx_word' id='word_1_148' title='bbox 696 1400 791 1439; x_wconf 86' lang='lat' dir='ltr'><strong>ades</strong></span> <span class='ocrx_word' id='word_1_149' title='bbox 807 1412 926 1450; x_wconf 88' lang='lat' dir='ltr'><strong>quam</strong></span> <span class='ocrx_word' id='word_1_150' title='bbox 947 1398 1010 1438; x_wconf 87' lang='lat' dir='ltr'><strong>ille</strong></span> <span class='ocrx_word' id='word_1_151' title='bbox 1026 1397 1093 1449; x_wconf 89' lang='lat' dir='ltr'><strong>qui</strong></span> <span class='ocrx_word' id='word_1_152' title='bbox 1114 1411 1330 1448; x_wconf 85' lang='lat' dir='ltr'><strong>numquam</strong></span> <span class='ocrx_word' id='word_1_153' title='bbox 1351 1397 1467 1437; x_wconf 85' lang='lat' dir='ltr'><strong>etiam</strong></span> 
     </span>
     <span class='ocr_line' id='line_1_22' title="bbox 1325 1470 1465 1501; baseline 0 0"><span class='ocrx_word' id='word_1_154' title='bbox 1325 1470 1465 1501; x_wconf 86' lang='lat' dir='ltr'><strong>natust.</strong></span> 
     </span>
    </p>
   </div>
   <div class='ocr_carea' id='block_1_3' title="bbox 173 1576 1518 1617">
    <p class='ocr_par' dir='ltr' id='par_1_3' title="bbox 173 1576 1518 1617">
     <span class='ocr_line' id='line_1_23' title="bbox 173 1576 1518 1617; baseline -0.003 0"><span class='ocrx_word' id='word_1_155' title='bbox 173 1581 452 1617; x_wconf 84' lang='lat' dir='ltr'><strong>EP1D1cvs</strong></span> <span class='ocrx_word' id='word_1_156' title='bbox 509 1578 973 1615; x_wconf 79' lang='lat' dir='ltr'><strong>STRAT1PPocLEs</strong></span> <span class='ocrx_word' id='word_1_157' title='bbox 1031 1577 1434 1615; x_wconf 59' lang='grc' dir='ltr'>ΕΗΑΕΚΙΒῊΝΞ</span> <span class='ocrx_word' id='word_1_158' title='bbox 1489 1576 1518 1613; x_wconf 92' lang='lat' dir='ltr'><strong>ii</strong></span> 
     </span>
    </p>
   </div>
   <div class='ocr_carea' id='block_1_4' title="bbox 55 1657 1473 1969">
    <p class='ocr_par' dir='ltr' id='par_1_4' title="bbox 55 1657 1473 1969">
     <span class='ocr_line' id='line_1_24' title="bbox 142 1657 1468 1707; baseline -0.004 -8"><span class='ocrx_word' id='word_1_159' title='bbox 142 1662 210 1699; x_wconf 82' lang='lat' dir='ltr'><strong>Ep.</strong></span> <span class='ocrx_word' id='word_1_160' title='bbox 233 1659 374 1699; x_wconf 88' lang='lat' dir='ltr'><strong>Fecisti</strong></span> <span class='ocrx_word' id='word_1_161' title='bbox 391 1658 468 1697; x_wconf 88' lang='lat' dir='ltr'><strong>iam</strong></span> <span class='ocrx_word' id='word_1_162' title='bbox 485 1657 656 1697; x_wconf 84' lang='lat' dir='ltr'><strong>officium</strong></span> <span class='ocrx_word' id='word_1_163' title='bbox 674 1664 795 1704; x_wconf 87' lang='lat' dir='ltr'><strong>tuom,</strong></span> <span class='ocrx_word' id='word_1_164' title='bbox 813 1670 876 1695; x_wconf 90' lang='lat' dir='ltr'><strong>me</strong></span> <span class='ocrx_word' id='word_1_165' title='bbox 892 1670 1025 1695; x_wconf 90' lang='lat' dir='ltr'><strong>meum</strong></span> <span class='ocrx_word' id='word_1_166' title='bbox 1041 1670 1147 1695; x_wconf 86' lang='lat' dir='ltr'><strong>nunc</strong></span> <span class='ocrx_word' id='word_1_167' title='bbox 1163 1658 1288 1695; x_wconf 86' lang='lat' dir='ltr'><strong>facere</strong></span> <span class='ocrx_word' id='word_1_168' title='bbox 1304 1663 1468 1707; x_wconf 88' lang='lat' dir='ltr'><strong>oportet.</strong></span> 
     </span>
     <span class='ocr_line' id='line_1_25' title="bbox 141 1720 1471 1776; baseline -0.004 -12"><span class='ocrx_word' id='word_1_169' title='bbox 141 1739 208 1776; x_wconf 89' lang='lat' dir='ltr'><strong>per</strong></span> <span class='ocrx_word' id='word_1_170' title='bbox 246 1726 348 1763; x_wconf 87' lang='lat' dir='ltr'><strong>hanc</strong></span> <span class='ocrx_word' id='word_1_171' title='bbox 383 1726 515 1762; x_wconf 70' lang='lat' dir='ltr'><strong>curam</strong></span> <span class='ocrx_word' id='word_1_172' title='bbox 550 1721 684 1773; x_wconf 87' lang='lat' dir='ltr'><strong>quieto</strong></span> <span class='ocrx_word' id='word_1_173' title='bbox 719 1721 789 1760; x_wconf 76' lang='lat' dir='ltr'><strong>tibi</strong></span> <span class='ocrx_word' id='word_1_174' title='bbox 824 1721 914 1760; x_wconf 88' lang='lat' dir='ltr'><strong>licet</strong></span> <span class='ocrx_word' id='word_1_175' title='bbox 947 1722 1165 1760; x_wconf 86' lang='lat' dir='ltr'><strong>esse—hoc</strong></span> <span class='ocrx_word' id='word_1_176' title='bbox 1199 1721 1359 1771; x_wconf 88' lang='lat' dir='ltr'><strong>quidem</strong></span> <span class='ocrx_word' id='word_1_177' title='bbox 1394 1720 1471 1759; x_wconf 88' lang='lat' dir='ltr'><strong>iam</strong></span> 
     </span>
     <span class='ocr_line' id='line_1_26' title="bbox 658 1780 1471 1835; baseline -0.005 -9"><span class='ocrx_word' id='word_1_178' title='bbox 658 1780 660 1782; x_wconf 32' lang='lat'>¹</span> <span class='ocrx_word' id='word_1_179' title='bbox 1336 1785 1447 1835; x_wconf 90' lang='lat' dir='ltr'><strong>periit</strong></span> <span class='ocrx_word' id='word_1_180' title='bbox 1464 1800 1471 1822; x_wconf 69' lang='grc' dir='ltr'>ε</span> 
     </span>
     <span class='ocr_line' id='line_1_27' title="bbox 194 1850 1473 1905; baseline -0.004 -12"><span class='ocrx_word' id='word_1_181' title='bbox 194 1854 234 1893; x_wconf 91' lang='lat' dir='ltr'><strong>ni</strong></span> <span class='ocrx_word' id='word_1_182' title='bbox 248 1854 343 1905; x_wconf 91' lang='lat' dir='ltr'><strong>quid</strong></span> <span class='ocrx_word' id='word_1_183' title='bbox 358 1853 428 1892; x_wconf 89' lang='lat' dir='ltr'><strong>tibi</strong></span> <span class='ocrx_word' id='word_1_184' title='bbox 442 1853 534 1892; x_wconf 89' lang='lat' dir='ltr'><strong>hinc</strong></span> <span class='ocrx_word' id='word_1_185' title='bbox 547 1852 586 1891; x_wconf 94' lang='lat' dir='ltr'><strong>in</strong></span> <span class='ocrx_word' id='word_1_186' title='bbox 601 1866 712 1903; x_wconf 89' lang='lat' dir='ltr'><strong>spem</strong></span> <span class='ocrx_word' id='word_1_187' title='bbox 727 1853 879 1899; x_wconf 87' lang='lat' dir='ltr'><strong>referas,</strong></span> <span class='ocrx_word' id='word_1_188' title='bbox 896 1851 1045 1902; x_wconf 91' lang='lat' dir='ltr'><strong>oppido</strong></span> <span class='ocrx_word' id='word_1_189' title='bbox 1060 1853 1136 1890; x_wconf 87' lang='lat' dir='ltr'><strong>hoc</strong></span> <span class='ocrx_word' id='word_1_190' title='bbox 1150 1850 1381 1901; x_wconf 86' lang='lat' dir='ltr'><strong>pollinctum</strong></span> <span class='ocrx_word' id='word_1_191' title='bbox 1397 1858 1473 1898; x_wconf 80' lang='lat' dir='ltr'><strong>est3</strong></span> 
     </span>
     <span class='ocr_line' id='line_1_28' title="bbox 55 1915 1293 1969; baseline -0.005 -9"><span class='ocrx_word' id='word_1_192' title='bbox 55 1934 124 1969; x_wconf 86' lang='lat'><strong>340</strong></span> <span class='ocrx_word' id='word_1_193' title='bbox 195 1921 312 1959; x_wconf 82' lang='lat' dir='ltr'><strong>crede</strong></span> <span class='ocrx_word' id='word_1_194' title='bbox 332 1920 453 1958; x_wconf 93' lang='lat' dir='ltr'><strong>modo</strong></span> <span class='ocrx_word' id='word_1_195' title='bbox 474 1918 570 1956; x_wconf 89' lang='lat' dir='ltr'><strong>mihi</strong></span> <span class='ocrx_word' id='word_1_196' title='bbox 587 1933 594 1956; x_wconf 77' lang='grc' dir='ltr'><em>τ</em></span> <span class='ocrx_word' id='word_1_197' title='bbox 625 1917 680 1956; x_wconf 89' lang='lat' dir='ltr'><strong>sic</strong></span> <span class='ocrx_word' id='word_1_198' title='bbox 701 1931 774 1967; x_wconf 89' lang='lat' dir='ltr'><strong>ego</strong></span> <span class='ocrx_word' id='word_1_199' title='bbox 794 1931 878 1967; x_wconf 86' lang='lat' dir='ltr'><strong>ago,</strong></span> <span class='ocrx_word' id='word_1_200' title='bbox 902 1916 957 1956; x_wconf 88' lang='lat' dir='ltr'><strong>sic</strong></span> <span class='ocrx_word' id='word_1_201' title='bbox 978 1924 1139 1967; x_wconf 87' lang='lat' dir='ltr'><strong>egerunt</strong></span> <span class='ocrx_word' id='word_1_202' title='bbox 1159 1915 1293 1955; x_wconf 90' lang='lat' dir='ltr'><strong>nostri.</strong></span> 
     </span>
    </p>
   </div>
   <div class='ocr_carea' id='block_1_5' title="bbox 144 2019 1479 2112">
    <p class='ocr_par' dir='ltr' id='par_1_5' title="bbox 144 2019 1479 2112">
     <span class='ocr_line' id='line_1_29' title="bbox 185 2019 1474 2063; baseline -0.003 -10"><span class='ocrx_word' id='word_1_203' title='bbox 185 2032 250 2063; x_wconf 87' lang='lat'><strong>322</strong></span> <span class='ocrx_word' id='word_1_204' title='bbox 274 2033 338 2053; x_wconf 89' lang='lat' dir='ltr'><strong>nec</strong></span> <span class='ocrx_word' id='word_1_205' title='bbox 355 2024 462 2053; x_wconf 84' lang='lat' dir='ltr'><strong>nescit</strong></span> <span class='ocrx_word' id='word_1_206' title='bbox 478 2021 543 2053; x_wconf 86' lang='lat' dir='ltr'><strong>cod.</strong></span> <span class='ocrx_word' id='word_1_207' title='bbox 648 2029 711 2060; x_wconf 85' lang='lat'><strong>325</strong></span> <span class='ocrx_word' id='word_1_208' title='bbox 737 2020 866 2060; x_wconf 88' lang='lat' dir='ltr'><strong>copiam</strong></span> <span class='ocrx_word' id='word_1_209' title='bbox 886 2019 978 2061; x_wconf 83' lang='lat' dir='ltr'><strong>[tibi]</strong></span> <span class='ocrx_word' id='word_1_210' title='bbox 995 2020 1028 2050; x_wconf 88' lang='grc' dir='ltr'><em>Β</em></span> <span class='ocrx_word' id='word_1_211' title='bbox 1046 2020 1072 2061; x_wconf 72' lang='lat'><strong>(2</strong></span> <span class='ocrx_word' id='word_1_212' title='bbox 1082 2030 1122 2050; x_wconf 82' lang='lat' dir='ltr'><strong>ex</strong></span> <span class='ocrx_word' id='word_1_213' title='bbox 1136 2029 1169 2050; x_wconf 85' lang='lat' dir='ltr'><strong>v.</strong></span> <span class='ocrx_word' id='word_1_214' title='bbox 1182 2019 1264 2058; x_wconf 82' lang='lat'><strong>323)</strong></span> <span class='ocrx_word' id='word_1_215' title='bbox 1367 2020 1474 2058; x_wconf 84' lang='lat'><strong>327—8</strong></span> 
     </span>
     <span class='ocr_line' id='line_1_30' title="bbox 144 2062 1479 2112; baseline -0.003 -15"><span class='ocrx_word' id='word_1_216' title='bbox 144 2066 287 2097; x_wconf 88' lang='lat' dir='ltr'><strong>inultum</strong></span> <span class='ocrx_word' id='word_1_217' title='bbox 302 2065 375 2097; x_wconf 84' lang='lat' dir='ltr'><strong>Ital.</strong></span> <span class='ocrx_word' id='word_1_218' title='bbox 393 2077 400 2096; x_wconf 89' lang='lat'>:</span> <span class='ocrx_word' id='word_1_219' title='bbox 424 2065 614 2096; x_wconf 87' lang='lat' dir='ltr'><strong>inultimum</strong></span> <span class='ocrx_word' id='word_1_220' title='bbox 631 2064 696 2095; x_wconf 87' lang='lat' dir='ltr'><strong>cod.</strong></span> <span class='ocrx_word' id='word_1_221' title='bbox 716 2065 761 2103; x_wconf 88' lang='lat' dir='ltr'><strong>(v.</strong></span> <span class='ocrx_word' id='word_1_222' title='bbox 778 2064 815 2105; x_wconf 88' lang='lat'><strong>8)</strong></span> <span class='ocrx_word' id='word_1_223' title='bbox 969 2072 1035 2103; x_wconf 87' lang='lat'><strong>329</strong></span> <span class='ocrx_word' id='word_1_224' title='bbox 1063 2063 1133 2094; x_wconf 87' lang='lat' dir='ltr'><strong>fere</strong></span> <span class='ocrx_word' id='word_1_225' title='bbox 1151 2062 1203 2093; x_wconf 72' lang='lat' dir='ltr'><strong>PE</strong></span> <span class='ocrx_word' id='word_1_226' title='bbox 1222 2063 1347 2103; x_wconf 73' lang='lat' dir='ltr'><strong>(facere</strong></span> <span class='ocrx_word' id='word_1_227' title='bbox 1360 2062 1390 2100; x_wconf 93' lang='lat' dir='ltr'><em>J</em></span> <span class='ocrx_word' id='word_1_228' title='bbox 1403 2073 1479 2112; x_wconf 37' lang='lat' dir='ltr'><strong>var.-</strong></span> 
     </span>
    </p>
   </div>
   <div class='ocr_carea' id='block_1_6' title="bbox 143 2105 1476 2239">
    <p class='ocr_par' dir='ltr' id='par_1_6' title="bbox 143 2105 1476 2239">
     <span class='ocr_line' id='line_1_31' title="bbox 144 2105 1475 2149; baseline -0.004 -10"><span class='ocrx_word' id='word_1_229' title='bbox 144 2109 227 2149; x_wconf 77' lang='lat' dir='ltr'><strong>lect.)</strong></span> <span class='ocrx_word' id='word_1_230' title='bbox 346 2119 409 2148; x_wconf 90' lang='lat'><strong>330</strong></span> <span class='ocrx_word' id='word_1_231' title='bbox 431 2118 603 2139; x_wconf 90' lang='lat' dir='ltr'><strong>nummum</strong></span> <span class='ocrx_word' id='word_1_232' title='bbox 621 2108 674 2139; x_wconf 87' lang='lat' dir='ltr'><strong>his</strong></span> <span class='ocrx_word' id='word_1_233' title='bbox 692 2107 742 2137; x_wconf 69' lang='lat' dir='ltr'><strong>PE</strong></span> <span class='ocrx_word' id='word_1_234' title='bbox 867 2117 930 2146; x_wconf 88' lang='lat'><strong>332</strong></span> <span class='ocrx_word' id='word_1_235' title='bbox 955 2107 1099 2146; x_wconf 84' lang='lat' dir='ltr'><strong>aliquast</strong></span> <span class='ocrx_word' id='word_1_236' title='bbox 1116 2106 1174 2138; x_wconf 90' lang='lat' dir='ltr'><strong>tibi</strong></span> <span class='ocrx_word' id='word_1_237' title='bbox 1191 2117 1239 2146; x_wconf 88' lang='lat' dir='ltr'><strong>sp.</strong></span> <span class='ocrx_word' id='word_1_238' title='bbox 1260 2105 1406 2140; x_wconf 78' lang='lat' dir='ltr'><strong>Mueller.</strong></span> <span class='ocrx_word' id='word_1_239' title='bbox 1427 2116 1475 2135; x_wconf 80' lang='lat' dir='ltr'><strong>cuz</strong></span> 
     </span>
     <span class='ocr_line' id='line_1_32' title="bbox 143 2149 1474 2192; baseline -0.003 -9"><span class='ocrx_word' id='word_1_240' title='bbox 143 2154 254 2192; x_wconf 79' lang='lat' dir='ltr'><strong>aliqua&#39;.</strong></span> <span class='ocrx_word' id='word_1_241' title='bbox 265 2152 325 2182; x_wconf 61' lang='lat' dir='ltr'><strong>tibi</strong></span> <span class='ocrx_word' id='word_1_242' title='bbox 341 2153 462 2182; x_wconf 82' lang='lat' dir='ltr'><strong>iniuria</strong></span> <span class='ocrx_word' id='word_1_243' title='bbox 477 2151 617 2192; x_wconf 54' lang='lat' dir='ltr'><strong>displicet</strong></span> <span class='ocrx_word' id='word_1_244' title='bbox 683 2150 831 2192; x_wconf 88' lang='lat' dir='ltr'><strong>mecum]</strong></span> <span class='ocrx_word' id='word_1_245' title='bbox 849 2151 1021 2181; x_wconf 87' lang='lat' dir='ltr'><strong>meliorem</strong></span> <span class='ocrx_word' id='word_1_246' title='bbox 1040 2149 1105 2180; x_wconf 84' lang='lat' dir='ltr'><strong>Leo</strong></span> <span class='ocrx_word' id='word_1_247' title='bbox 1235 2159 1298 2188; x_wconf 88' lang='lat'><strong>333</strong></span> <span class='ocrx_word' id='word_1_248' title='bbox 1311 2149 1474 2189; x_wconf 85' lang='lat' dir='ltr'><strong>fort.Vae</strong></span> 
     </span>
     <span class='ocr_line' id='line_1_33' title="bbox 143 2193 1476 2239; baseline -0.003 -13"><span class='ocrx_word' id='word_1_249' title='bbox 143 2194 252 2239; x_wconf 86' lang='lat' dir='ltr'><strong>(uae)</strong></span> <span class='ocrx_word' id='word_1_250' title='bbox 277 2195 523 2235; x_wconf 50' lang='lat' dir='ltr'><strong>(iambmcton.)</strong></span> <span class='ocrx_word' id='word_1_251' title='bbox 646 2204 709 2234; x_wconf 86' lang='lat'><strong>334</strong></span> <span class='ocrx_word' id='word_1_252' title='bbox 733 2195 809 2224; x_wconf 86' lang='lat' dir='ltr'><strong>latis</strong></span> <span class='ocrx_word' id='word_1_253' title='bbox 825 2193 890 2226; x_wconf 88' lang='lat' dir='ltr'><strong>cod.</strong></span> <span class='ocrx_word' id='word_1_254' title='bbox 910 2194 1024 2234; x_wconf 86' lang='lat' dir='ltr'><strong>(blatis</strong></span> <span class='ocrx_word' id='word_1_255' title='bbox 1036 2193 1080 2232; x_wconf 79' lang='lat' dir='ltr'><strong>s)</strong></span> <span class='ocrx_word' id='word_1_256' title='bbox 1192 2195 1257 2232; x_wconf 85' lang='lat'><strong>336</strong></span> <span class='ocrx_word' id='word_1_257' title='bbox 1280 2193 1476 2223; x_wconf 82' lang='lat' dir='ltr'><strong>adiumenta</strong></span> 
     </span>
    </p>
   </div>
   <div class='ocr_carea' id='block_1_7' title="bbox 143 2236 1474 2367">
    <p class='ocr_par' dir='ltr' id='par_1_7' title="bbox 143 2236 1474 2367">
     <span class='ocr_line' id='line_1_34' title="bbox 143 2236 1472 2280; baseline -0.004 -10"><span class='ocrx_word' id='word_1_258' title='bbox 143 2240 225 2270; x_wconf 88' lang='lat' dir='ltr'><strong>ades</strong></span> <span class='ocrx_word' id='word_1_259' title='bbox 246 2238 304 2280; x_wconf 84' lang='lat' dir='ltr'><strong>(E)</strong></span> <span class='ocrx_word' id='word_1_260' title='bbox 329 2239 378 2269; x_wconf 83' lang='lat' dir='ltr'><strong>vel</strong></span> <span class='ocrx_word' id='word_1_261' title='bbox 398 2239 593 2269; x_wconf 85' lang='lat' dir='ltr'><strong>adiumenta</strong></span> <span class='ocrx_word' id='word_1_262' title='bbox 616 2238 677 2268; x_wconf 82' lang='lat' dir='ltr'><strong>des</strong></span> <span class='ocrx_word' id='word_1_263' title='bbox 705 2237 761 2277; x_wconf 86' lang='lat' dir='ltr'><strong>(J)</strong></span> <span class='ocrx_word' id='word_1_264' title='bbox 789 2237 863 2268; x_wconf 73' lang='lat' dir='ltr'><strong>PE:</strong></span> <span class='ocrx_word' id='word_1_265' title='bbox 898 2237 1092 2267; x_wconf 88' lang='lat' dir='ltr'><strong>adiumento</strong></span> <span class='ocrx_word' id='word_1_266' title='bbox 1115 2237 1198 2267; x_wconf 83' lang='lat' dir='ltr'><strong>ades</strong></span> <span class='ocrx_word' id='word_1_267' title='bbox 1221 2236 1366 2277; x_wconf 68' lang='lat' dir='ltr'><strong>Seyffert,</strong></span> <span class='ocrx_word' id='word_1_268' title='bbox 1392 2236 1472 2274; x_wconf 62' lang='lat' dir='ltr'><strong>foti.</strong></span> 
     </span>
     <span class='ocr_line' id='line_1_35' title="bbox 145 2278 1474 2323; baseline -0.002 -11"><span class='ocrx_word' id='word_1_269' title='bbox 145 2286 221 2313; x_wconf 81' lang='lat' dir='ltr'><strong>recte</strong></span> <span class='ocrx_word' id='word_1_270' title='bbox 317 2281 413 2323; x_wconf 85' lang='lat' dir='ltr'><strong>ades]</strong></span> <span class='ocrx_word' id='word_1_271' title='bbox 434 2282 494 2312; x_wconf 87' lang='lat' dir='ltr'><strong>das</strong></span> <span class='ocrx_word' id='word_1_272' title='bbox 510 2281 649 2321; x_wconf 74' lang='lat' dir='ltr'><strong>Pylades</strong></span> <span class='ocrx_word' id='word_1_273' title='bbox 667 2280 797 2322; x_wconf 65' lang='grc' dir='ltr'><strong>(αντιφ.)</strong></span> <span class='ocrx_word' id='word_1_274' title='bbox 813 2293 820 2312; x_wconf 76' lang='lat' dir='ltr'><em>z</em></span> <span class='ocrx_word' id='word_1_275' title='bbox 848 2280 953 2311; x_wconf 89' lang='lat' dir='ltr'><strong>habes</strong></span> <span class='ocrx_word' id='word_1_276' title='bbox 972 2281 1015 2321; x_wconf 73' lang='lat'><strong>(2)</strong></span> <span class='ocrx_word' id='word_1_277' title='bbox 1036 2278 1102 2310; x_wconf 80' lang='lat' dir='ltr'><strong>Leo</strong></span> <span class='ocrx_word' id='word_1_278' title='bbox 1189 2280 1240 2311; x_wconf 79' lang='lat' dir='ltr'><strong>vel</strong></span> <span class='ocrx_word' id='word_1_279' title='bbox 1252 2280 1298 2310; x_wconf 90' lang='lat' dir='ltr'><strong>ill’</strong></span> <span class='ocrx_word' id='word_1_280' title='bbox 1412 2288 1474 2318; x_wconf 88' lang='lat'><strong>337</strong></span> 
     </span>
     <span class='ocr_line' id='line_1_36' title="bbox 146 2322 1389 2367; baseline -0.002 -11"><span class='ocrx_word' id='word_1_281' title='bbox 146 2325 215 2367; x_wconf 81' lang='lat' dir='ltr'><strong>[tu]</strong></span> <span class='ocrx_word' id='word_1_282' title='bbox 228 2329 320 2356; x_wconf 90' lang='lat' dir='ltr'><strong>tuum</strong></span> <span class='ocrx_word' id='word_1_283' title='bbox 338 2324 370 2355; x_wconf 90' lang='grc' dir='ltr'><em>Β</em></span> <span class='ocrx_word' id='word_1_284' title='bbox 457 2335 521 2364; x_wconf 90' lang='grc'><strong>339</strong></span> <span class='ocrx_word' id='word_1_285' title='bbox 538 2324 735 2364; x_wconf 88' lang='lat' dir='ltr'><strong>pollinctum</strong></span> <span class='ocrx_word' id='word_1_286' title='bbox 754 2323 869 2354; x_wconf 78' lang='lat' dir='ltr'><strong>Goetz:</strong></span> <span class='ocrx_word' id='word_1_287' title='bbox 893 2322 1048 2363; x_wconf 85' lang='lat' dir='ltr'><strong>pollitum</strong></span> <span class='ocrx_word' id='word_1_288' title='bbox 1066 2322 1130 2355; x_wconf 87' lang='lat' dir='ltr'><strong>cod.</strong></span> <span class='ocrx_word' id='word_1_289' title='bbox 1152 2323 1307 2364; x_wconf 86' lang='lat' dir='ltr'><strong>(politum</strong></span> <span class='ocrx_word' id='word_1_290' title='bbox 1322 2322 1389 2363; x_wconf 74' lang='lat' dir='ltr'><strong>PE)</strong></span> 
     </span>
    </p>
   </div>
  </div>
 </body>
</html>
