1742 2718
709 73 1031 114 BACCHIDES
1466 68 1535 105 IV.
1555 66 1600 102 ix

212 190 401 240 Philippis
422 187 569 227 redemi
591 186 711 225 uitam
735 199 780 224 ex
802 183 948 234 flagitio
969 191 1087 221 tuam.

212 257 288 295 CH.
322 255 418 293 nihil
439 261 496 292 est
517 253 670 291 illorum
693 250 788 300 quin
811 263 883 299 ego
904 248 957 286 illi
979 247 1152 286 dixerim.

212 323 249 359 N
255 333 277 358 1.
313 321 451 358 ‘stulte
471 317 608 356 fecisse
629 318 762 354 fateor.
823 315 892 352 sed
914 326 1072 363 quaeso,
1096 318 1214 361 pater,

212 400 261 424 ne
283 400 355 430 me,
380 384 417 422 in
440 382 601 421 stultitia
623 381 652 419 si
675 379 835 429 deliqui,
859 380 1025 417 deseras
1560 389 1602 420 40

105 467 190 503 1015
211 464 284 500 ego
304 449 436 487 animo
458 447 603 497 cupido
623 454 742 496 atque
763 444 887 483 oculis
909 442 1110 481 indomitis
1132 441 1184 479 fui
1202 456 1211 488 ;

212 521 477 566 persuasumst
498 515 625 550 facere
646 510 788 561 quoius
810 523 873 548 me
893 522 1000 547 nunc
1021 507 1111 546 facti
1132 506 1279 557 pudet.’

213 579 308 630 priu’
330 577 400 631 [te]
423 577 573 616 cauisse
594 590 686 626 ergo
707 589 826 626 quam
848 575 995 625 pudere
1016 585 1185 622 aequom
1208 570 1288 608 fuit.

214 647 290 684 CH.
324 645 461 682 eadem
482 643 601 681 istaec
620 642 741 680 uerba
762 641 913 679 dudum
935 638 988 676 illi
1010 636 1088 676 dixi
1110 635 1252 674 omnia.

215 712 279 747 N1.
315 712 323 728 ‘
337 722 483 759 quaeso
504 715 546 746 ut
567 715 624 745 sat
646 707 793 744 habeas
813 704 865 751 id,
888 711 1007 754 pater,
1030 702 1139 752 quod
1161 701 1373 750 Chrysalus
1563 711 1603 742 45

109 787 195 812 1020
214 789 277 812 me
298 772 532 824 obiurigauit
553 771 742 822 plurumis
764 769 894 808 uerbis
916 767 1038 815 malis,

214 847 251 878 et
272 853 334 877 me
356 838 556 876 meliorem
578 836 669 875 fecit
691 833 908 886 praeceptis
930 833 1020 879 suis,

213 912 255 943 ut
275 912 313 943 te
333 903 368 942 ei
389 904 533 941 habere
553 901 716 953 gratiam
738 913 909 949 aequom
931 898 979 936 sit
999 898 1170 936 bonam.’

215 971 292 1010 CH.
325 976 434 1008 estne
454 968 554 1005 istuc
574 966 660 1005 istic
683 965 903 1015 scriptum?
961 965 1026 1001 N1.
1060 976 1121 1000 em
1144 968 1288 1012 specta,
1311 968 1394 999 tum
1417 959 1524 998 scies.

216 1036 293 1075 CH.
326 1041 368 1072 ut
388 1032 454 1083 qui
475 1031 641 1082 deliquit
662 1031 827 1080 supplex
847 1036 905 1067 est
925 1030 1027 1066 ultro
1048 1027 1233 1066 omnibus
1250 1029 1257 1064 ἔ
1566 1033 1610 1065 50

109 1116 192 1152 1025
216 1103 282 1139 Νι.
318 1104 326 1120 ‘
339 1112 445 1138 nunc
465 1098 497 1136 si
518 1112 581 1136 me
602 1099 659 1135 fas
682 1103 739 1135 est
762 1108 967 1146 opsecrare
987 1107 1057 1144 aps
1078 1100 1126 1140 te,
1149 1099 1269 1142 pater,

214 1167 265 1205 da
285 1164 380 1203 mihi
401 1166 594 1203 ducentos
615 1174 801 1200 nummos
824 1159 1039 1210 Philippos,
1062 1165 1100 1196 te
1121 1158 1309 1208 opsecro.’

215 1232 293 1271 CH.
325 1244 375 1269 ne
395 1243 519 1268 unum
541 1227 703 1278 quidem
726 1227 868 1272 hercle,
893 1224 924 1263 si
945 1223 1058 1274 sapis.
1120 1224 1185 1261 NI.
1218 1221 1302 1260 sine
1323 1223 1525 1272 pellegam.

217 1299 226 1316 ‘
239 1309 312 1346 ego
332 1295 391 1333 ius
411 1294 620 1333 iurandum
641 1291 772 1330 uerbis
793 1289 996 1340 conceptis
1017 1288 1120 1335 dedi,

216 1363 398 1400 daturum
419 1360 458 1398 id
479 1373 543 1398 me
562 1357 682 1397 hodie
703 1356 855 1395 mulieri
875 1363 966 1394 ante
986 1367 1206 1404 uesperum,
1566 1355 1606 1388 55

110 1442 197 1475 1030
215 1426 312 1476 priu'
332 1439 450 1476 quam
471 1438 495 1463 a
513 1438 577 1462 me
597 1423 732 1462 abiret.
792 1435 909 1468 nunc,
933 1427 1055 1471 pater,
1075 1433 1125 1457 ne
1145 1417 1330 1468 peiierem

215 1505 307 1530 cura
326 1499 445 1541 atque
464 1491 620 1529 abduce
640 1503 704 1527 me
725 1487 818 1526 hinc
838 1487 889 1525 ab
910 1488 983 1524 hac
1004 1491 1196 1535 quantum
1216 1489 1357 1533 potest,

215 1571 334 1608 quam
355 1563 513 1607 propter
532 1561 686 1593 tantum
708 1552 844 1592 damni
864 1551 938 1590 feci
958 1558 997 1589 et
1018 1549 1147 1600 flagiti.

216 1636 312 1661 caue
333 1621 403 1660 tibi
423 1619 584 1660 ducenti
604 1618 760 1657 nummi
780 1616 953 1656 diuidiae
973 1617 1083 1654 fuant
1097 1629 1108 1663 3

217 1694 395 1726 sescenta
415 1693 523 1724 tanta
543 1686 707 1724 reddam
728 1683 760 1722 si
781 1683 875 1721 uiuo
896 1681 976 1720 tibi.
1568 1679 1610 1711 60

112 1765 196 1802 1035
218 1754 305 1791 uale
324 1759 443 1802 atque
462 1753 560 1790 haec
581 1752 696 1789 cura.'
755 1748 852 1799 quid
872 1761 979 1786 nunc
998 1759 1147 1793 censes,
1171 1745 1388 1794 Chrysale?

219 1819 295 1858 CH.
327 1818 424 1856 nihil
444 1831 517 1868 ego
538 1817 609 1856 tibi
630 1817 750 1856 hodie
772 1813 911 1854 consili
932 1812 1145 1863 quicquam
1166 1811 1283 1857 dabo,

217 1896 346 1933 neque
366 1897 438 1934 ego
459 1885 537 1922 hau
558 1883 805 1922 committam
827 1888 880 1927 ut,
904 1878 935 1918 si
956 1877 1052 1928 quid
1072 1883 1279 1927 peccatum
1301 1874 1384 1921 siet,

218 1948 355 1987 fecisse
375 1949 482 1987 dicas
503 1950 554 1988 de
574 1963 663 1987 mea
682 1947 885 1987 sententia.

218 2028 366 2061 uerum,
389 2021 431 2053 ut
452 2028 524 2066 ego
545 2014 696 2065 opinor,
719 2015 752 2052 si
771 2026 844 2063 ego
864 2012 905 2050 in
926 2011 1025 2049 istoc
1045 2009 1118 2048 sim
1139 2010 1239 2055 loco,
1565 1998 1606 2040 65

110 2088 200 2125 1040
218 2081 310 2119 dem
330 2079 461 2130 potius
481 2093 619 2118 aurum
640 2092 759 2129 quam
780 2078 890 2116 illurn
910 2074 1107 2125 corrumpi
1128 2073 1267 2112 sinam.

220 2146 323 2184 duae
343 2145 598 2184 condiciones
619 2151 732 2183 sunt:
763 2150 889 2181 utram
910 2148 952 2180 tu
972 2140 1141 2190 accipias
1162 2139 1278 2178 uide:

269 2258 348 2287 1017
374 2252 407 2278 te
424 2247 484 2279 del.
496 2246 679 2285 Aadalius,
700 2256 782 2276 nam
801 2243 930 2276 cauisse
947 2242 1093 2283 dz'syllab.
1115 2241 1353 2281 vzlrferendum
1468 2248 1550 2269 1020

221 2291 271 2322 vel
284 2291 360 2321 med
376 2291 507 2330 obiurg.
609 2299 690 2329 1033
716 2289 857 2320 diuitiae
873 2286 940 2318 cod.
956 2298 963 2317 :
986 2297 1063 2317 corr.
1079 2286 1288 2316 Camerarius
1399 2284 1482 2321 1038
1507 2283 1548 2312 de

222 2335 308 2377 [me]
328 2345 403 2365 mea
418 2335 483 2375 (vel
497 2335 538 2365 de
555 2345 631 2364 mea
646 2334 714 2374 me)
732 2332 798 2363 cod.
813 2332 871 2371 (iv.
883 2331 918 2370 3)
1060 2339 1143 2368 1039
1166 2329 1215 2360 vel
1229 2329 1333 2368 opino
1467 2335 1546 2364 1041

222 2382 258 2409 tu
274 2383 382 2409 utram
399 2377 582 2419 Acidalius,
603 2387 683 2408 nam
701 2375 841 2417 displicet
854 2376 963 2406 utram
