1742 2718
673 66 990 104 MERCATOR
1444 67 1497 104 ΙΙ.
1518 65 1548 103 ii

86 180 154 215 280
173 178 269 216 mihi
290 191 374 217 esse
394 178 433 216 in
455 179 562 226 urbe,
585 192 635 217 ne
657 192 719 217 me
740 186 965 229 exspectet;
993 192 1084 217 nam
1105 178 1202 217 mihi

172 243 237 281 tris
259 243 377 282 hodie
397 243 473 282 litis
494 243 725 282 iudicandas
746 243 879 282 dicito.
1523 264 1559 286 10

171 308 193 354 i,
216 315 254 346 et
275 309 350 347 hoc
372 315 573 347 memento
594 307 734 346 dicere.
792 310 855 346 SE.
889 308 1083 358 numquid
1104 308 1302 358 amplius?

171 374 240 410 Lv.
265 381 465 412 tantumst.
506 375 582 411 DE.
608 372 850 422 Lysimache‚
869 375 986 412 salue.
1038 375 1108 411 LY.
1132 375 1265 423 eugae,
1286 373 1498 424 Demipho,

171 439 332 477 salueto.
392 438 488 488 quid
509 438 620 488 agis?
651 438 747 488 quid
770 439 843 476 fit?
902 440 977 476 DE.
1010 440 1119 488 quod
1141 438 1404 477 miserrumus.

84 506 149 550 285
172 504 241 541 Lv.
275 503 314 542 di
350 503 488 542 melius
518 503 638 542 faxint
656 507 661 542 !
722 506 797 542 DE.
829 505 870 542 di
904 505 980 542 hoc
1014 503 1176 553 quidem
1207 503 1364 542 faciunt.
1426 505 1496 541 Lv.

1297 568 1392 619 quid
1413 571 1500 607 est?

173 635 248 672 DE.
280 634 424 682 dicam,
446 634 476 673 si
498 634 655 672 uideam
678 634 748 672 tibi
769 647 854 672 esse
875 646 1035 683 operam
1056 642 1123 672 aut
1143 634 1279 672 otium.
1520 650 1556 681 15

170 700 239 737 Lv.
272 713 513 750 quamquam
534 699 783 749 negotiumst‚
808 699 839 737 si
859 699 956 749 quid
976 699 1070 746 ueiS,
1096 699 1310 749 Demipho,

169 778 250 803 non
270 778 357 804 sum
378 772 594 816 occupatus
615 778 805 815 umquam
826 764 955 803 amico
976 778 1136 814 operam
1157 766 1261 803 dare.

171 831 246 868 DE.
278 830 561 881 benignitatem
583 838 691 868 tuam
713 829 810 867 mihi
830 829 990 880 experto
1011 829 1224 879 praedicas.

82 905 150 941 290
168 895 265 945 quid
285 895 356 934 tibi
377 909 450 946 ego
469 895 607 934 aetatis
628 895 796 934 uideor?
852 896 922 933 LY.
955 894 1280 942 Accherunticus,

167 973 286 999 senex
306 968 430 1008 uetus,
451 960 683 1011 decrepitus.
746 962 821 998 DE.
853 973 1039 1010 peruorse
1058 959 1181 999 uides.
1515 978 1557 1000 20

165 1038 262 1076 puer
281 1028 379 1073 stim,
403 1025 646 1076 Lysimache‚
670 1025 909 1076 septuennis.
970 1027 1042 1063 Lv.
1072 1038 1197 1063 sanun
1219 1039 1260 1064 65

165 1091 233 1140 qui
253 1104 418 1141 puerum
439 1098 477 1130 te
497 1105 582 1130 esse
602 1091 710 1130 dicas
727 1094 744 1130 ?
801 1093 877 1130 DE.
911 1104 1003 1129 uera
1027 1090 1224 1140 praedico.

165 1157 236 1194 Lv.
269 1158 390 1196 modo
410 1158 540 1195 hercle
561 1157 601 1195 in
622 1165 797 1195 mentem
818 1156 926 1195 uenit
947 1155 1043 1206 quid
1064 1163 1105 1193 tu
1127 1156 1301 1195 diceres:

77 1236 144 1272 295
165 1235 284 1260 senex
304 1235 426 1272 quom
446 1224 644 1273 externplo
665 1230 733 1270 est,
757 1222 835 1261 iarn
855 1235 930 1261 nec
950 1221 1068 1260 sentit
1088 1234 1162 1260 nec
1182 1221 1294 1272 sapit,

163 1286 274 1325 aiunt
294 1288 418 1326 solere
438 1301 529 1326 eum
550 1301 684 1326 rusum
705 1301 990 1338 repuerascere.
1517 1307 1532 1328 2
1539 1307 1557 1338 5

165 1353 241 1390 DE.
273 1352 397 1391 immo
418 1353 477 1391 bis
497 1360 608 1392 tanto
628 1355 743 1392 ualeo
763 1367 883 1403 quam
904 1352 1009 1392 ualui
1031 1351 1148 1402 prius.

164 1419 234 1456 LY.
267 1418 369 1456 bene
389 1419 520 1457 hercle
540 1420 687 1457 factum
709 1426 747 1458 et
766 1420 933 1469 gaudeo.
995 1420 1072 1456 DE.
1104 1418 1227 1457 immo
1248 1418 1279 1457 si
1301 1418 1412 1469 scias,

163 1482 311 1521 oculeis
332 1495 493 1533 quoque
513 1483 632 1522 etiarn
653 1485 742 1534 plus
763 1483 840 1522 iarn
862 1483 981 1522 uideo
1003 1496 1122 1533 quarn
1143 1483 1260 1533 prius.
1296 1522 1303 1525 ,

77 1561 146 1597 300
165 1548 235 1586 LY.
279 1547 427 1586 benest.
488 1549 564 1587 DE.
606 1550 732 1587 malae
771 1548 825 1587 rei
863 1548 989 1587 deico.
1049 1549 1120 1586 Lv.
1160 1548 1238 1587 iam
1273 1549 1372 1588 istuc
1411 1563 1493 1588 non

1339 1615 1489 1654 benest.

165 1679 241 1716 DE.
273 1679 344 1717 sed
363 1678 563 1718 aussimne
583 1692 656 1729 ego
677 1679 748 1717 tibi
764 1679 897 1730 eloqui
918 1679 1116 1718 fideliter?
1510 1695 1552 1726 30

162 1744 234 1781 Lv.
265 1743 461 1781 audacter.
522 1745 597 1782 DE.
630 1744 807 1782 animum
826 1745 1003 1783 aduorte.
1064 1746 1134 1782 Lv.
1166 1745 1233 1783 fiet
1253 1745 1404 1784 sedulo.

163 1809 239 1846 DE.
272 1807 393 1846 hodie
413 1807 491 1846 eire
511 1808 648 1858 occepi
668 1808 709 1846 in
729 1810 867 1847 ludum
889 1809 1130 1855 litterarium,

163 1872 407 1923 Lysimache.
457 1880 586 1911 ternas
607 1873 690 1911 scio
709 1873 798 1912 iam.
858 1875 929 1912 Lv.
953 1873 1049 1924 quid
1070 1875 1232 1912 ternas?
1288 1875 1364 1912 DE.
1387 1887 1488 1913 amo.

74 1948 140 1985 305
163 1940 234 1977 Lv.
264 1945 335 1976 tun
355 1937 483 1988 capite
503 1951 604 1976 cano
624 1951 743 1986 amas,
767 1951 886 1977 senex
905 1938 1193 1989 nequissurne?

204 2043 264 2073 281
291 2042 403 2073 leiteis
419 2042 452 2072 A
546 2042 701 2081 deicit(o)
719 2041 753 2072 A
933 2044 997 2073 282
1021 2042 1060 2073 Ei
1077 2042 1111 2072 P
1196 2043 1311 2075 dicere
1329 2045 1490 2084 numquid

161 2086 217 2116 vix
227 2086 330 2126 placet
416 2086 552 2117 adicere
567 2085 694 2117 Schoell
706 2098 713 2117 :
741 2085 822 2125 sort.
843 2087 918 2117 dice
1051 2087 1114 2126 284
1139 2086 1254 2118 salueo
1269 2087 1304 2117 P
1425 2089 1490 2127 285

161 2139 205 2161 m.
234 2129 358 2160 facient
384 2129 417 2159 A
523 2130 636 2168 quidst
662 2129 695 2159 A
726 2130 796 2169 (vix
812 2135 877 2170 pro
902 2130 982 2169 quid
1009 2130 1091 2170 idst)
1224 2132 1290 2162 286
1322 2141 1375 2171 op.
1412 2142 1489 2162 esse

160 2171 295 2211 Ritschl,
315 2173 370 2203 cui
381 2173 441 2203 tibi
461 2171 467 2213 Ι
487 2183 563 2204 6556
579 2173 720 2213 displicet
828 2174 893 2212 289
917 2178 1060 2213 exporto
1082 2172 1115 2203 A
1237 2175 1302 2214 298
1325 2175 1354 2205 si
1377 2185 1441 2206 om.
1458 2175 1493 2205 P

160 2226 226 2254 300
249 2217 373 2246 bonurn
390 2221 442 2247 est
457 2216 492 2246 P
505 2217 558 2256 (cf
577 2215 624 2247 ad
635 2215 752 2247 Bacch.
773 2217 853 2258 502)
943 2226 1004 2256 301
1031 2217 1190 2259 fideliter]
1210 2218 1319 2258 siquid
1336 2218 1435 2248 uelim
1459 2218 1494 2248 P

160 2269 225 2298 303
248 2260 280 2290 in
297 2259 412 2290 ludum
429 2261 544 2300 occepi
562 2260 734 2291 literarum
752 2259 786 2289 P
971 2271 1035 2300 304
1059 2261 1150 2302 amo]
1169 2262 1241 2293 scio
1257 2262 1290 2292 A
1424 2272 1488 2301 305

162 2313 239 2342 neq.
270 2303 402 2344 [horno]
428 2303 461 2333 A
490 2305 555 2345 (vel
575 2308 635 2343 pro
662 2313 738 2334 amo
765 2307 941 2335 correctura
972 2314 1079 2345 marg.
1111 2304 1159 2335 ad
1185 2316 1214 2337 v.
1243 2315 1306 2345 304
1335 2304 1484 2366 adscnpt.

161 2346 211 2377 vel
225 2356 292 2378 var.
311 2346 377 2378 lect.
399 2346 501 2378 homo
517 2348 613 2387 neq.)
