1742 2718
705 52 1028 93 BACCHIDES
1455 48 1525 85 IV.
1546 45 1622 82 viii

417 168 546 208 alteris
566 167 683 206 etiam
704 163 884 204 ducentis

95 245 184 285 971ει
418 247 510 272 usus
531 240 598 279 est,
622 231 689 282 qui
710 230 982 279 dispensentur

420 299 495 338 Ilio
515 306 641 348 capto,
665 304 707 334 ut
727 296 775 334 sit
795 296 966 333 mulsum
1550 300 1592 334 50

98 369 183 409 972a
472 363 539 414 qui
559 362 800 411 triumphent
821 359 975 397 milites.

203 433 273 470 sed
291 431 467 469 Priamus
483 428 546 467 hic
564 429 688 465 multo
704 425 758 463 illi
774 432 943 475 praestat
960 439 967 462 :
997 437 1078 462 non
1095 422 1379 474 quinquaginta
1396 420 1528 466 modo,

203 496 480 547 quadrigentos
510 493 610 531 filios
641 492 760 529 habet
786 497 904 539 atque
931 489 1117 538 equidem
1143 487 1272 527 omnis
1299 489 1420 525 lectos
1448 485 1531 524 sine

1364 551 1531 602 probro:

118 636 182 673 975
205 640 272 665 eos
293 640 366 676 ego
387 624 506 663 hodie
525 622 654 662 omnis
675 620 947 660 contruncabo
968 619 1124 657 duobus
1146 618 1238 656 solis
1259 617 1412 655 ictibus.

205 705 310 729 nunc
328 690 483 728 Priamo
503 695 637 727 nostro
658 686 689 724 si
710 694 767 724 est
784 684 871 735 quis
888 690 1052 733 emptor,
1070 682 1378 731 comptionalem
1399 694 1533 719 senem
1556 694 1594 726 55

205 757 376 794 uendam
397 767 481 804 ego,
503 754 686 791 uenalem
714 763 832 800 quem
860 749 1002 794 habeo,
1026 748 1223 796 extemplo
1251 745 1319 784 ubi
1343 745 1535 795 oppidum

559 820 562 822 ’
1248 823 1534 861 expugnauero.

205 886 275 924 sed
305 884 505 923 Priamum
535 889 729 920 astantem
761 892 900 918 eccum
928 884 1020 916 ante
1046 884 1200 928 portam
1227 876 1356 914 uideo.
1415 874 1535 913 adibo

1195 949 1313 991 atque
1332 941 1532 990 adloquar.

484 1060 808 1097 NICOBVLvs
921 1055 1256 1093 CHRVSALvs
1551 1047 1598 1086 ix

261 1144 328 1182 N1.
361 1140 587 1191 Quoianam
618 1152 696 1177 uox
724 1150 847 1188 prope
868 1121 941 1174 ‘me
970 1136 1112 1174 sonat?
1161 1135 1237 1173 CH.
1270 1147 1294 1172 o
1325 1133 1534 1173 Nicobule.

1253 1200 1318 1237 NI.
1351 1198 1447 1249 quid
1468 1199 1540 1237 fit?

123 1279 193 1324 980
264 1273 360 1324 quid
376 1272 485 1322 quod
498 1278 536 1310 te
549 1270 648 1317 misi,
664 1268 808 1319 ecquid
821 1266 962 1317 egisti?
1019 1267 1096 1305 CH.
1120 1267 1261 1315 rogas?
1288 1265 1536 1315 congredere.

1274 1332 1341 1368 N1.
1372 1329 1536 1380 gradior.

212 1406 288 1445 CH.
322 1404 500 1454 optumu'
540 1415 627 1440 sum
667 1407 805 1439 orator.
865 1399 917 1437 ad
955 1399 1147 1436 lacrumas
1187 1395 1390 1435 hominem
1429 1394 1540 1445 coegi

1312 1460 1540 1511 castigando

211 1537 392 1585 maleque
419 1533 545 1580 dictis,
574 1545 675 1583 quae
702 1531 864 1581 quidem
891 1528 1001 1580 quiui
1027 1527 1285 1567 comminisci.
1302 1520 1310 1524 ’
1346 1528 1414 1565 Νι.
1444 1525 1541 1576 quid

1122 1593 1207 1631 ait?
1265 1594 1342 1632 CH.
1374 1591 1541 1630 uerbum

213 1669 364 1706 nullum
395 1666 513 1705 fecit:
552 1667 774 1703 lacrumans
803 1661 944 1701 tacitus
972 1660 1219 1699 auscultabat
1253 1672 1354 1709 quae
1388 1671 1460 1709 ego
1489 1659 1542 1696 lo-
1561 1673 1578 1705 5

1370 1723 1543 1773 quebar3

215 1798 354 1837 tacitus
375 1788 606 1846 conscripsit
626 1795 801 1841 tabellas,
825 1792 1048 1843 opsignatas
1070 1791 1123 1828 mi
1144 1792 1214 1829 has
1235 1789 1354 1828 dedit.

129 1865 194 1908 985
216 1864 286 1903 tibi
306 1877 370 1902 me
388 1861 500 1900 iussit
515 1862 618 1907 dare,
637 1861 707 1898 sed
729 1866 864 1896 metuo
881 1856 932 1895 ne
953 1856 1058 1895 idem
1076 1862 1237 1894 cantent
1253 1855 1362 1905 quod
1381 1853 1539 1905 priores.

215 1943 336 1968 nosce
351 1928 516 1977 signum.
567 1933 677 1964 estne
693 1923 819 1963 eiius?
876 1923 941 1960 N1.
974 1921 1079 1960 noui.
1130 1921 1240 1959 lubet
1253 1921 1446 1970 pellegere
1458 1921 1539 1958 has.

1268 1986 1345 2024 CH.
1378 1986 1539 2035 pellege.

270 2072 377 2098 nunc
405 2071 589 2109 superum
618 2056 740 2095 limen
770 2053 973 2101 scinditur,
993 2065 1100 2091 nunc
1129 2052 1241 2090 adest
1270 2049 1430 2089 exitium
1455 2048 1546 2102 <i11i>

1456 2114 1542 2162 Ilio,

262 2236 326 2266 974
349 2226 482 2266 quidem
510 2225 652 2261 Mueller,
679 2222 818 2254 Skutsch
846 2220 978 2262 (Herm.
1000 2229 1054 2259 32,
1081 2218 1152 2259 94),
1168 2217 1252 2257 fort.
1279 2220 1354 2248 recte
1483 2216 1548 2254 978

220 2270 341 2301 uidebo
356 2269 420 2300 cod.
442 2269 531 2309 (corr.
550 2268 584 2298 in
600 2268 645 2307 Β)
750 2267 814 2305 980
838 2263 988 2304 gradior]
1007 2262 1206 2301 congredior
1221 2260 1255 2290 Β
1363 2260 1425 2299 981
1453 2258 1548 2297 coegi

220 2313 389 2344 hominem
409 2312 474 2344 cod.
491 2324 499 2343 t
524 2312 643 2342 traiecit
660 2310 766 2347 Goetz,
785 2313 814 2339 et
829 2312 932 2339 metro
948 2311 978 2338 et
992 2305 1218 2337 allitteratmm'
1230 2303 1398 2335 consulens
1485 2304 1546 2341 987

219 2355 416 2431 inipffgzidss
486 2353 747 2417 <prope>¹adest
764 2363 817 2384 ex.
836 2352 873 2384 11.
892 2350 1066 2382 Acidalius
1427 2383 1468 2414 12
