1814 2723
243 47 291 83 V.
313 46 341 82 ii
728 43 775 80 T.
809 40 989 79 MACCI
1022 39 1225 76 PLAVTI

255 169 293 199 25
315 162 425 193 estne
446 153 524 192 illic
546 152 772 193 Charinus?
829 152 908 189 CH.
940 149 1058 196 ciues,
1081 149 1183 186 bene
1205 149 1343 186 ualete.
1406 149 1477 184 Ev.
1510 145 1600 184 ilico

315 228 385 267 sta,
419 218 600 259 Charine.
679 218 756 255 CH.
794 214 861 265 qui
899 228 963 252 me
1000 214 1190 251 reuocat?
1266 213 1338 249 EV.
1375 212 1484 261 Spes,
1518 211 1642 256 Salus,

1458 273 1643 312 Victoria.

316 351 393 390 CH.
426 348 523 399 quid
543 362 607 386 me
627 346 773 385 uoltis?
831 347 902 383 EV.
934 343 988 382 ire
1009 350 1150 381 tecum.
1212 342 1289 381 CH.
1319 339 1439 379 aliurn
1459 339 1646 378 comitem

1459 404 1645 456 quaerite,

316 495 397 520 non
417 479 603 518 amittunt
623 478 663 516 hi
684 491 748 515 me
768 475 932 515 comites
954 474 1021 525 qui
1042 480 1188 512 tenent.
1251 474 1323 511 EV.
1356 471 1424 522 qui
1445 478 1536 509 sunt
1556 470 1621 508 ei?

317 548 395 586 CH.
427 559 529 591 cura,
553 543 718 590 miseria,
740 541 956 591 aegritudo,
978 541 1186 585 lacrumae,
1208 536 1448 576 lamentatio.
1665 538 1735 580 870

258 626 297 656 30
318 614 390 650 EV.
423 609 586 661 repudia
605 609 700 647 istos
721 606 886 645 comites
906 613 1024 655 atque
1045 605 1123 642 huc
1143 602 1294 653 respice
1317 609 1354 640 et
1375 608 1583 640 reuortere.

318 677 395 716 CH.
428 674 624 725 siquidem
656 685 814 710 mecum
852 668 1017 709 fabulari
1055 667 1126 715 uis,
1162 679 1411 718 supsequere.
1487 667 1559 703 EV.
1591 672 1650 703 sta

1546 729 1647 769 ilico.

319 808 397 847 CH.
430 807 531 844 male
552 804 646 843 facis
666 808 942 854 properantem
964 799 1031 851 qui
1051 813 1115 838 me
1135 811 1391 838 commorare.
1450 797 1508 835 sol
1528 795 1620 834 abit.

321 874 393 910 Ev.
425 871 456 909 si
477 872 555 908 huc
575 869 669 907 item
690 880 875 918 properes
896 873 938 904 ut
957 865 1057 903 istuc
1077 877 1273 915 properas,
1296 861 1415 900 facias
1435 860 1578 899 rectius
1597 875 1605 898 :

322 938 399 975 huc
420 936 619 974 secundus
639 941 782 972 uentus
803 945 909 970 nunc
930 937 1011 978 est3
1042 943 1138 979 cape
1159 929 1281 966 modo
1302 924 1518 966 uorsoriam
1535 940 1543 963 ε
1670 925 1734 969 875

260 1016 301 1048 35
322 1002 385 1040 hic
407 1000 588 1039 fauonius
610 1005 800 1045 serenust‚
820 996 906 1034 istic
925 1002 1056 1034 auster
1075 992 1262 1032 imbricus
1278 1007 1287 1040 3

322 1068 386 1105 hic
406 1066 497 1105 facit
519 1064 851 1115 tranquillitatem,
874 1061 946 1100 iste
967 1059 1095 1099 omnis
1116 1060 1259 1097 fluctus
1280 1056 1444 1096 conciet.

321 1132 451 1183 recipe
472 1139 509 1170 te
529 1132 580 1169 ad
601 1137 753 1175 terram,
777 1126 960 1172 Charine,
983 1126 1061 1163 huc
1082 1138 1129 1163 ex
1148 1124 1400 1173 aduorsoque
1420 1120 1513 1159 uide
1534 1118 1596 1159 sis.

321 1197 437 1236 nubis
458 1204 540 1235 ater
560 1195 765 1244 imberque
786 1189 1110 1241 instat—aspicin
1124 1189 1247 1227 ?—ad
1268 1187 1498 1226 sinisteram.

322 1266 475 1303 caelum
496 1270 539 1301 ut
559 1269 617 1300 est
638 1260 847 1311 splendore
868 1259 1029 1308 plenum
1051 1269 1185 1294 nonne
1206 1268 1253 1292 ex
1273 1254 1444 1292 aduorso
1465 1251 1608 1290 uides?
1673 1254 1740 1288 880

261 1346 304 1377 40
324 1331 401 1369 CH.
434 1327 664 1377 religionem
693 1325 771 1363 illic
791 1321 881 1376 (mi)
900 1321 1068 1360 obiecit:
1103 1319 1290 1370 recipiam
1319 1332 1384 1356 me
1412 1317 1516 1355 illuc.
1581 1317 1652 1354 EV.

1540 1379 1653 1431 sapis.

323 1474 347 1499 o
368 1458 549 1505 Charine,
574 1464 711 1495 contra
731 1454 873 1505 pariter
893 1454 948 1491 fer
968 1452 1133 1501 gradum
1155 1456 1193 1488 et
1214 1449 1348 1488 confer
1369 1448 1527 1498 pedem,

322 1537 442 1576 porge
461 1521 702 1563 bracchium.
761 1520 838 1559 CH.
873 1516 1086 1569 prehende.
1143 1513 1221 1552 iam
1242 1514 1383 1553 tenes?
1431 1513 1504 1550 EV.
1527 1518 1653 1549 teneo.

1444 1578 1521 1616 CH.
1554 1582 1654 1614 tene.

325 1658 396 1694 Ev.
421 1668 501 1705 quo
520 1666 627 1692 nunc
643 1651 757 1691 ibas?
806 1650 884 1690 CH.
908 1647 1140 1687 exsulatum.
1193 1646 1265 1683 Ev.
1289 1642 1386 1694 quid
1407 1641 1462 1680 ibi
1482 1641 1658 1679 faceres?

1287 1709 1365 1749 CH.
1399 1707 1507 1757 quod
1528 1704 1653 1744 miser.

324 1789 396 1825 EV.
429 1788 487 1824 st!

367 1891 432 1921 866
455 1886 583 1930 (heus)
610 1887 687 1917 ilico
708 1885 834 1915 Bothe:
858 1880 957 1925 (isti)
982 1881 1060 1912 ilico
1084 1879 1222 1910 IVIueller
1244 1877 1376 1918 (Rlzez'n.
1397 1874 1485 1906 Mus.
1503 1883 1556 1914 54,
1575 1874 1658 1914 396)

324 1936 384 1974 871
415 1934 478 1963 hoc
504 1931 569 1962 cod.
599 1931 732 1970 <forma
754 1927 907 1968 antiqua)
1040 1925 1105 1963 874
1129 1923 1179 1954 vel
1200 1923 1265 1953 isto
1396 1920 1461 1959 878
1486 1918 1600 1957 recipe
1624 1921 1659 1948 te

328 1977 562 2009 Camerarius:
594 1973 736 2014 recipite
754 1971 817 2002 cod.
838 1971 873 2011 (i.
892 1969 927 2009 3)
1020 1979 1063 1999 ex
1081 1968 1155 1998 adu.
1176 1965 1239 2005 (vel
1252 1961 1562 2002 exaduorsumque)
1581 1962 1659 1992 uide

325 2023 374 2053 sis
394 2019 527 2060 scripsi:
551 2028 619 2048 non
633 2029 676 2048 ne
702 2017 772 2057 (me
793 2015 839 2053 Β)
865 2024 909 2045 ex
935 2013 1081 2043 aduorso
1113 2010 1191 2041 uide
1217 2008 1282 2040 cod.
1318 2008 1366 2047 (cf.
1397 2017 1448 2037 vv.
1480 2007 1555 2045 879,
1577 2004 1658 2045 880)

325 2067 391 2105 879
411 2069 483 2095 atra
503 2063 578 2093 Ital.
673 2059 800 2100 aspicin
826 2058 868 2098 (2)
894 2057 979 2087 Leo:
1007 2055 1119 2094 aspice
1140 2064 1208 2084 non
1230 2051 1335 2092 (PCD)
1357 2050 1407 2081 vel
1423 2050 1570 2089 aspiciae
1590 2058 1659 2079 non

328 2110 388 2150 (Β)
416 2108 480 2138 cod.
583 2106 625 2136 ad
653 2105 718 2135 sin.
747 2104 865 2145 [atque
892 2105 928 2131 ut
957 2100 1006 2138 (ut
1034 2109 1098 2129 om.
1125 2096 1170 2137 Β)
1201 2094 1305 2136 detis]
1334 2093 1397 2125 cod.
1429 2094 1507 2133 (pro
1529 2092 1566 2123 al'
1593 2102 1660 2131 que

327 2153 464 2184 uidetis.
505 2150 631 2191 Spectat
643 2148 689 2179 ad
702 2159 731 2179 v.
751 2147 836 2186 8783
862 2145 902 2176 iv.
919 2143 955 2184 5)
1044 2143 1109 2172 880
1132 2140 1314 2180 splendore
1331 2143 1382 2169 est
1395 2137 1468 2168 PCD
1545 2145 1661 2166 nonne

327 2208 394 2229 om.
419 2195 486 2226 cod.
515 2194 568 2234 (cf.
602 2204 630 2224 v.
662 2193 741 2230 8783
831 2190 881 2220 vel
904 2187 1133 2218 exaduorsum
1265 2183 1326 2213 881
1359 2182 1403 2211 mi
1431 2179 1510 2211 add.
1537 2178 1664 2210 Ritschl

276 2254 284 2263 κ
329 2242 393 2279 884
415 2239 515 2279 Quod
529 2236 593 2268 cod.
615 2237 708 2276 (corr.
721 2234 780 2274 ΒΩ)
881 2231 937 2272 qui
950 2231 1010 2262 tibi
1027 2229 1101 2260 PCD
1185 2227 1314 2258 faceres
1331 2224 1530 2255 Lachmann
1547 2235 1554 2254 :
1571 2223 1663 2254 facer

330 2285 381 2315 his
411 2284 538 2322 (facere
567 2280 620 2310 uis
648 2279 695 2319 Β)
720 2277 785 2309 cod.
879 2273 1098 2312 miser-„EV.
1127 2271 1186 2303 St!
1225 2271 1330 2312 (extra
1354 2267 1504 2310 versum)
1529 2266 1663 2307 scripsi:

331 2329 463 2359 miserst
479 2325 544 2358 cod.
566 2323 684 2365 (miser
701 2320 764 2361 B‘2)
