1742 2718
688 84 1015 123 AVLVLARIA
1464 83 1516 119 Ῑῐ.
1538 84 1584 118 iv

192 199 242 237 de
263 211 334 236 suo
354 196 478 247 tigillo
498 197 628 234 fumus
650 193 681 234 si
702 207 780 245 qua
800 192 877 232 exit
898 194 1010 231 foras.

193 263 299 314 quin,
323 276 445 312 quom
466 261 495 299 it
515 259 742 306 dormitum,
761 260 894 297 follem
917 256 1122 308 opstringit
1143 256 1195 295 ob
1216 256 1357 306 gulam.

194 330 271 366 AN.
304 328 405 377 qur?
461 327 553 365 STR.
586 338 636 363 ne
656 323 752 374 quid
773 323 928 361 animae
949 323 1048 360 forte
1067 320 1221 359 amittat
1241 319 1451 359 dormiens

195 395 271 431 AN.
304 391 475 430 etiamne
496 396 652 440 opturat
673 387 896 427 inferiorem
917 394 1125 437 gutturem,
1549 401 1585 432 25

107 473 172 510 305
193 472 243 497 ne
263 457 359 508 quid
378 455 523 494 animai
544 456 642 493 forte
661 453 815 491 amittat
835 451 1064 491 dormiens?

194 525 286 562 STR.
319 523 416 560 haec
437 519 533 558 mihi
554 527 591 558 te
613 526 654 558 ut
675 518 745 556 tibi
766 518 858 556 med
879 530 1049 567 aequom
1071 523 1139 563 est,
1163 516 1294 562 credo,
1317 515 1485 553 credere.

194 590 272 626 AN.
304 586 428 625 immo
448 586 634 636 equidem
655 584 784 622 credo.
850 583 944 621 STR.
977 581 1015 619 at
1035 581 1119 619 scin
1140 580 1259 619 etiarn
1280 580 1508 630 quomodo?

194 666 337 703 aquam
358 652 488 690 hercle
504 652 642 701 plorat,
664 662 787 699 quom
807 649 922 693 lauat,
946 647 1193 697 profundere.

194 720 272 756 AN.
304 730 449 755 censen
470 716 660 754 talentum
682 727 869 763 magnum
889 711 1037 751 exorari
1057 718 1150 762 pote
1547 719 1590 750 30

107 794 177 829 310
193 783 244 822 ab
264 782 363 821 istoc
383 795 488 827 sene,
511 787 553 818 ut
568 781 641 820 ,det
660 778 728 829 qui
749 779 889 816 fiamus
909 776 1050 815 liberi?

194 850 286 887 STR.
318 848 463 885 famem
483 846 614 883 hercle
634 844 824 882 utendam
844 841 876 880 si
896 855 1021 892 rogeS,
1042 854 1261 891 numquam
1281 838 1402 879 dabit.

194 912 290 963 quin
311 910 384 961 ipsi
404 909 557 961 pridem
578 916 714 947 tonsor
733 907 875 958 unguis
895 907 1144 956 dempserat:

195 975 375 1026 conlegit,
399 974 533 1014 omnia
552 972 713 1024 apstulit
732 970 1013 1023 praesegmina.

195 1044 273 1080 AN.
307 1041 449 1091 edepol
471 1039 676 1077 mortalem
697 1050 812 1088 parce
832 1049 995 1086 parcum
1016 1034 1229 1086 praedicas.
1552 1043 1590 1075 35

109 1116 174 1154 315
195 1108 288 1145 STR.
321 1118 467 1144 censen
487 1117 582 1142 uero
602 1104 704 1141 adeo
724 1103 796 1141 ess'
817 1113 979 1151 parcum
1000 1107 1038 1139 et
1059 1099 1197 1139 misere
1212 1097 1374 1139 uiuere?

195 1173 444 1222 pulmentum
464 1169 617 1220 pridem
638 1167 778 1218 eripuit
800 1166 834 1205 ei
854 1166 997 1204 miluos
1014 1179 1022 1203 :

195 1238 317 1275 homo
336 1236 387 1274 ad
408 1241 627 1285 praetorem
646 1232 971 1283 deplorabundus
993 1229 1102 1269 uenit
1116 1244 1127 1278 ;

196 1302 282 1341 infit
302 1301 356 1340 ibi
377 1302 574 1352 postulare
594 1300 762 1350 plorans,
786 1296 947 1342 eiulans,

197 1375 239 1406 ut
259 1366 333 1406 sibi
353 1366 486 1405 liceret
506 1364 671 1403 miluom
692 1361 880 1419 Qdarieg
998 1384 1026 1387 »ν
1163 1366 1167 1367 ’
1550 1370 1594 1401 40

111 1442 180 1477 320
197 1439 376 1470 sescenta
396 1437 487 1469 sunt
507 1442 609 1480 quae
628 1416 913 1474 memoreffis's'i
933 1425 982 1465 sit
1002 1424 1138 1464 otium.

198 1498 268 1536 sed
288 1505 374 1536 uter
393 1503 616 1535 uostrorum
636 1500 696 1532 est
715 1491 906 1531 celerior?
935 1504 1112 1530 memora
1131 1489 1239 1528 mihi.

199 1564 276 1601 AN.
309 1575 391 1613 ego,
418 1568 461 1600 ut
489 1561 614 1599 multo
644 1557 793 1597 melior.
852 1559 946 1596 STR.
978 1569 1151 1606 coquom
1180 1569 1264 1606 ego,
1293 1569 1374 1594 non
1404 1556 1528 1594 furem

1421 1635 1526 1671 rogo.

199 1695 278 1732 AN.
310 1705 483 1742 coquom
512 1704 604 1742 ergo
633 1689 735 1729 dico.
793 1691 886 1728 STR.
918 1687 1015 1739 quid
1045 1695 1086 1725 tu
1116 1687 1202 1726 ais?
1250 1688 1323 1727 Co.
1356 1686 1412 1725 sic
1441 1699 1527 1724 sum

1341 1759 1384 1790 ut
1403 1751 1526 1790 uides.

199 1824 278 1861 AN.
310 1835 460 1873 coquos
481 1821 545 1860 ille
566 1819 831 1867 nundinalest,
854 1818 894 1857 in
914 1831 1066 1857 nonum
1087 1817 1193 1857 diem
1549 1830 1589 1860 45

113 1898 177 1936 325
199 1889 299 1927 solet
318 1886 373 1926 ire
393 1894 562 1926 coetum.
621 1887 694 1926 Co.
727 1892 809 1933 tun,
831 1883 948 1922 trium
968 1884 1183 1921 litterarum
1203 1883 1342 1929 homo,

200 1966 263 1992 me
283 1952 510 2003 uituperas?
539 1953 609 1989 fur.
668 1952 747 1988 AN.
779 1948 897 1996 etiam
918 1949 992 1996 fur,
1011 1947 1225 1988 trifurcifer.
1321 1939 1329 1955 i

244 2067 305 2097 301
332 2056 455 2096 ligello,
477 2053 834 2097 ‘tzsaegum'olosstestatur
846 2053 980 2085 Nonius
998 2062 1058 2091 134
1177 2053 1243 2091 306
1267 2052 1369 2083 credo
1390 2053 1529 2083 credere

200 2101 363 2141 Pylades:
387 2101 528 2131 credere
555 2100 657 2131 credo
679 2098 746 2129 cod.
774 2098 822 2137 (ii,
843 2107 875 2137 p.
894 2097 952 2137 37)
1095 2105 1161 2136 309
1185 2101 1265 2136 pote
1281 2096 1529 2135 Kampmann:

199 2149 311 2184 potest
324 2143 391 2175 cod.
410 2143 446 2185 (i.
463 2144 497 2185 7)
638 2153 703 2181 310
726 2141 776 2172 vel
787 2145 864 2181 post
879 2141 935 2171 det
954 2139 1118 2180 distingue
1259 2149 1322 2178 312
1348 2140 1420 2179 ipse
1437 2139 1525 2170 codd.

199 2188 302 2218 Nonii
327 2197 396 2227 151,
415 2197 479 2227 273
625 2194 689 2225 315
714 2195 791 2215 esse
813 2183 870 2214 del.
891 2183 1037 2224 Seyffirt.
1061 2181 1334 2221 Redslob(L1·ter.
1355 2183 1526 2213 Centralbl.

205 2232 296 2270 1895,
309 2241 340 2270 p.
357 2233 453 2270 1761)
531 2230 691 2260 miserere
708 2239 784 2259 corr.
804 2227 928 2258 misere
941 2226 1006 2257 cod.
1022 2228 1096 2265 (pro
1113 2226 1224 2261 miser,
1239 2227 1289 2258 222.
1308 2226 1466 2257 miserum
1477 2226 1504 2267 ἕ)
1520 2237 1527 2256 :

201 2275 358 2305 miserum
385 2274 495 2314 magis
519 2273 717 2304 Plautinum
745 2281 811 2302 esse
834 2270 1037 2301 demonstrat
1068 2270 1206 2312 Seyffert

200 2319 266 2356 316
289 2328 336 2348 er.
362 2318 393 2348 ei
419 2317 522 2348 Reiz:
547 2317 579 2347 ei
605 2326 651 2346 er.
679 2314 769 2347 cod.:
795 2315 826 2345 ei
854 2314 924 2345 der.
954 2313 1147 2344 Gulielmius
1362 2318 1423 2347 317
1451 2308 1528 2347 (vid.

203 2359 384 2391 ‘Addenda
400 2363 428 2389 et
445 2359 682 2399 Cormgendffl)
889 2365 952 2394 322
975 2359 1009 2385 et
1032 2354 1171 2385 Mueller
1193 2354 1243 2396 (cf
1263 2353 1310 2386 ad
1330 2354 1428 2384 Asin.
1447 2354 1525 2392 835)

200 2413 265 2444 323
287 2412 369 2441 ergo
385 2401 578 2434 Acidalius:
603 2411 667 2441 ego
685 2399 752 2431 cod.
774 2399 817 2440 (v.
836 2408 883 2437 12,
903 2409 934 2438 p.
958 2398 1033 2439 104)
