1814 2723
222 55 275 93 11.
297 55 344 92 iii
718 53 765 91 T.
798 52 978 92 MACCI
1010 53 1214 91 PLAVTI

236 182 277 203 20
407 165 476 201 Lv.
509 163 669 213 respice,
692 176 716 200 o
737 161 790 200 mi
812 164 932 212 lepos.
993 163 1063 201 CL.
1096 175 1240 212 nempe
1260 161 1313 200 ita
1332 168 1375 200 ut
1396 168 1438 199 tu
1459 160 1555 199 mihi
1574 174 1625 200 es.
1648 172 1713 210 235

350 230 457 268 unde
483 228 557 276 hic,
580 228 735 275 amabo,
758 234 958 278 unguenta
979 228 1115 266 olent?
1172 229 1242 265 Lv.
1275 228 1327 265 oh
1348 226 1468 277 perii!
1497 239 1631 264 manu-

1395 293 1494 330 festo
1515 290 1631 329 miser

515 366 660 397 teneor.
722 371 833 396 cesso
856 365 973 408 caput
994 357 1112 408 pallio
1133 359 1344 407 detergere.

299 434 341 466 ut
372 434 410 464 te
444 426 562 463 bonu’
596 424 815 462 Mercurius
851 425 998 473 perdat,
1032 424 1244 473 myropola,
1278 421 1369 472 quia
1404 422 1502 459 haec
1536 421 1631 459 mihi

1475 485 1628 524 dedisti.

300 558 371 596 CL.
404 557 480 594 eho
507 562 548 592 tu
574 554 695 601 nihili,
719 567 818 591 cana
845 554 967 599 culex,
991 552 1056 590 uix
1082 560 1218 590 teneor
1244 551 1341 602 quin
1367 564 1469 601 quae
1489 552 1631 588 decent

1430 624 1467 654 te
1488 615 1629 662 dicam,

241 705 279 736 25
301 693 487 724 senectan
507 692 634 722 aetate
655 690 922 733 unguentatus
946 696 1015 732 per
1035 682 1129 730 uias,
1153 682 1305 732 ignaue,
1329 680 1512 719 incedis?
1653 697 1721 730 240

302 753 371 788 Lv.
405 751 470 800 pol
501 762 573 798 ego
603 748 733 786 amico
762 747 855 786 dedi
886 747 1075 797 quoidam
1107 760 1277 797 operam,
1311 747 1407 785 dum
1438 744 1532 783 emit
1567 758 1633 781 un-

861 819 1016 862 guenta.
1078 813 1148 851 CL.
1181 820 1222 850 ut
1243 812 1322 850 cito
1344 817 1609 849 commentust
1627 813 1632 846 l

300 880 444 929 ecquid
480 887 517 917 te
551 880 703 929 pudet?
761 880 830 916 Lv.
864 877 998 915 omnia
1037 890 1138 926 quae
1177 884 1218 914 tu
1258 878 1328 914 uis.
1390 876 1460 914 CL.
1492 874 1559 912 ubi
1594 873 1633 911 in

1314 942 1434 979 lustra
1455 937 1635 977 iacuisti?

303 1013 373 1048 LY.
406 1023 531 1059 egone
552 1009 591 1047 in
613 1010 761 1047 lustra?
819 1009 889 1047 CL.
923 1007 1006 1046 scio
1034 1008 1121 1057 plus
1143 1020 1261 1056 quam
1290 1013 1332 1043 tu
1354 1018 1417 1043 me
1437 1003 1632 1042 arbitrare.

913 1073 984 1110 Lv.
1016 1071 1112 1121 quid
1133 1071 1174 1109 id
1195 1072 1282 1109 est?
1312 1070 1407 1120 quid
1431 1066 1510 1122 [tu]
1531 1068 1636 1106 scis?

304 1141 375 1180 CL.
408 1148 445 1178 te
473 1153 566 1177 sene
587 1138 766 1177 omnium
788 1151 923 1176 senem
944 1135 1185 1190 (hominem)
1206 1135 1405 1174 neminem
1427 1148 1512 1173 esse
1532 1134 1635 1183 igna-

1471 1199 1633 1238 uiorem.

243 1289 286 1321 30
306 1273 412 1309 unde
432 1271 475 1318 is,
498 1270 639 1308 nihili?
668 1269 736 1308 ubi
757 1268 893 1307 fuisti?
921 1268 989 1306 ubi
1009 1267 1236 1306 lustratu's?
1264 1265 1332 1304 ubi
1354 1264 1516 1303 bibisti?
1656 1278 1721 1316 245

306 1337 442 1375 mades
469 1342 685 1374 mecastor:
722 1334 814 1372 uide
843 1333 1047 1383 palliolum
1075 1340 1117 1370 ut
1143 1335 1276 1382 rugat!
1336 1332 1405 1368 Lv.
1438 1330 1479 1368 di
1507 1342 1571 1367 me
1600 1336 1637 1366 et

1365 1403 1403 1433 te
1424 1394 1634 1439 infelicent,

413 1468 445 1505 si
465 1479 537 1516 ego
558 1466 597 1503 in
619 1479 662 1503 os
684 1478 815 1503 meum
837 1463 957 1502 hodie
977 1462 1059 1501 uini
1079 1470 1229 1512 guttam
1251 1460 1388 1499 indidi.

468 1533 538 1571 CL.
570 1530 692 1568 immo
712 1543 783 1579 age
803 1536 845 1566 ut
865 1528 975 1566 lubet
995 1527 1099 1574 bibe,
1122 1541 1174 1574 es,
1197 1526 1380 1576 disperde
1401 1539 1492 1563 rem.

307 1599 376 1636 Lv.
409 1599 496 1644 ohe,
520 1597 605 1634 iam‘
618 1594 710 1633 satis
731 1607 827 1632 uxor
846 1601 904 1632 est
920 1608 930 1641 3
958 1592 1176 1642 comprime
1196 1599 1234 1630 te
1249 1606 1259 1639 3
1287 1590 1454 1629 nimium
1474 1589 1605 1636 tinnis,
1653 1597 1787 1634 249-50

248 1681 286 1712 35
360 1662 536 1712 relinque
556 1661 802 1710 aliquantum
824 1657 1021 1705 orationis,
1045 1671 1129 1696 cras
1151 1658 1260 1707 quod
1280 1669 1437 1694 mecum
1458 1654 1594 1704 litiges.

308 1729 377 1766 sed
394 1727 489 1777 quid
506 1726 561 1765 ais
577 1728 594 1764 ?
622 1726 700 1763 iam
717 1723 905 1763 domuisti
920 1723 1109 1770 animum,
1133 1722 1263 1772 potius
1285 1729 1326 1759 ut
1343 1721 1451 1771 quod
1472 1720 1530 1758 uir
1545 1719 1639 1758 uelit

309 1792 389 1830 fieri
426 1792 465 1830 id
499 1791 617 1829 facias
652 1803 771 1840 quam
805 1790 1016 1827 aduorsere
1051 1789 1216 1826 contra?
1274 1787 1343 1825 CL.
1376 1799 1454 1835 qua
1488 1786 1538 1823 de
1571 1787 1640 1823 re?

1398 1852 1467 1888 Lv.
1499 1851 1641 1899 rogas?

309 1936 424 1972 super
444 1921 585 1960 ancilla
606 1920 761 1967 Casina,
786 1927 827 1958 ut
850 1920 963 1957 detur
984 1925 1151 1968 nuptum
1173 1924 1308 1955 nostro
1328 1915 1458 1963 uilico,

354 2029 417 2066 236
441 2030 593 2066 unguent
610 2025 747 2056 adolent
763 2023 828 2055 cod.
851 2024 1040 2065 (unguenta
1056 2023 1148 2053 olent
1161 2022 1203 2061 J)
1294 2023 1356 2059 238
1380 2021 1436 2060 qui
1454 2019 1641 2050 Lambinus

312 2082 376 2110 239
399 2071 482 2100 nihil
499 2071 553 2100 hic
571 2069 729 2100 anaculix
751 2067 816 2100 cod.
953 2078 1017 2105 240
1040 2070 1202 2097 senectan
1227 2064 1376 2095 Sclzoell:
1400 2069 1536 2095 senecta
1560 2063 1638 2102 cod.,

311 2119 420 2145 contra
438 2118 579 2144 metrum
691 2117 887 2151 unguentus
905 2111 985 2141 PBD
1001 2122 1006 2139 z
1032 2120 1109 2140 corr.
1129 2108 1175 2138 Β3
1329 2118 1389 2146 241
1417 2112 1640 2138 commentust

313 2158 466 2198 Pylades:
485 2157 737 2187 commendatus
751 2159 803 2185 est
818 2155 884 2186 cod.
899 2154 951 2195 (cf.
965 2165 992 2184 v.
1007 2154 1084 2193 240)
1141 2153 1196 2182 vix
1208 2153 1286 2182 dum
1300 2151 1411 2192 [emit]
1425 2155 1640 2190 unguenta-

314 2203 372 2232 CL.
401 2206 435 2231 ut
453 2201 519 2231 cito
538 2200 820 2230 commentatust!
935 2207 997 2235 242
1022 2208 1052 2236 q.
1069 2201 1090 2227 t.
1106 2207 1136 2226 u.
1152 2206 1171 2225 0
1197 2195 1329 2235 Geppert
1441 2204 1504 2233 243
1528 2199 1563 2225 tu
1580 2194 1637 2224 del.

256 2244 265 2254 χ
317 2245 450 2286 Geppert
560 2255 623 2282 244
648 2243 821 2273 hominem
839 2242 889 2272 vel
909 2251 1027 2271 senum
1053 2239 1128 2269 add.
1154 2237 1294 2279 Spengel
1406 2246 1468 2276 245
1493 2238 1549 2268 ubi
1572 2238 1639 2267 lus-

316 2294 423 2320 tretur
439 2288 482 2318 ibi
500 2288 576 2328 (pro
593 2287 664 2327 ubi)
681 2287 815 2317 bibatur
831 2284 918 2315 codd.
940 2284 1042 2314 Nonii
1058 2292 1118 2321 135
1266 2282 1330 2320 246
1354 2282 1468 2311 mades
1490 2280 1617 2311 Schoell
1634 2292 1640 2311 :

316 2334 414 2363 adest
423 2331 489 2363 cod.
603 2341 668 2369 250
692 2330 805 2359 tinnes
820 2328 886 2359 cod.
999 2335 1061 2365 253
1084 2335 1183 2365 quam
1200 2324 1359 2364 Pylades:
1378 2325 1524 2366 [potius]
1541 2334 1639 2363 quam

316 2375 378 2408 cod.
397 2376 446 2415 (cf.
462 2386 489 2405 v.
511 2384 594 2414 2573
619 2374 650 2404 ii.
673 2373 708 2414 2)
