1742 2718
693 104 1041 143 AMPHITRVO
1489 105 1518 143 1.
1540 105 1554 142 i

189 224 308 268 atque
329 216 420 255 hinc
440 216 575 266 fugias,
598 215 651 255 ita
671 215 735 254 uix
755 216 900 266 poteris
921 217 1100 266 ecfugere
1121 215 1388 254 infortunium.

191 284 255 321 So.
289 295 423 320 nonne
444 295 531 321 erae
553 295 664 320 meae
685 281 865 319 nuntiare
886 283 994 331 quod
1016 294 1103 319 erus
1125 282 1227 319 meu'
1248 281 1359 319 iussit
1380 280 1498 319 licet?
1543 295 1606 327 300

192 348 276 385 ΜΕ.
309 354 400 386 tuae
434 346 465 385 si
497 346 594 397 quid
626 346 685 385 uis
717 346 897 385 nuntiare
916 362 922 385 :
965 347 1067 385 hanc
1099 354 1273 384 nostram
1303 345 1411 385 adire
1441 359 1521 384 non

1381 411 1518 450 sinam.

190 490 281 516 nam
303 477 333 516 si
355 491 418 516 me
439 477 640 525 inritassis,
660 477 781 516 hodie
801 477 1093 527 lumbifragium
1114 477 1207 515 hinc
1227 478 1389 516 auferes.

102 552 169 588 455
191 543 254 580 So.
287 542 388 581 abeo
408 542 549 592 potius.
609 541 650 580 di
671 542 909 589 inmortales,
933 556 1098 593 opsecro
1120 550 1292 580 uostram
1314 543 1446 589 fidem,

191 608 257 645 ubi
270 621 343 658 ego
357 607 483 658 perii?
511 607 579 646 ubi
596 607 825 646 immutatus
843 609 960 646 sum?
987 607 1054 646 ubi
1069 620 1141 657 ego
1155 609 1320 646 formam
1338 607 1490 657 perdidi
1505 609 1521 645 ?

188 686 238 710 an
259 680 415 723 egomet
436 685 499 710 me
520 671 598 711 illic
619 672 769 722 reliqui,
792 673 823 710 si
844 674 943 710 forte
963 672 1110 711 oblitus
1131 672 1215 711 fui?
1541 683 1601 714 305

188 738 279 775 nam
320 738 549 788 hicquidem
584 751 745 776 omnem
785 738 997 789 imaginem
1033 751 1173 785 meam,
1211 751 1312 788 quae
1351 740 1518 776 antehac

1172 804 1305 850 fuerat,
1329 804 1516 853 possidet.

186 867 281 905 uiuo
302 868 343 906 fit
365 869 473 918 quod
494 881 712 918 numquam
734 867 943 918 quisquam
966 875 1122 906 mortuo
1142 868 1258 906 faciet
1279 867 1386 906 mihi.

99 935 169 975 460
187 931 254 970 ibo
274 933 323 970 ad
346 940 502 982 portum
522 941 641 983 atque
661 934 759 972 haec
780 933 836 972 uti
857 941 949 972 sunt
970 935 1071 972 facta
1091 947 1158 972 ero
1178 932 1309 971 dicam
1330 946 1420 971 meo
1436 948 1446 980 ;

185 996 259 1035 nisi
280 997 398 1036 etiarn
420 998 451 1036 is
472 1011 632 1048 quoque
653 1011 716 1036 me
737 998 955 1048 ignorabit:
986 999 1095 1048 quod
1116 998 1180 1037 ille
1201 998 1294 1036 faxit
1316 998 1504 1048 Iuppiter,

184 1069 227 1100 ut
247 1075 320 1112 ego
341 1062 461 1102 hodie
481 1076 568 1102 raso
588 1063 717 1114 capite
738 1065 871 1102 caluos
896 1063 1049 1114 capiam
1070 1063 1243 1114 pilleum.
1537 1074 1599 1105 310

679 1175 1017 1213 MERCVRIVS
1532 1171 1562 1208 ii

187 1256 270 1292 ΜΕ.
304 1256 412 1293 Bene
432 1253 730 1308 prospere[que]
752 1257 829 1294 hoc
849 1256 970 1294 hodie
990 1255 1118 1307 operis
1138 1255 1328 1306 processit
1349 1254 1469 1294 mihi:

183 1318 317 1357 amoui
337 1332 360 1357 a
380 1319 528 1358 foribus
549 1334 774 1359 maxumam
795 1320 1031 1368 molestiam,

98 1387 163 1432 465
185 1383 283 1433 patri
304 1391 346 1422 ut
367 1383 499 1422 liceret
520 1392 605 1423 tuto
626 1385 731 1423 illam
752 1385 1019 1435 amplexarier.

184 1448 262 1486 iam
283 1448 346 1487 ille
366 1448 459 1487 illuc
478 1451 529 1487 ad
550 1463 660 1488 erum
681 1463 803 1500 quom
824 1450 1159 1500 Amphitruonem
1179 1450 1394 1497 aduenerit,

183 1513 353 1552 narrabit
375 1528 531 1553 seruom
552 1515 645 1554 hinc
666 1528 751 1554 sese
771 1528 794 1553 a
813 1515 963 1554 foribus
984 1516 1136 1555 Sosiam
1304 1520 1311 1523 ”
1536 1531 1553 1563 5

181 1579 379 1618 amouisse
394 1595 404 1627 ς
433 1580 496 1619 ille
515 1582 618 1619 adeo
638 1580 748 1619 illurn
769 1580 924 1619 mentiri
946 1581 1020 1620 sibi

181 1646 326 1693 credet,
348 1659 479 1696 neque
499 1647 633 1685 credet
653 1647 730 1685 huc
751 1648 982 1697 profectum,
1006 1654 1048 1685 ut
1068 1646 1242 1686 iusserat.

95 1719 165 1754 470
182 1703 319 1748 erroris
339 1710 458 1749 ambo
479 1724 552 1761 ego
572 1711 660 1750 illos
681 1719 719 1750 et
739 1711 964 1750 dementiae

181 1775 393 1825 complebo
413 1783 532 1825 atque
553 1776 855 1827 Amphitruonis
875 1790 1036 1816 ornnem
1057 1777 1256 1825 familiam,

180 1841 283 1879 adeo
303 1853 428 1890 usque
449 1840 669 1880 satietatem
690 1843 787 1880 dum
808 1842 937 1892 capiet
956 1850 1068 1892 pater
1533 1850 1571 1874 10

181 1903 284 1943 illius
305 1906 423 1955 quam
445 1914 560 1944 amat.
619 1906 735 1956 igitur
755 1908 918 1945 demum
940 1920 1079 1946 omnes
1099 1907 1224 1946 scient

182 1982 284 2019 quae
304 1971 416 2010 facta.
475 1971 649 2021 denique
671 1973 933 2010 Alcumenam
957 1972 1135 2023 Iuppiter

95 2042 161 2079 475
182 2034 330 2085 rediget
349 2035 554 2086 antiquam
574 2037 732 2087 coniugi
752 2037 793 2075 in
814 2037 1079 2077 concordiam.

182 2113 273 2138 narn
294 2101 534 2151 Amphitruo
553 2109 730 2140 actutum
752 2103 862 2141 uxori
881 2104 1014 2142 turbas
1035 2103 1191 2143 conciet

179 2171 299 2215 atque
318 2165 561 2204 insimulabit
581 2179 668 2205 eam
690 2166 822 2217 probri
839 2182 851 2214 ,-
878 2175 962 2206 tum
984 2170 1085 2206 meu'
1106 2176 1215 2218 pater
1533 2176 1569 2209 ¹5

224 2264 285 2303 461
312 2264 392 2294 faxit
412 2263 549 2295 Servius
564 2264 611 2296 ad
625 2265 710 2296 Aen.
729 2266 760 2304 8,
774 2266 837 2305 564
855 2277 862 2297 :
887 2266 987 2298 faciat
1002 2266 1071 2298 cod.
1094 2267 1131 2307 (i.
1150 2267 1186 2307 7)
1355 2269 1420 2307 463
1444 2277 1510 2306 que

181 2305 240 2338 del.
258 2306 439 2337 Acidalius
569 2318 630 2347 471
655 2309 731 2340 Am.
751 2319 816 2340 om.
841 2309 1041 2341 Fleckeisen:
1066 2320 1130 2342 orn.
1158 2321 1221 2342 am.
1248 2311 1313 2343 cod.
1446 2320 1509 2349 475

181 2350 269 2382 coni.
298 2350 332 2381 in
357 2360 450 2382 cone.
475 2350 714 2383 Lindemann:
739 2352 773 2383 in
797 2362 892 2384 conc.
920 2354 1075 2393 coniugis
1098 2353 1163 2386 cod,
1307 2364 1369 2395 477
1395 2353 1510 2393 probri

182 2397 253 2424 tum
271 2393 400 2425 Merula
417 2405 424 2424 τ
449 2395 621 2434 probrium
638 2395 706 2428 cod.
