1742 2718
701 92 974 131 ASINARIA
1440 89 1492 126 ΙΙ.
1515 87 1560 124 ἰν

83 219 153 253 440
171 220 276 245 nunc
293 213 350 244 sat
365 204 444 256 agit
461 219 467 242 :
487 204 650 243 adducit
666 205 831 243 domum
846 202 963 241 etiam
980 202 1081 239 ultro
1098 207 1136 239 et
1152 199 1285 238 scribit
1301 212 1496 237 nummos.

172 273 324 310 Dromo
345 271 568 308 mercedem
590 269 764 307 rettulit?
823 270 881 306 L1.
915 266 1081 306 dimidio
1102 265 1232 304 minus
1253 264 1403 314 opinor.
1521 282 1559 312 35

170 338 240 375 LE.
282 336 379 386 quid
410 335 629 374 relicuom?
708 335 766 371 L1.
808 333 915 371 aibat
946 332 1110 370 reddere
1142 343 1264 380 quom
1304 330 1501 378 extemplo

1153 395 1353 434 redditum
1374 402 1475 433 esset
1490 409 1499 441 3

168 481 259 506 nam
281 466 448 513 retineri,
471 473 513 504 ut
533 465 642 515 quod
663 464 711 503 sit
732 464 806 503 sibi
827 462 955 514 operis
976 464 1149 501 locatum
1170 462 1361 499 ecficeret.

168 535 238 571 LE.
271 533 440 582 scyphos
461 544 560 581 quos
581 531 750 569 utendos
771 529 864 568 dedi
886 528 1133 574 Philodamo,
1156 525 1385 565 rettulitne?

79 606 146 643 445
170 599 229 636 L1.
253 611 334 636 non
348 597 476 636 etiarn.
519 598 589 634 LE.
613 595 705 634 he'rn
722 596 832 633 non?
862 593 893 632 si
914 592 1021 640 uelis,
1039 594 1099 639 da,
1119 592 1332 631 commoda
1347 590 1497 628 homini

1355 669 1494 693 amico.

168 730 251 767 ΜΕ.
283 727 379 779 perii
400 729 541 775 hercle,
564 727 642 765 iam
670 726 734 764 hic
754 739 818 764 me
844 723 1018 774 abegerit
1043 736 1114 762 suo
1141 722 1246 762 odio.
1308 723 1366 759 Lr.
1400 722 1497 759 heus
1517 735 1560 764 40

1230 787 1307 826 iam
1329 786 1421 825 satis
1441 793 1494 824 tu.

166 859 287 899 audin
308 873 409 910 quae
429 858 630 909 loquitur?
687 859 757 896 LE.
784 856 903 895 audio
925 863 962 894 et
984 854 1156 905 quiesco.
1217 855 1300 891 ME.
1323 853 1496 898 tandem,

1344 917 1494 967 opinor,

167 990 367 1029 conticuit.
437 1003 545 1028 nunc
573 990 714 1028 adeam
745 995 953 1038 optumum
983 994 1051 1033 est,
1084 985 1181 1036 priu'
1211 997 1330 1034 quam
1361 982 1497 1032 incipit

1341 1057 1493 1087 tinnire.

166 1133 286 1170 quam
316 1134 408 1159 mox
437 1120 491 1158 mi
522 1133 682 1171 operam
712 1121 812 1158 das?
879 1120 950 1156 LE.
983 1119 1110 1164 ehem,
1143 1123 1318 1166 optume.
1377 1127 1495 1164 quam

1033 1183 1187 1221 dudum
1208 1188 1250 1219 tu
1270 1179 1497 1219 aduenisti?

77 1261 147 1297 450
166 1264 247 1289 non
268 1251 398 1289 hercle
418 1258 457 1289 te
477 1249 727 1300 prouideram
750 1248 927 1300 (quaeso,
949 1261 1000 1286 ne
1020 1247 1118 1285 uitio
1138 1245 1300 1297 uortas),

166 1315 219 1354 ita
238 1315 440 1354 iracundia
460 1315 612 1365 opstitit
633 1313 766 1353 oculis.
828 1315 911 1352 ΜΕ.
944 1326 1025 1351 non
1047 1312 1189 1350 mirum
1209 1312 1356 1350 factum
1378 1317 1446 1349 est.
1514 1327 1555 1358 45

165 1382 235 1420 sed
251 1381 282 1420 si
298 1380 408 1420 domi
424 1389 492 1429 est,
511 1382 801 1419 Demaenetum
816 1379 1010 1418 uolebam.
1055 1379 1125 1416 LE.
1144 1384 1261 1428 negat
1276 1390 1362 1416 esse
1377 1375 1492 1415 intus.

165 1460 301 1486 uerum
323 1447 422 1486 istuc
443 1454 648 1497 argentum
670 1453 804 1484 tamen
825 1443 922 1482 mihi
942 1444 975 1482 si
995 1443 1054 1482 uis
1075 1444 1344 1490 denumerare,

164 1512 433 1563 repromittam
454 1512 554 1551 istoc
574 1510 737 1550 nomine
758 1511 928 1549 solutam
948 1522 1030 1548 rem
1051 1509 1231 1547 futuram.

78 1587 143 1624 455
166 1579 249 1616 ME.
282 1577 337 1617 sic
358 1577 487 1628 potius
508 1585 550 1616 ut
573 1580 821 1617 Demaeneto
842 1575 913 1614 tibi
934 1588 999 1614 ero
1019 1581 1225 1625 praesente
1245 1574 1419 1612 reddam.

165 1644 225 1682 L1.
257 1656 344 1682 erus
365 1643 494 1683 istunc
514 1643 627 1682 nouit
650 1651 769 1694 atque
797 1655 906 1681 erum
927 1640 1001 1679 hic.
1063 1642 1146 1678 ΜΕ.
1178 1653 1244 1678 ero
1271 1639 1364 1677 huic
1390 1652 1495 1689 prae-
1515 1652 1555 1684 50

1187 1711 1298 1743 sente
1318 1704 1491 1743 reddam.

164 1773 225 1810 L1.
257 1773 308 1811 da
328 1774 451 1812 modo
471 1786 562 1812 meo
582 1772 767 1824 periculo,
791 1786 874 1811 rem
896 1773 1046 1811 saluam
1069 1783 1141 1820 ego
1163 1769 1359 1808 exhibebo
1375 1784 1385 1817 3

163 1851 256 1876 nam
277 1838 309 1877 si
329 1838 425 1878 sciat
445 1846 578 1878 noster
597 1852 717 1877 senex
735 1839 856 1877 fidem
877 1851 959 1877 non
980 1849 1065 1876 esse
1085 1835 1178 1873 huic
1197 1834 1385 1881 habitam,

164 1911 400 1951 suscenseat,
423 1903 532 1954 quoii
552 1903 731 1942 omnium
752 1917 879 1941 rerum
902 1902 1008 1953 ipsus
1030 1913 1185 1950 semper
1205 1899 1339 1938 credit.

74 1971 145 2015 460
165 1969 235 2006 LE.
268 1982 349 2008 non
369 1968 502 2019 magni
521 1970 665 2020 pendo.
714 1982 764 2007 ne
785 1968 880 2015 duit,
904 1968 936 2007 si
957 1981 1038 2006 non
1059 1968 1153 2005 uolt.
1202 1965 1258 2004 sic
1278 1963 1363 2003 sine
1382 1971 1493 2003 astet.

164 2033 223 2071 LI.
256 2034 317 2081 da,
340 2033 513 2084 inquam.
572 2035 666 2082 uah,
692 2033 862 2072 formido
890 2032 1008 2071 miser
1036 2045 1087 2070 ne
1116 2031 1181 2070 hic
1208 2043 1273 2069 me
1300 2028 1372 2068 tibi
1398 2028 1494 2068 arbi·
1515 2043 1553 2077 55

1375 2102 1496 2133 ‘cretur

206 2213 281 2242 441,
298 2213 360 2242 447
385 2202 437 2234 vel
451 2203 555 2243 opino
682 2213 747 2242 442
770 2212 872 2242 quom
890 2200 1095 2233 Lambinus:
1121 2211 1220 2241 quam
1236 2200 1303 2232 cod.
1429 2209 1493 2240 445

161 2246 243 2277 dare
273 2246 448 2277 Fleckeisen
580 2246 637 2277 vix
666 2247 709 2277 da
740 2246 917 2276 commoda
1115 2246 1180 2284 456
1204 2255 1263 2276 ero
1293 2244 1394 2276 Ital.:
1429 2253 1493 2283 ego

161 2322 226 2354 cod.
319 2294 534 2363 praesentteem
555 2322 621 2354 cod.
643 2322 747 2362 (unde
763 2327 943 2362 praesente
963 2327 997 2353 te
1013 2319 1084 2355 232:
1110 2322 1152 2354 iv.
1174 2322 1207 2363 1)
1348 2331 1412 2361 459
1435 2321 1492 2360 qui

159 2366 225 2398 cod.
245 2366 283 2405 (i.
302 2376 328 2398 1.
348 2367 385 2407 5)
485 2367 593 2397 credit
611 2366 845 2397 Camerarius:
870 2366 1012 2396 credidit
1028 2364 1093 2396 cod.
1236 2366 1297 2405 461
1323 2366 1408 2396 uahc
1425 2363 1490 2395 cod.

162 2409 216 2451 (cf.
236 2410 298 2441 ahc
314 2411 371 2452 37)
