1814 2723
844 386 1227 435 PROLOGVS

368 534 540 571 Salutem
562 530 731 582 primum
753 529 830 568 iam
850 543 872 567 a
894 527 1087 579 principio
1106 526 1315 578 propitiam

368 596 462 635 mihi
484 604 602 646 atque
623 595 747 641 uobis,
772 601 1024 644 spectatores,
1046 592 1196 631 nuntio.

367 664 534 713 adporto
554 661 667 700 uobis
690 658 1073 709 Plautum—lingua,
1096 672 1177 697 non
1198 672 1341 696 manu:

368 742 515 778 quaeso
536 734 578 765 ut
598 725 778 776 benignis
798 724 999 775 accipiatis
1019 723 1188 763 auribus.
1211 744 1213 746 ·

330 807 347 838 5
370 807 475 831 nunc
495 799 768 842 argumentum
789 789 957 840 accipite
976 797 1095 839 atque
1114 788 1291 827 animum
1311 788 1532 837 aduortite;

370 870 489 908 quam
509 864 647 907 potero
668 855 707 893 in
729 855 851 893 uerba
871 855 1071 893 conferam
1092 853 1351 904 paucissuma.

423 930 541 973 atque
562 923 638 960 hoc
659 928 799 971 poetae
821 919 969 958 faciunt
990 918 1029 956 in
1051 918 1293 957 comoediis:

370 987 499 1027 omnis
520 1001 579 1026 res
598 994 725 1037 gestas
746 999 831 1024 esse
852 984 1020 1023 Athenis
1040 991 1261 1031 autumant,

370 1067 450 1103 quo
472 1054 567 1092 illud
588 1051 703 1090 uobis
722 1064 906 1102 graecum
926 1049 1106 1088 uideatur
1127 1048 1273 1099 magis3

314 1134 352 1156 10
371 1133 444 1168 ego
465 1131 660 1168 nusquam
681 1116 811 1155 dicam
832 1115 907 1153 nisi
927 1114 997 1153 ubi
1015 1116 1164 1152 factum
1185 1113 1337 1152 dieitur.

370 1191 489 1234 atque
509 1184 610 1222 adeo
631 1184 707 1220 hoe
727 1188 1001 1232 argumentum
1022 1178 1240 1229 graecissat‚
1264 1186 1396 1217 tamen

370 1263 450 1288 non
471 1248 669 1294 atticissat,
693 1261 829 1286 uerum
850 1244 1109 1284 sicilicissitat.

370 1314 487 1356 †huic
507 1321 738 1363 argumento
759 1311 1001 1361 antelogium
1022 1311 1098 1349 hoc
1120 1309 1242 1357 fuit†;

371 1394 477 1419 nunc
496 1386 771 1429 argumentum
791 1377 906 1416 uobis
926 1378 1161 1415 demensum
1183 1375 1300 1422 dabo,

315 1460 351 1492 15
373 1460 453 1485 non
475 1444 610 1484 modio
630 1458 759 1494 neque
780 1441 977 1489 trimodio,
1000 1455 1137 1480 uerum
1158 1440 1244 1491 ipso
1264 1442 1427 1479 horreo:

373 1519 524 1550 tantum
544 1511 596 1549 ad
616 1510 852 1548 narrandum
874 1514 1149 1558 argumentum
1169 1506 1281 1544 adest
1301 1505 1531 1556 benignitas.

425 1583 619 1615 mercator.
637 1574 799 1625 quidam
821 1573 893 1611 fuit
914 1571 1113 1622 Syracusis
1134 1585 1264 1618 senex,

371 1642 406 1681 ei
427 1648 517 1680 sunt
538 1640 618 1679 nati
639 1639 706 1678 filii
726 1638 872 1689 gemini
893 1639 986 1684 duo,

372 1708 425 1746 ita
445 1709 569 1746 forma
589 1705 705 1744 simili
726 1703 858 1755 puerei
880 1703 936 1742 uti
957 1710 1080 1743 mater
1100 1717 1171 1742 sua

314 1788 353 1811 20
373 1787 452 1812 non
473 1772 690 1811 internosse
710 1777 843 1821 posset
863 1783 965 1821 quae
985 1783 1199 1808 mammam
1220 1769 1349 1815 dabat,

372 1851 502 1888 neque
521 1838 623 1876 adeo
643 1843 766 1874 mater
787 1835 872 1886 ipsa
892 1848 994 1885 quae
1014 1834 1101 1873 illos
1122 1840 1334 1884 pepererat,

371 1903 430 1954 (ut
451 1903 612 1954 quidem
633 1902 697 1941 ille
718 1901 817 1941 dixit
838 1900 933 1940 mihi
955 1900 1022 1951 qui
1043 1913 1184 1951 pueros
1204 1898 1379 1937 uiderat:

371 1982 444 2019 ego
464 1968 551 2007 ill6s
572 1981 653 2007 non
674 1967 768 2015 uidi,
792 1981 842 2005 ne
864 1965 951 2017 quis
972 1972 1149 2004 uostrum
1170 1962 1358 2013 censeat).

372 2040 582 2084 postquam
603 2033 681 2071 iam
702 2032 812 2083 pueri
832 2038 1069 2082 septuennes
1090 2036 1189 2074 sunt,
1212 2035 1322 2077 pater

314 2115 353 2148 25
373 2098 551 2138 onerauit
571 2099 705 2137 nauim
726 2110 909 2148 magnam
931 2094 1063 2133 multis
1084 2092 1278 2132 mercibus
1292 2107 1303 2140 3

373 2161 540 2213 imponit
560 2161 762 2212 geminum
781 2160 946 2198 alterurn
967 2157 1007 2195 in
1027 2156 1159 2195 nauim
1181 2162 1299 2206 pater,

417 2267 437 2297 8
461 2275 581 2297 omnes
597 2264 671 2295 Ital.

374 2315 489 2342 mento
502 2308 609 2349 Bergk

374 2352 478 2397 (fini)
494 2353 554 2384 fuit

836 2273 857 2302 9
880 2261 979 2292 uobis
995 2260 1076 2290 illud
1093 2257 1235 2299 Pylades
1384 2267 1421 2297 13
1444 2253 1590 2299 (igitur)
1606 2266 1702 2295 argu·

734 2306 796 2337 fuit
812 2303 993 2348 (interim)
1003 2300 1130 2335 Schoell
1141 2301 1333 2343 (exAuson,
1347 2305 1394 2341 ep.
1412 2302 1451 2331 16
1462 2300 1584 2341 praef.)
1601 2300 1702 2340 :fort.

690 2351 729 2381 16
751 2354 843 2380 tanta
859 2348 933 2380 Ital.

1069 2348 1112 2377 26
1135 2345 1347 2386 geminorum
1363 2343 1544 2375 Hermann

1722 1126 1765 1152 10

1724 1456 1763 1492 15

1722 1775 1767 1800 20

1722 2102 1763 2139 25
