1742 2718
688 95 960 132 ASINARIA
1408 100 1481 134 ΙΙΙ.
1508 99 1535 134 ii

161 207 219 243 L1.
252 205 328 244 iam
349 205 488 244 omitte
509 205 642 251 istaec,
664 205 739 242 hoc
760 206 868 254 quod
894 218 987 255 rogo
1008 208 1212 255 responde.
1274 208 1343 244 LE.
1367 207 1488 257 rogita

1287 273 1395 320 quod
1416 271 1484 310 uis.

162 338 219 374 L1.
242 335 388 385 argenti
412 334 549 384 uiginti
571 334 696 373 minas
717 335 925 373 habesne?
982 337 1050 373 LE.
1085 335 1283 374 hariolare.

75 405 140 447 580
159 402 300 450 edepol
322 414 455 438 senem
480 402 771 438 Demaenetum
793 400 969 450 lepidum
991 400 1108 439 fuisse
1129 400 1267 439 nobis:

159 472 201 503 ut
221 465 483 504 adsimulabat
504 467 691 503 Sauream
713 466 805 502 med
826 478 911 503 esse
931 478 1049 514 quam
1071 466 1196 503 facete
1213 468 1221 503 ἒ
1508 482 1545 513 35

158 530 275 568 nimis
294 544 408 580 aegre
427 530 547 567 risum
568 529 729 576 contim',
753 529 821 568 ubi
842 529 1038 579 hospitem
1059 529 1298 577 inclamauit,

159 596 266 645 quod
288 593 407 646 se(se>
425 602 589 645 apsente
609 594 706 632 mihi
728 594 847 633 fidem
868 595 1013 633 habere
1033 594 1232 634 noluisset.

159 668 200 698 ut
222 659 445 698 memoriter
465 673 529 698 me
550 661 736 697 Sauream
758 660 927 697 uocabat
945 659 1153 698 atriensem
1172 662 1179 698 !

71 728 135 771 585
160 727 218 763 L1.
251 726 475 763 manedum.
537 726 607 762 LE.
640 724 736 774 quid
757 726 845 763 est?
902 726 962 762 L1.
997 724 1242 764 Philaenium
1265 733 1375 765 estne
1391 728 1488 765 haec

1025 803 1127 839 quae
1147 789 1251 828 intus
1272 791 1349 829 exit
1369 799 1488 841 atque

157 869 235 893 una
255 854 525 905 Argyrippus?
555 856 625 892 LE.
659 853 837 904 opprime
858 868 912 900 05,
937 853 967 891 is
991 862 1059 892 est.
1119 855 1471 894 subauscultemus.
1507 875 1549 905 40

159 922 217 957 L1.
250 921 533 958 lacrumantem
573 918 713 957 lacinia
748 926 854 957 tenet
889 920 1118 958 lacrumans
1178 920 1368 969 quidnam
1402 935 1487 959 esse

1328 986 1457 1024 dicam
1472 989 1489 1025 ?

158 1050 263 1089 taciti
296 1052 573 1089 auscultemus.
635 1052 704 1088 LE.
737 1057 892 1097 attatae,
930 1051 1051 1088 modo
1086 1052 1215 1089 hercle
1245 1050 1283 1088 in
1314 1059 1486 1090 mentem

1367 1118 1486 1165 uenit,

157 1181 263 1220 nimi’
297 1183 439 1220 uellem
475 1182 619 1220 habere
659 1181 857 1232 perticam.
929 1184 989 1220 L1.
1022 1182 1116 1232 quoi
1155 1182 1237 1220 rei?
1309 1185 1377 1220 LE.
1421 1182 1487 1233 qui

1241 1249 1486 1288 uerberarem

71 1320 139 1356 590
156 1312 297 1360 asinos,
321 1312 352 1350 si
374 1315 471 1351 forte
492 1312 718 1363 occeperint
738 1314 907 1352 clamare
928 1313 1020 1351 hinc
1041 1328 1088 1351 ex
1108 1313 1294 1352 crumina.

209 1482 573 1518 ARGYRIPPVS
685 1481 1056 1517 PHJLAEvasr
1171 1482 1420 1523 LrssA·st
1504 1480 1547 1516 iii

690 1546 949 1582 LEONIDA

153 1639 257 1676 ARG.
288 1639 373 1686 Qur
393 1651 456 1675 me
476 1639 674 1675 retentas?
732 1638 805 1674 PH.
830 1636 922 1686 quia
941 1638 998 1674 tu1'
1017 1650 1154 1675 amans
1174 1638 1355 1676 abeuntis
1376 1653 1484 1689 egeo.

152 1704 257 1740 ARG.
290 1704 387 1749 uale,
409 1701 540 1754 (nale).
602 1704 676 1740 PH.
707 1702 910 1752 aliquanto
940 1702 1109 1752 amplius
1141 1704 1323 1751 ualerem,
1356 1703 1387 1742 si
1420 1704 1484 1742 hic

1291 1782 1480 1807 maneres.

154 1833 258 1870 ARG.
290 1833 407 1870 salue.
469 1834 542 1870 PH.
575 1834 725 1871 saluere
759 1846 822 1871 me
851 1831 976 1880 iubes,
1007 1832 1101 1882 quoi
1130 1840 1172 1870 tu
1201 1832 1338 1871 abiens
1368 1836 1482 1873 offers

1270 1899 1451 1937 morbum
1468 1902 1484 1938 ?

154 1964 258 2000 ARG.
291 1970 414 2001 mater
434 1977 657 2013 supremam
679 1963 775 2000 mihi
797 1970 864 2001 tua
883 1962 990 2010 dixit,
1013 1965 1178 2002 domum
1200 1963 1253 2002 ire
1274 1964 1394 2003 iussit.

196 2067 259 2106 578
284 2067 388 2097 istaec
407 2065 558 2097 Schmidt
576 2067 628 2107 (cf.
648 2067 696 2097 ad
708 2067 837 2107 Amph.
851 2068 931 2106 589]
948 2079 955 2098 :
972 2067 1036 2098 ista
1053 2072 1154 2107 atque
1171 2068 1236 2099 cod.
1300 2070 1435 2109 quiduis
1451 2070 1486 2100 D

153 2119 218 2149 579
235 2113 311 2150 post
326 2111 397 2142 har.
414 2110 475 2141 alii
489 2121 555 2140 non
572 2110 781 2151 dsttz'nguzmt
867 2112 928 2149 581
955 2121 1055 2150 quem
1072 2111 1136 2142 cod.
1244 2114 1307 2151 582
1333 2114 1482 2144 continui

152 2152 217 2184 cod.
252 2153 303 2193 (cf
327 2153 434 2184 Harv.
453 2153 550 2184 Stud.
570 2165 601 2193 9,
625 2155 700 2193 127)
843 2156 951 2192 585-6
975 2155 1046 2185 exit
1069 2154 1182 2194 Atque
1205 2166 1276 2194 arg.
1304 2167 1370 2186 una
1395 2157 1482 2188 cod.:

152 2206 230 2227 corr.
255 2196 359 2227 Bothe
460 2197 524 2236 588
547 2197 648 2228 tacite
666 2196 728 2227 cod.
750 2209 757 2227 :
781 2207 857 2227 corr.
876 2197 1056 2228 Abraham
1070 2198 1232 2229 Stnd.Pl.
1255 2201 1315 2230 182
1418 2201 1482 2239 589

168 2238 213 2265 cui
1120 2241 1164 2267 cui

151 2274 229 2312 quoi
246 2273 312 2305 cod.
328 2274 374 2313 (v,
387 2284 418 2314 p.
435 2274 494 2314 80)
621 2284 685 2313 592
710 2273 784 2304 uale
802 2273 918 2304 addidi
1013 2284 1078 2314 593
1103 2276 1181 2314 quoi
1197 2276 1264 2307 cod.
1286 2276 1386 2318 (unde
1401 2276 1479 2316 quoi

150 2315 184 2345 Β
191 2316 211 2354 ¹,
230 2317 281 2347 eui
293 2316 389 2357 B2D,
409 2317 488 2357 quoi
500 2317 552 2348 eui
564 2317 610 2357 E)
629 2318 675 2359 (v,
695 2328 726 2358 p.
746 2317 804 2357 80)
916 2318 1018 2348 affers
1034 2318 1107 2349 Ital.
1250 2329 1314 2360 594
1338 2330 1478 2360 suppre-

150 2369 238 2391 mum
257 2360 322 2392 cod.
339 2372 345 2389 :
371 2371 446 2391 corr.
473 2361 642 2392 Turnebus
746 2365 803 2391 tua
820 2360 900 2391 mihi
917 2360 1050 2392 Loman
