<?xml version="1.0" encoding="UTF-8"?>
<!DOCTYPE html PUBLIC "-//W3C//DTD XHTML 1.0 Transitional//EN"
    "http://www.w3.org/TR/xhtml1/DTD/xhtml1-transitional.dtd">
<html xmlns="http://www.w3.org/1999/xhtml" xml:lang="en" lang="en">
 <head>
  <title>
</title>
<meta http-equiv="Content-Type" content="text/html;charset=utf-8" />
  <meta name='ocr-system' content='tesseract 3.04.00' />
  <meta name='ocr-capabilities' content='ocr_page ocr_carea ocr_par ocr_line ocrx_word'/>
</head>
<body>
  <div class='ocr_page' id='page_1' title='image "./tmacciplauticomo01plauuoft_0182.png"; bbox 0 0 1814 2723; ppageno 0'>
   <div class='ocr_carea' id='block_1_1' title="bbox 194 53 1208 96">
    <p class='ocr_par' dir='ltr' id='par_1_1' title="bbox 194 53 1208 96">
     <span class='ocr_line' id='line_1_1' title="bbox 194 53 1208 96; baseline 0.003 -5"><span class='ocrx_word' id='word_1_1' title='bbox 194 53 271 91; x_wconf 89' lang='grc' dir='ltr'><strong>ΙΙΙ.</strong></span> <span class='ocrx_word' id='word_1_2' title='bbox 293 55 339 92; x_wconf 82' lang='lat' dir='ltr'><strong>iii</strong></span> <span class='ocrx_word' id='word_1_3' title='bbox 711 57 757 95; x_wconf 88' lang='lat' dir='ltr'><strong>T.</strong></span> <span class='ocrx_word' id='word_1_4' title='bbox 792 55 972 96; x_wconf 89' lang='lat' dir='ltr'>MACCI</span> <span class='ocrx_word' id='word_1_5' title='bbox 1004 56 1208 95; x_wconf 90' lang='lat' dir='ltr'>PLAVTI</span> 
     </span>
    </p>
   </div>
   <div class='ocr_carea' id='block_1_2' title="bbox 231 166 1708 2044">
    <p class='ocr_par' dir='ltr' id='par_1_2' title="bbox 231 166 1708 2044">
     <span class='ocr_line' id='line_1_2' title="bbox 295 166 1708 219; baseline 0.001 -15"><span class='ocrx_word' id='word_1_6' title='bbox 295 168 381 205; x_wconf 86' lang='lat' dir='ltr'><strong>MN.</strong></span> <span class='ocrx_word' id='word_1_7' title='bbox 415 166 511 218; x_wconf 90' lang='lat' dir='ltr'><strong>quid</strong></span> <span class='ocrx_word' id='word_1_8' title='bbox 544 169 691 207; x_wconf 91' lang='lat' dir='ltr'><strong>factum</strong></span> <span class='ocrx_word' id='word_1_9' title='bbox 726 170 815 207; x_wconf 86' lang='lat' dir='ltr'><strong>est?</strong></span> <span class='ocrx_word' id='word_1_10' title='bbox 873 170 942 207; x_wconf 83' lang='lat' dir='ltr'><strong>LY.</strong></span> <span class='ocrx_word' id='word_1_11' title='bbox 975 168 1219 208; x_wconf 81' lang='lat' dir='ltr'><strong>meretricem</strong></span> <span class='ocrx_word' id='word_1_12' title='bbox 1257 168 1418 219; x_wconf 82' lang='lat' dir='ltr'><strong>indigne</strong></span> <span class='ocrx_word' id='word_1_13' title='bbox 1456 168 1617 218; x_wconf 91' lang='lat' dir='ltr'><strong>deperit.</strong></span> <span class='ocrx_word' id='word_1_14' title='bbox 1638 180 1708 216; x_wconf 88' lang='lat'><strong>470</strong></span> 
     </span>
     <span class='ocr_line' id='line_1_3' title="bbox 1200 235 1622 272; baseline 0.002 -1"><span class='ocrx_word' id='word_1_15' title='bbox 1200 235 1287 272; x_wconf 86' lang='lat' dir='ltr'><strong>MN.</strong></span> <span class='ocrx_word' id='word_1_16' title='bbox 1320 247 1401 272; x_wconf 92' lang='lat' dir='ltr'><strong>non</strong></span> <span class='ocrx_word' id='word_1_17' title='bbox 1422 240 1463 272; x_wconf 88' lang='lat' dir='ltr'><strong>tu</strong></span> <span class='ocrx_word' id='word_1_18' title='bbox 1485 235 1622 272; x_wconf 90' lang='lat' dir='ltr'><strong>taces?</strong></span> 
     </span>
     <span class='ocr_line' id='line_1_4' title="bbox 294 297 1618 349; baseline 0.002 -15"><span class='ocrx_word' id='word_1_19' title='bbox 294 297 364 335; x_wconf 77' lang='lat' dir='ltr'><strong>Lv.</strong></span> <span class='ocrx_word' id='word_1_20' title='bbox 396 305 515 349; x_wconf 87' lang='lat' dir='ltr'><strong>atque</strong></span> <span class='ocrx_word' id='word_1_21' title='bbox 535 311 736 338; x_wconf 83' lang='lat' dir='ltr'><strong>acerrume</strong></span> <span class='ocrx_word' id='word_1_22' title='bbox 756 306 1002 337; x_wconf 89' lang='lat' dir='ltr'><strong>aestuosam:</strong></span> <span class='ocrx_word' id='word_1_23' title='bbox 1033 299 1217 349; x_wconf 91' lang='lat' dir='ltr'><strong>apsorbet</strong></span> <span class='ocrx_word' id='word_1_24' title='bbox 1247 298 1315 337; x_wconf 90' lang='lat' dir='ltr'><strong>ubi</strong></span> <span class='ocrx_word' id='word_1_25' title='bbox 1342 311 1540 348; x_wconf 86' lang='lat' dir='ltr'><strong>quemque</strong></span> <span class='ocrx_word' id='word_1_26' title='bbox 1569 306 1618 336; x_wconf 88' lang='lat' dir='ltr'><strong>at-</strong></span> 
     </span>
     <span class='ocr_line' id='line_1_5' title="bbox 1524 363 1621 414; baseline 0.01 -13"><span class='ocrx_word' id='word_1_27' title='bbox 1524 363 1621 414; x_wconf 82' lang='lat' dir='ltr'><strong>tigit.</strong></span> 
     </span>
     <span class='ocr_line' id='line_1_6' title="bbox 294 429 1621 468; baseline 0 -2"><span class='ocrx_word' id='word_1_28' title='bbox 294 430 380 466; x_wconf 87' lang='lat' dir='ltr'><strong>MN.</strong></span> <span class='ocrx_word' id='word_1_29' title='bbox 413 429 480 467; x_wconf 89' lang='lat' dir='ltr'><strong>ubi</strong></span> <span class='ocrx_word' id='word_1_30' title='bbox 502 430 547 468; x_wconf 79' lang='lat' dir='ltr'><strong>ea</strong></span> <span class='ocrx_word' id='word_1_31' title='bbox 568 429 706 468; x_wconf 93' lang='lat' dir='ltr'><strong>mulier</strong></span> <span class='ocrx_word' id='word_1_32' title='bbox 726 429 906 468; x_wconf 87' lang='lat' dir='ltr'><strong>habitat?</strong></span> <span class='ocrx_word' id='word_1_33' title='bbox 964 431 1032 467; x_wconf 73' lang='lat' dir='ltr'><strong>LV.</strong></span> <span class='ocrx_word' id='word_1_34' title='bbox 1056 429 1129 467; x_wconf 89' lang='lat' dir='ltr'><strong>hic.</strong></span> <span class='ocrx_word' id='word_1_35' title='bbox 1191 431 1278 467; x_wconf 83' lang='lat' dir='ltr'><strong>MN.</strong></span> <span class='ocrx_word' id='word_1_36' title='bbox 1303 430 1408 467; x_wconf 88' lang='lat' dir='ltr'><strong>unde</strong></span> <span class='ocrx_word' id='word_1_37' title='bbox 1429 442 1516 467; x_wconf 89' lang='lat' dir='ltr'><strong>eam</strong></span> <span class='ocrx_word' id='word_1_38' title='bbox 1537 441 1621 467; x_wconf 87' lang='lat' dir='ltr'><strong>esse</strong></span> 
     </span>
     <span class='ocr_line' id='line_1_7' title="bbox 1125 494 1618 532; baseline -0.004 0"><span class='ocrx_word' id='word_1_39' title='bbox 1125 494 1264 532; x_wconf 86' lang='lat' dir='ltr'><strong>aiunt?</strong></span> <span class='ocrx_word' id='word_1_40' title='bbox 1323 496 1391 531; x_wconf 72' lang='lat' dir='ltr'><strong>Lv.</strong></span> <span class='ocrx_word' id='word_1_41' title='bbox 1424 507 1470 531; x_wconf 86' lang='lat' dir='ltr'><strong>ex</strong></span> <span class='ocrx_word' id='word_1_42' title='bbox 1491 494 1618 531; x_wconf 88' lang='lat' dir='ltr'><strong>Samo.</strong></span> 
     </span>
     <span class='ocr_line' id='line_1_8' title="bbox 296 558 1621 608; baseline 0 -13"><span class='ocrx_word' id='word_1_43' title='bbox 296 560 381 596; x_wconf 86' lang='lat' dir='ltr'><strong>MN.</strong></span> <span class='ocrx_word' id='word_1_44' title='bbox 415 571 515 608; x_wconf 88' lang='lat' dir='ltr'><strong>quae</strong></span> <span class='ocrx_word' id='word_1_45' title='bbox 537 561 729 598; x_wconf 84' lang='lat' dir='ltr'><strong>uocatur?</strong></span> <span class='ocrx_word' id='word_1_46' title='bbox 786 561 855 597; x_wconf 77' lang='lat' dir='ltr'><strong>Lv.</strong></span> <span class='ocrx_word' id='word_1_47' title='bbox 890 558 1066 596; x_wconf 81' lang='lat' dir='ltr'>Bacchis.</span> <span class='ocrx_word' id='word_1_48' title='bbox 1129 560 1215 596; x_wconf 87' lang='lat' dir='ltr'><strong>MN.</strong></span> <span class='ocrx_word' id='word_1_49' title='bbox 1249 571 1360 605; x_wconf 88' lang='lat' dir='ltr'><strong>erras,</strong></span> <span class='ocrx_word' id='word_1_50' title='bbox 1386 559 1495 608; x_wconf 87' lang='lat' dir='ltr'><strong>Lyde</strong></span> <span class='ocrx_word' id='word_1_51' title='bbox 1513 573 1519 595; x_wconf 94' lang='lat'><strong>:</strong></span> <span class='ocrx_word' id='word_1_52' title='bbox 1549 571 1621 607; x_wconf 90' lang='lat' dir='ltr'><strong>ego</strong></span> 
     </span>
     <span class='ocr_line' id='line_1_9' title="bbox 1256 623 1622 662; baseline -0.003 0"><span class='ocrx_word' id='word_1_53' title='bbox 1256 637 1416 662; x_wconf 89' lang='lat' dir='ltr'><strong>omnem</strong></span> <span class='ocrx_word' id='word_1_54' title='bbox 1438 637 1519 661; x_wconf 93' lang='lat' dir='ltr'><strong>rem</strong></span> <span class='ocrx_word' id='word_1_55' title='bbox 1541 623 1622 661; x_wconf 88' lang='lat' dir='ltr'><strong>scio</strong></span> 
     </span>
     <span class='ocr_line' id='line_1_10' title="bbox 235 688 1621 738; baseline -0.001 -12"><span class='ocrx_word' id='word_1_56' title='bbox 235 698 275 733; x_wconf 76' lang='lat'><strong>70</strong></span> <span class='ocrx_word' id='word_1_57' title='bbox 294 701 412 738; x_wconf 87' lang='lat' dir='ltr'><strong>quem</strong></span> <span class='ocrx_word' id='word_1_58' title='bbox 437 690 487 728; x_wconf 89' lang='lat' dir='ltr'><strong>ad</strong></span> <span class='ocrx_word' id='word_1_59' title='bbox 518 691 729 729; x_wconf 89' lang='lat' dir='ltr'><strong>modumst.</strong></span> <span class='ocrx_word' id='word_1_60' title='bbox 790 698 830 728; x_wconf 93' lang='lat' dir='ltr'><strong>tu</strong></span> <span class='ocrx_word' id='word_1_61' title='bbox 864 689 1119 727; x_wconf 81' lang='lat' dir='ltr'><strong>Pistoclerum</strong></span> <span class='ocrx_word' id='word_1_62' title='bbox 1150 690 1247 727; x_wconf 89' lang='lat' dir='ltr'><strong>falso</strong></span> <span class='ocrx_word' id='word_1_63' title='bbox 1276 696 1394 738; x_wconf 88' lang='lat' dir='ltr'><strong>atque</strong></span> <span class='ocrx_word' id='word_1_64' title='bbox 1424 688 1621 726; x_wconf 84' lang='lat' dir='ltr'><strong>insontem</strong></span> 
     </span>
     <span class='ocr_line' id='line_1_11' title="bbox 1480 752 1617 802; baseline 0.007 -12"><span class='ocrx_word' id='word_1_65' title='bbox 1480 752 1617 802; x_wconf 81' lang='lat' dir='ltr'><strong>arguis.</strong></span> 
     </span>
     <span class='ocr_line' id='line_1_12' title="bbox 292 819 1705 860; baseline 0.002 -4"><span class='ocrx_word' id='word_1_66' title='bbox 292 833 381 857; x_wconf 91' lang='lat' dir='ltr'><strong>nam</strong></span> <span class='ocrx_word' id='word_1_67' title='bbox 404 820 467 858; x_wconf 90' lang='lat' dir='ltr'><strong>ille</strong></span> <span class='ocrx_word' id='word_1_68' title='bbox 488 820 616 859; x_wconf 92' lang='lat' dir='ltr'><strong>amico</strong></span> <span class='ocrx_word' id='word_1_69' title='bbox 637 828 675 859; x_wconf 88' lang='lat' dir='ltr'><strong>et</strong></span> <span class='ocrx_word' id='word_1_70' title='bbox 697 820 949 859; x_wconf 89' lang='lat' dir='ltr'><strong>beneuolenti</strong></span> <span class='ocrx_word' id='word_1_71' title='bbox 970 832 1042 858; x_wconf 89' lang='lat' dir='ltr'><strong>suo</strong></span> <span class='ocrx_word' id='word_1_72' title='bbox 1062 819 1187 858; x_wconf 87' lang='lat' dir='ltr'><strong>sodali</strong></span> <span class='ocrx_word' id='word_1_73' title='bbox 1208 820 1346 857; x_wconf 90' lang='lat' dir='ltr'><strong>sedulo</strong></span> <span class='ocrx_word' id='word_1_74' title='bbox 1638 824 1705 860; x_wconf 83' lang='lat'><strong>475</strong></span> 
     </span>
     <span class='ocr_line' id='line_1_13' title="bbox 292 883 1617 935; baseline -0.001 -14"><span class='ocrx_word' id='word_1_75' title='bbox 292 897 372 922; x_wconf 91' lang='lat' dir='ltr'><strong>rem</strong></span> <span class='ocrx_word' id='word_1_76' title='bbox 390 886 616 924; x_wconf 87' lang='lat' dir='ltr'><strong>mandatam</strong></span> <span class='ocrx_word' id='word_1_77' title='bbox 631 885 863 935; x_wconf 85' lang='lat' dir='ltr'><strong>exsequitur.</strong></span> <span class='ocrx_word' id='word_1_78' title='bbox 909 885 1016 935; x_wconf 89' lang='lat' dir='ltr'><strong>ipsus</strong></span> <span class='ocrx_word' id='word_1_79' title='bbox 1033 898 1162 934; x_wconf 88' lang='lat' dir='ltr'><strong>neque</strong></span> <span class='ocrx_word' id='word_1_80' title='bbox 1177 891 1282 922; x_wconf 87' lang='lat' dir='ltr'><strong>amat</strong></span> <span class='ocrx_word' id='word_1_81' title='bbox 1296 897 1369 921; x_wconf 90' lang='lat' dir='ltr'><strong>nec</strong></span> <span class='ocrx_word' id='word_1_82' title='bbox 1385 890 1427 921; x_wconf 88' lang='lat' dir='ltr'><strong>tu</strong></span> <span class='ocrx_word' id='word_1_83' title='bbox 1443 883 1617 921; x_wconf 88' lang='lat' dir='ltr'><strong>creduas.</strong></span> 
     </span>
     <span class='ocr_line' id='line_1_14' title="bbox 294 948 1482 1001; baseline -0.001 -14"><span class='ocrx_word' id='word_1_84' title='bbox 294 951 363 987; x_wconf 79' lang='lat' dir='ltr'><strong>Lv.</strong></span> <span class='ocrx_word' id='word_1_85' title='bbox 395 949 500 988; x_wconf 89' lang='lat' dir='ltr'><strong>itane</strong></span> <span class='ocrx_word' id='word_1_86' title='bbox 520 958 674 1001; x_wconf 86' lang='lat' dir='ltr'><strong>oportet</strong></span> <span class='ocrx_word' id='word_1_87' title='bbox 694 964 776 989; x_wconf 91' lang='lat' dir='ltr'><strong>rem</strong></span> <span class='ocrx_word' id='word_1_88' title='bbox 798 952 1025 989; x_wconf 89' lang='lat' dir='ltr'><strong>mandatam</strong></span> <span class='ocrx_word' id='word_1_89' title='bbox 1046 963 1177 999; x_wconf 86' lang='lat' dir='ltr'><strong>gerere</strong></span> <span class='ocrx_word' id='word_1_90' title='bbox 1196 948 1312 987; x_wconf 92' lang='lat' dir='ltr'><strong>amici</strong></span> <span class='ocrx_word' id='word_1_91' title='bbox 1333 950 1482 995; x_wconf 88' lang='lat' dir='ltr'><strong>sedulo,</strong></span> 
     </span>
     <span class='ocr_line' id='line_1_15' title="bbox 293 1014 1527 1066; baseline -0.001 -14"><span class='ocrx_word' id='word_1_92' title='bbox 293 1021 334 1052; x_wconf 93' lang='lat' dir='ltr'><strong>ut</strong></span> <span class='ocrx_word' id='word_1_93' title='bbox 355 1014 461 1065; x_wconf 89' lang='lat' dir='ltr'><strong>ipsus</strong></span> <span class='ocrx_word' id='word_1_94' title='bbox 481 1017 726 1055; x_wconf 79' lang='lat' dir='ltr'><strong>osculantem</strong></span> <span class='ocrx_word' id='word_1_95' title='bbox 749 1016 787 1052; x_wconf 91' lang='lat' dir='ltr'><strong>in</strong></span> <span class='ocrx_word' id='word_1_96' title='bbox 808 1016 956 1066; x_wconf 88' lang='lat' dir='ltr'><strong>gremio</strong></span> <span class='ocrx_word' id='word_1_97' title='bbox 978 1014 1182 1053; x_wconf 88' lang='lat' dir='ltr'><strong>mulierem</strong></span> <span class='ocrx_word' id='word_1_98' title='bbox 1203 1022 1334 1053; x_wconf 89' lang='lat' dir='ltr'><strong>teneat</strong></span> <span class='ocrx_word' id='word_1_99' title='bbox 1355 1015 1527 1053; x_wconf 87' lang='lat' dir='ltr'><strong>sedens?</strong></span> 
     </span>
     <span class='ocr_line' id='line_1_16' title="bbox 234 1079 1431 1130; baseline 0.002 -15"><span class='ocrx_word' id='word_1_100' title='bbox 234 1089 272 1124; x_wconf 85' lang='lat'><strong>75</strong></span> <span class='ocrx_word' id='word_1_101' title='bbox 292 1080 429 1116; x_wconf 89' lang='lat' dir='ltr'><strong>nullon</strong></span> <span class='ocrx_word' id='word_1_102' title='bbox 450 1088 566 1129; x_wconf 87' lang='lat' dir='ltr'><strong>pacto</strong></span> <span class='ocrx_word' id='word_1_103' title='bbox 587 1094 647 1118; x_wconf 90' lang='lat' dir='ltr'><strong>res</strong></span> <span class='ocrx_word' id='word_1_104' title='bbox 667 1081 854 1118; x_wconf 87' lang='lat' dir='ltr'><strong>mandata</strong></span> <span class='ocrx_word' id='word_1_105' title='bbox 874 1088 1003 1130; x_wconf 91' lang='lat' dir='ltr'><strong>potest</strong></span> <span class='ocrx_word' id='word_1_106' title='bbox 1023 1080 1095 1130; x_wconf 86' lang='lat' dir='ltr'><strong>agi,</strong></span> <span class='ocrx_word' id='word_1_107' title='bbox 1118 1079 1192 1118; x_wconf 90' lang='lat' dir='ltr'><strong>nisi</strong></span> <span class='ocrx_word' id='word_1_108' title='bbox 1213 1079 1431 1118; x_wconf 90' lang='lat' dir='ltr'><strong>identidem</strong></span> 
     </span>
     <span class='ocr_line' id='line_1_17' title="bbox 293 1145 1708 1196; baseline 0.001 -15"><span class='ocrx_word' id='word_1_109' title='bbox 293 1157 432 1182; x_wconf 91' lang='lat' dir='ltr'><strong>manus</strong></span> <span class='ocrx_word' id='word_1_110' title='bbox 452 1146 549 1183; x_wconf 89' lang='lat' dir='ltr'><strong>ferat</strong></span> <span class='ocrx_word' id='word_1_111' title='bbox 572 1146 649 1185; x_wconf 89' lang='lat' dir='ltr'><strong>†ad</strong></span> <span class='ocrx_word' id='word_1_112' title='bbox 669 1146 833 1196; x_wconf 78' lang='lat' dir='ltr'><strong>papillas</strong></span> <span class='ocrx_word' id='word_1_113' title='bbox 843 1151 873 1192; x_wconf 90' lang='lat'><strong>†‚</strong></span> <span class='ocrx_word' id='word_1_114' title='bbox 897 1147 1004 1184; x_wconf 88' lang='lat' dir='ltr'><strong>labra</strong></span> <span class='ocrx_word' id='word_1_115' title='bbox 1024 1159 1047 1183; x_wconf 90' lang='lat' dir='ltr'><strong>a</strong></span> <span class='ocrx_word' id='word_1_116' title='bbox 1067 1145 1183 1184; x_wconf 89' lang='lat' dir='ltr'><strong>labris</strong></span> <span class='ocrx_word' id='word_1_117' title='bbox 1205 1158 1400 1195; x_wconf 88' lang='lat' dir='ltr'><strong>nusquam</strong></span> <span class='ocrx_word' id='word_1_118' title='bbox 1421 1145 1599 1183; x_wconf 84' lang='lat' dir='ltr'><strong>auferat?</strong></span> <span class='ocrx_word' id='word_1_119' title='bbox 1639 1148 1708 1191; x_wconf 89' lang='lat'><strong>480</strong></span> 
     </span>
     <span class='ocr_line' id='line_1_18' title="bbox 290 1209 1447 1261; baseline 0.003 -15"><span class='ocrx_word' id='word_1_120' title='bbox 290 1209 382 1247; x_wconf 82' lang='lat' dir='ltr'><strong>nam</strong></span> <span class='ocrx_word' id='word_1_121' title='bbox 403 1209 478 1248; x_wconf 86' lang='lat' dir='ltr'><strong>alia</strong></span> <span class='ocrx_word' id='word_1_122' title='bbox 498 1223 715 1249; x_wconf 84' lang='lat' dir='ltr'><strong>memorare</strong></span> <span class='ocrx_word' id='word_1_123' title='bbox 734 1224 836 1261; x_wconf 91' lang='lat' dir='ltr'><strong>quae</strong></span> <span class='ocrx_word' id='word_1_124' title='bbox 858 1211 967 1249; x_wconf 92' lang='lat' dir='ltr'><strong>illum</strong></span> <span class='ocrx_word' id='word_1_125' title='bbox 988 1212 1115 1249; x_wconf 85' lang='lat' dir='ltr'><strong>facere</strong></span> <span class='ocrx_word' id='word_1_126' title='bbox 1135 1210 1218 1249; x_wconf 87' lang='lat' dir='ltr'><strong>uidi</strong></span> <span class='ocrx_word' id='word_1_127' title='bbox 1238 1210 1423 1261; x_wconf 88' lang='lat' dir='ltr'><strong>dispudet</strong></span> <span class='ocrx_word' id='word_1_128' title='bbox 1440 1226 1447 1249; x_wconf 91' lang='lat'>:</span> 
     </span>
     <span class='ocr_line' id='line_1_19' title="bbox 291 1275 1542 1327; baseline 0 -15"><span class='ocrx_word' id='word_1_129' title='bbox 291 1288 413 1325; x_wconf 90' lang='lat' dir='ltr'><strong>quom</strong></span> <span class='ocrx_word' id='word_1_130' title='bbox 434 1288 596 1314; x_wconf 88' lang='lat' dir='ltr'><strong>manum</strong></span> <span class='ocrx_word' id='word_1_131' title='bbox 618 1277 691 1315; x_wconf 92' lang='lat' dir='ltr'><strong>sub</strong></span> <span class='ocrx_word' id='word_1_132' title='bbox 712 1277 948 1315; x_wconf 90' lang='lat' dir='ltr'><strong>uestimenta</strong></span> <span class='ocrx_word' id='word_1_133' title='bbox 967 1278 1018 1315; x_wconf 87' lang='lat' dir='ltr'><strong>ad</strong></span> <span class='ocrx_word' id='word_1_134' title='bbox 1039 1289 1181 1327; x_wconf 87' lang='lat' dir='ltr'><strong>corpus</strong></span> <span class='ocrx_word' id='word_1_135' title='bbox 1202 1276 1330 1314; x_wconf 85' lang='lat' dir='ltr'><strong>tetulit</strong></span> <span class='ocrx_word' id='word_1_136' title='bbox 1352 1275 1542 1314; x_wconf 89' lang='lat' dir='ltr'><strong>Bacchidi</strong></span> 
     </span>
     <span class='ocr_line' id='line_1_20' title="bbox 291 1340 1622 1392; baseline 0 -14"><span class='ocrx_word' id='word_1_137' title='bbox 291 1354 355 1379; x_wconf 90' lang='lat' dir='ltr'><strong>me</strong></span> <span class='ocrx_word' id='word_1_138' title='bbox 374 1348 591 1391; x_wconf 85' lang='lat' dir='ltr'><strong>praesente,</strong></span> <span class='ocrx_word' id='word_1_139' title='bbox 613 1355 744 1391; x_wconf 90' lang='lat' dir='ltr'><strong>neque</strong></span> <span class='ocrx_word' id='word_1_140' title='bbox 764 1343 913 1392; x_wconf 91' lang='lat' dir='ltr'><strong>pudere</strong></span> <span class='ocrx_word' id='word_1_141' title='bbox 934 1342 1157 1392; x_wconf 87' lang='lat' dir='ltr'><strong>quicquam.</strong></span> <span class='ocrx_word' id='word_1_142' title='bbox 1207 1341 1305 1392; x_wconf 90' lang='lat' dir='ltr'><strong>quid</strong></span> <span class='ocrx_word' id='word_1_143' title='bbox 1326 1340 1455 1380; x_wconf 89' lang='lat' dir='ltr'><strong>uerbis</strong></span> <span class='ocrx_word' id='word_1_144' title='bbox 1477 1341 1622 1390; x_wconf 87' lang='lat' dir='ltr'><strong>opust?</strong></span> 
     </span>
     <span class='ocr_line' id='line_1_21' title="bbox 232 1406 1302 1457; baseline 0.002 -15"><span class='ocrx_word' id='word_1_145' title='bbox 232 1411 272 1442; x_wconf 85' lang='lat'><strong>80</strong></span> <span class='ocrx_word' id='word_1_146' title='bbox 292 1406 388 1444; x_wconf 86' lang='lat' dir='ltr'><strong>mihi</strong></span> <span class='ocrx_word' id='word_1_147' title='bbox 408 1406 636 1456; x_wconf 88' lang='lat' dir='ltr'><strong>discipulus,</strong></span> <span class='ocrx_word' id='word_1_148' title='bbox 659 1406 729 1444; x_wconf 88' lang='lat' dir='ltr'><strong>tibi</strong></span> <span class='ocrx_word' id='word_1_149' title='bbox 750 1407 895 1445; x_wconf 88' lang='lat' dir='ltr'><strong>sodalis</strong></span> <span class='ocrx_word' id='word_1_150' title='bbox 916 1406 1039 1457; x_wconf 89' lang='lat' dir='ltr'><strong>periit,</strong></span> <span class='ocrx_word' id='word_1_151' title='bbox 1062 1408 1154 1445; x_wconf 78' lang='lat' dir='ltr'><strong>huic</strong></span> <span class='ocrx_word' id='word_1_152' title='bbox 1175 1406 1276 1444; x_wconf 89' lang='lat' dir='ltr'><strong>filius</strong></span> <span class='ocrx_word' id='word_1_153' title='bbox 1292 1421 1302 1454; x_wconf 74' lang='lat'>3</span> 
     </span>
     <span class='ocr_line' id='line_1_22' title="bbox 291 1470 1704 1521; baseline -0.001 -13"><span class='ocrx_word' id='word_1_154' title='bbox 291 1471 383 1508; x_wconf 78' lang='lat' dir='ltr'><strong>nam</strong></span> <span class='ocrx_word' id='word_1_155' title='bbox 406 1484 478 1521; x_wconf 91' lang='lat' dir='ltr'><strong>ego</strong></span> <span class='ocrx_word' id='word_1_156' title='bbox 498 1471 608 1509; x_wconf 91' lang='lat' dir='ltr'><strong>illum</strong></span> <span class='ocrx_word' id='word_1_157' title='bbox 629 1471 788 1521; x_wconf 90' lang='lat' dir='ltr'><strong>periisse</strong></span> <span class='ocrx_word' id='word_1_158' title='bbox 809 1471 899 1510; x_wconf 89' lang='lat' dir='ltr'><strong>dico</strong></span> <span class='ocrx_word' id='word_1_159' title='bbox 921 1471 1015 1521; x_wconf 92' lang='lat' dir='ltr'><strong>quoi</strong></span> <span class='ocrx_word' id='word_1_160' title='bbox 1035 1471 1197 1521; x_wconf 90' lang='lat' dir='ltr'><strong>quidem</strong></span> <span class='ocrx_word' id='word_1_161' title='bbox 1217 1470 1329 1521; x_wconf 91' lang='lat' dir='ltr'><strong>periit</strong></span> <span class='ocrx_word' id='word_1_162' title='bbox 1349 1471 1488 1521; x_wconf 89' lang='lat' dir='ltr'><strong>pudor.</strong></span> <span class='ocrx_word' id='word_1_163' title='bbox 1639 1473 1704 1517; x_wconf 85' lang='lat'><strong>485</strong></span> 
     </span>
     <span class='ocr_line' id='line_1_23' title="bbox 291 1535 1608 1588; baseline 0.001 -14"><span class='ocrx_word' id='word_1_164' title='bbox 291 1536 387 1586; x_wconf 91' lang='lat' dir='ltr'><strong>quid</strong></span> <span class='ocrx_word' id='word_1_165' title='bbox 409 1545 525 1587; x_wconf 90' lang='lat' dir='ltr'><strong>opust</strong></span> <span class='ocrx_word' id='word_1_166' title='bbox 546 1537 706 1576; x_wconf 79' lang='lat' dir='ltr'><strong>uerbis?</strong></span> <span class='ocrx_word' id='word_1_167' title='bbox 736 1538 767 1576; x_wconf 90' lang='lat' dir='ltr'><strong>si</strong></span> <span class='ocrx_word' id='word_1_168' title='bbox 787 1537 956 1588; x_wconf 89' lang='lat' dir='ltr'><strong>opperiri</strong></span> <span class='ocrx_word' id='word_1_169' title='bbox 976 1539 1119 1576; x_wconf 90' lang='lat' dir='ltr'><strong>uellem</strong></span> <span class='ocrx_word' id='word_1_170' title='bbox 1141 1537 1353 1588; x_wconf 89' lang='lat' dir='ltr'><strong>paullisper</strong></span> <span class='ocrx_word' id='word_1_171' title='bbox 1373 1538 1506 1583; x_wconf 92' lang='lat' dir='ltr'><strong>modo,</strong></span> <span class='ocrx_word' id='word_1_172' title='bbox 1606 1535 1608 1538; x_wconf 66' lang='grc'>’</span> 
     </span>
     <span class='ocr_line' id='line_1_24' title="bbox 291 1601 1365 1654; baseline 0.002 -15"><span class='ocrx_word' id='word_1_173' title='bbox 291 1609 332 1639; x_wconf 89' lang='lat' dir='ltr'><strong>ut</strong></span> <span class='ocrx_word' id='word_1_174' title='bbox 353 1601 483 1652; x_wconf 91' lang='lat' dir='ltr'><strong>opino,</strong></span> <span class='ocrx_word' id='word_1_175' title='bbox 508 1601 608 1641; x_wconf 78' lang='lat' dir='ltr'><strong>illius</strong></span> <span class='ocrx_word' id='word_1_176' title='bbox 630 1603 877 1654; x_wconf 90' lang='lat' dir='ltr'><strong>inspectandi</strong></span> <span class='ocrx_word' id='word_1_177' title='bbox 898 1603 951 1641; x_wconf 88' lang='lat' dir='ltr'><strong>mi</strong></span> <span class='ocrx_word' id='word_1_178' title='bbox 972 1610 1074 1642; x_wconf 79' lang='lat' dir='ltr'><strong>esset</strong></span> <span class='ocrx_word' id='word_1_179' title='bbox 1094 1603 1218 1642; x_wconf 89' lang='lat' dir='ltr'><strong>maior</strong></span> <span class='ocrx_word' id='word_1_180' title='bbox 1237 1602 1365 1653; x_wconf 81' lang='lat' dir='ltr'><strong>copia,</strong></span> 
     </span>
     <span class='ocr_line' id='line_1_25' title="bbox 290 1667 1617 1719; baseline 0 -14"><span class='ocrx_word' id='word_1_181' title='bbox 290 1668 377 1717; x_wconf 89' lang='lat' dir='ltr'><strong>plus</strong></span> <span class='ocrx_word' id='word_1_182' title='bbox 408 1667 584 1707; x_wconf 90' lang='lat' dir='ltr'><strong>uiderem</strong></span> <span class='ocrx_word' id='word_1_183' title='bbox 615 1682 734 1718; x_wconf 87' lang='lat' dir='ltr'><strong>quam</strong></span> <span class='ocrx_word' id='word_1_184' title='bbox 764 1670 930 1716; x_wconf 86' lang='lat' dir='ltr'><strong>deceret,</strong></span> <span class='ocrx_word' id='word_1_185' title='bbox 964 1682 1083 1719; x_wconf 91' lang='lat' dir='ltr'><strong>quam</strong></span> <span class='ocrx_word' id='word_1_186' title='bbox 1113 1682 1176 1707; x_wconf 92' lang='lat' dir='ltr'><strong>me</strong></span> <span class='ocrx_word' id='word_1_187' title='bbox 1205 1675 1323 1718; x_wconf 89' lang='lat' dir='ltr'><strong>atque</strong></span> <span class='ocrx_word' id='word_1_188' title='bbox 1352 1667 1419 1706; x_wconf 90' lang='lat' dir='ltr'><strong>illo</strong></span> <span class='ocrx_word' id='word_1_189' title='bbox 1447 1680 1617 1717; x_wconf 86' lang='lat' dir='ltr'><strong>aequom</strong></span> 
     </span>
     <span class='ocr_line' id='line_1_26' title="bbox 1506 1734 1614 1771; baseline -0.009 -1"><span class='ocrx_word' id='word_1_190' title='bbox 1506 1734 1614 1771; x_wconf 84' lang='lat' dir='ltr'><strong>foret.</strong></span> 
     </span>
     <span class='ocr_line' id='line_1_27' title="bbox 231 1797 1487 1849; baseline -0.001 -13"><span class='ocrx_word' id='word_1_191' title='bbox 231 1805 272 1846; x_wconf 85' lang='lat'><strong>85</strong></span> <span class='ocrx_word' id='word_1_192' title='bbox 293 1800 380 1836; x_wconf 82' lang='lat' dir='ltr'><strong>MN.</strong></span> <span class='ocrx_word' id='word_1_193' title='bbox 412 1798 616 1848; x_wconf 91' lang='lat' dir='ltr'><strong>perdidisti</strong></span> <span class='ocrx_word' id='word_1_194' title='bbox 637 1813 713 1846; x_wconf 86' lang='lat' dir='ltr'><strong>me,</strong></span> <span class='ocrx_word' id='word_1_195' title='bbox 734 1799 889 1838; x_wconf 81' lang='lat' dir='ltr'><strong>sodalis.</strong></span> <span class='ocrx_word' id='word_1_196' title='bbox 950 1812 1074 1849; x_wconf 88' lang='lat' dir='ltr'><strong>egone</strong></span> <span class='ocrx_word' id='word_1_197' title='bbox 1095 1806 1137 1837; x_wconf 94' lang='lat' dir='ltr'><strong>ut</strong></span> <span class='ocrx_word' id='word_1_198' title='bbox 1157 1799 1263 1837; x_wconf 89' lang='lat' dir='ltr'><strong>illam</strong></span> <span class='ocrx_word' id='word_1_199' title='bbox 1284 1797 1487 1836; x_wconf 90' lang='lat' dir='ltr'><strong>mulierem</strong></span> 
     </span>
     <span class='ocr_line' id='line_1_28' title="bbox 291 1862 1706 1915; baseline 0 -15"><span class='ocrx_word' id='word_1_200' title='bbox 291 1862 428 1912; x_wconf 90' lang='lat' dir='ltr'><strong>capitis</strong></span> <span class='ocrx_word' id='word_1_201' title='bbox 448 1876 529 1902; x_wconf 93' lang='lat' dir='ltr'><strong>non</strong></span> <span class='ocrx_word' id='word_1_202' title='bbox 550 1865 741 1913; x_wconf 82' lang='lat' dir='ltr'><strong>perdam?</strong></span> <span class='ocrx_word' id='word_1_203' title='bbox 771 1865 894 1915; x_wconf 89' lang='lat' dir='ltr'><strong>perire</strong></span> <span class='ocrx_word' id='word_1_204' title='bbox 915 1878 978 1903; x_wconf 91' lang='lat' dir='ltr'><strong>me</strong></span> <span class='ocrx_word' id='word_1_205' title='bbox 999 1864 1111 1902; x_wconf 89' lang='lat' dir='ltr'><strong>malis</strong></span> <span class='ocrx_word' id='word_1_206' title='bbox 1132 1863 1265 1902; x_wconf 90' lang='lat' dir='ltr'><strong>malim</strong></span> <span class='ocrx_word' id='word_1_207' title='bbox 1287 1862 1425 1901; x_wconf 89' lang='lat' dir='ltr'><strong>modis.</strong></span> <span class='ocrx_word' id='word_1_208' title='bbox 1636 1876 1706 1910; x_wconf 84' lang='lat'><strong>490</strong></span> 
     </span>
     <span class='ocr_line' id='line_1_29' title="bbox 290 1927 1618 1978; baseline 0 -12"><span class='ocrx_word' id='word_1_209' title='bbox 290 1927 390 1966; x_wconf 88' lang='lat' dir='ltr'><strong>satin</strong></span> <span class='ocrx_word' id='word_1_210' title='bbox 411 1935 453 1966; x_wconf 92' lang='lat' dir='ltr'><strong>ut</strong></span> <span class='ocrx_word' id='word_1_211' title='bbox 474 1941 592 1978; x_wconf 89' lang='lat' dir='ltr'><strong>quem</strong></span> <span class='ocrx_word' id='word_1_212' title='bbox 614 1936 655 1967; x_wconf 92' lang='lat' dir='ltr'><strong>tu</strong></span> <span class='ocrx_word' id='word_1_213' title='bbox 672 1930 818 1968; x_wconf 89' lang='lat' dir='ltr'><strong>habeas</strong></span> <span class='ocrx_word' id='word_1_214' title='bbox 835 1931 993 1968; x_wconf 89' lang='lat' dir='ltr'><strong>fidelem</strong></span> <span class='ocrx_word' id='word_1_215' title='bbox 1010 1929 1080 1967; x_wconf 90' lang='lat' dir='ltr'><strong>tibi</strong></span> <span class='ocrx_word' id='word_1_216' title='bbox 1095 1936 1162 1967; x_wconf 87' lang='lat' dir='ltr'><strong>aut</strong></span> <span class='ocrx_word' id='word_1_217' title='bbox 1176 1927 1270 1978; x_wconf 88' lang='lat' dir='ltr'><strong>quoi</strong></span> <span class='ocrx_word' id='word_1_218' title='bbox 1285 1929 1421 1967; x_wconf 91' lang='lat' dir='ltr'><strong>credas</strong></span> <span class='ocrx_word' id='word_1_219' title='bbox 1435 1927 1618 1966; x_wconf 88' lang='lat' dir='ltr'><strong>nescias?</strong></span> 
     </span>
     <span class='ocr_line' id='line_1_30' title="bbox 290 1992 1552 2044; baseline -0.001 -13"><span class='ocrx_word' id='word_1_220' title='bbox 290 1995 360 2031; x_wconf 82' lang='lat' dir='ltr'><strong>Lv.</strong></span> <span class='ocrx_word' id='word_1_221' title='bbox 392 1992 512 2031; x_wconf 90' lang='lat' dir='ltr'><strong>uiden</strong></span> <span class='ocrx_word' id='word_1_222' title='bbox 533 2001 574 2031; x_wconf 91' lang='lat' dir='ltr'><strong>ut</strong></span> <span class='ocrx_word' id='word_1_223' title='bbox 594 2007 708 2044; x_wconf 84' lang='lat' dir='ltr'><strong>aegre</strong></span> <span class='ocrx_word' id='word_1_224' title='bbox 728 1994 872 2044; x_wconf 89' lang='lat' dir='ltr'><strong>patitur</strong></span> <span class='ocrx_word' id='word_1_225' title='bbox 891 2001 1054 2043; x_wconf 89' lang='lat' dir='ltr'><strong>gnatum</strong></span> <span class='ocrx_word' id='word_1_226' title='bbox 1075 1993 1160 2031; x_wconf 73' lang='lat' dir='ltr'><strong>esse</strong></span> <span class='ocrx_word' id='word_1_227' title='bbox 1180 2000 1406 2043; x_wconf 90' lang='lat' dir='ltr'><strong>corruptum</strong></span> <span class='ocrx_word' id='word_1_228' title='bbox 1427 2000 1552 2041; x_wconf 89' lang='lat' dir='ltr'><strong>tuom,</strong></span> 
     </span>
    </p>
   </div>
   <div class='ocr_carea' id='block_1_3' title="bbox 257 2096 1616 2355">
    <p class='ocr_par' dir='ltr' id='par_1_3' title="bbox 288 2096 1614 2224">
     <span class='ocr_line' id='line_1_31' title="bbox 332 2096 1614 2138; baseline 0.001 -11"><span class='ocrx_word' id='word_1_229' title='bbox 332 2107 392 2136; x_wconf 89' lang='lat'><strong>471</strong></span> <span class='ocrx_word' id='word_1_230' title='bbox 417 2101 608 2128; x_wconf 85' lang='lat' dir='ltr'><strong>aestuosam</strong></span> <span class='ocrx_word' id='word_1_231' title='bbox 626 2097 707 2129; x_wconf 83' lang='lat' dir='ltr'><strong>Leo:</strong></span> <span class='ocrx_word' id='word_1_232' title='bbox 733 2102 891 2128; x_wconf 84' lang='lat' dir='ltr'><strong>aestuose</strong></span> <span class='ocrx_word' id='word_1_233' title='bbox 908 2096 971 2130; x_wconf 87' lang='lat' dir='ltr'><strong>cod.</strong></span> <span class='ocrx_word' id='word_1_234' title='bbox 987 2097 1023 2138; x_wconf 78' lang='lat' dir='ltr'><strong>(i.</strong></span> <span class='ocrx_word' id='word_1_235' title='bbox 1041 2098 1094 2135; x_wconf 90' lang='lat'><strong>10)</strong></span> <span class='ocrx_word' id='word_1_236' title='bbox 1183 2106 1317 2135; x_wconf 87' lang='lat' dir='ltr'><strong>queque</strong></span> <span class='ocrx_word' id='word_1_237' title='bbox 1332 2096 1366 2135; x_wconf 85' lang='grc' dir='ltr'>(ι’.</span> <span class='ocrx_word' id='word_1_238' title='bbox 1380 2107 1404 2127; x_wconf 85' lang='lat' dir='ltr'><strong>e.</strong></span> <span class='ocrx_word' id='word_1_239' title='bbox 1421 2106 1575 2136; x_wconf 87' lang='lat' dir='ltr'><strong>quaeque</strong></span> <span class='ocrx_word' id='word_1_240' title='bbox 1588 2097 1614 2137; x_wconf 73' lang='lat'><strong>2)</strong></span> 
     </span>
     <span class='ocr_line' id='line_1_32' title="bbox 288 2139 1613 2180; baseline 0 -10"><span class='ocrx_word' id='word_1_241' title='bbox 288 2139 365 2170; x_wconf 80' lang='lat' dir='ltr'><strong>PCD</strong></span> <span class='ocrx_word' id='word_1_242' title='bbox 506 2151 569 2180; x_wconf 87' lang='lat'><strong>472</strong></span> <span class='ocrx_word' id='word_1_243' title='bbox 594 2151 671 2172; x_wconf 85' lang='lat' dir='ltr'><strong>esse</strong></span> <span class='ocrx_word' id='word_1_244' title='bbox 704 2152 777 2172; x_wconf 85' lang='lat' dir='ltr'><strong>eam</strong></span> <span class='ocrx_word' id='word_1_245' title='bbox 816 2141 951 2172; x_wconf 82' lang='lat' dir='ltr'><strong>Guietus</strong></span> <span class='ocrx_word' id='word_1_246' title='bbox 1096 2140 1160 2179; x_wconf 86' lang='lat'><strong>476</strong></span> <span class='ocrx_word' id='word_1_247' title='bbox 1183 2140 1292 2180; x_wconf 82' lang='lat' dir='ltr'><strong>incipit</strong></span> <span class='ocrx_word' id='word_1_248' title='bbox 1314 2140 1347 2169; x_wconf 88' lang='lat' dir='ltr'><em>A</em></span> <span class='ocrx_word' id='word_1_249' title='bbox 1439 2151 1483 2170; x_wconf 90' lang='lat' dir='ltr'><strong>ne</strong></span> <span class='ocrx_word' id='word_1_250' title='bbox 1512 2145 1547 2171; x_wconf 91' lang='lat' dir='ltr'><strong>tu</strong></span> <span class='ocrx_word' id='word_1_251' title='bbox 1578 2140 1613 2170; x_wconf 90' lang='lat' dir='ltr'><em>A</em></span> 
     </span>
     <span class='ocr_line' id='line_1_33' title="bbox 288 2183 1610 2224; baseline 0 -10"><span class='ocrx_word' id='word_1_252' title='bbox 288 2185 352 2222; x_wconf 91' lang='lat'><strong>478</strong></span> <span class='ocrx_word' id='word_1_253' title='bbox 376 2184 483 2224; x_wconf 84' lang='lat' dir='ltr'><strong>ipsius</strong></span> <span class='ocrx_word' id='word_1_254' title='bbox 508 2185 583 2214; x_wconf 84' lang='lat' dir='ltr'><strong>PCD</strong></span> <span class='ocrx_word' id='word_1_255' title='bbox 693 2185 939 2216; x_wconf 85' lang='lat' dir='ltr'><strong>auscultantem</strong></span> <span class='ocrx_word' id='word_1_256' title='bbox 964 2185 998 2214; x_wconf 91' lang='lat' dir='ltr'><strong>in</strong></span> <span class='ocrx_word' id='word_1_257' title='bbox 1030 2184 1160 2223; x_wconf 88' lang='lat' dir='ltr'><strong>gremio</strong></span> <span class='ocrx_word' id='word_1_258' title='bbox 1185 2183 1219 2213; x_wconf 92' lang='lat' dir='ltr'><em>A</em></span> <span class='ocrx_word' id='word_1_259' title='bbox 1368 2194 1430 2222; x_wconf 90' lang='lat'><strong>479</strong></span> <span class='ocrx_word' id='word_1_260' title='bbox 1455 2183 1546 2214; x_wconf 89' lang='lat' dir='ltr'><strong>nullo</strong></span> <span class='ocrx_word' id='word_1_261' title='bbox 1577 2183 1610 2213; x_wconf 93' lang='lat' dir='ltr'><em>A</em></span> 
     </span>
    </p>

    <p class='ocr_par' dir='ltr' id='par_1_4' title="bbox 257 2226 1616 2355">
     <span class='ocr_line' id='line_1_34' title="bbox 257 2226 1616 2271; baseline -0.001 -13"><span class='ocrx_word' id='word_1_262' title='bbox 257 2244 265 2254; x_wconf 51' lang='lat' dir='ltr'>x</span> <span class='ocrx_word' id='word_1_263' title='bbox 287 2229 352 2266; x_wconf 85' lang='lat'><strong>480</strong></span> <span class='ocrx_word' id='word_1_264' title='bbox 376 2228 515 2269; x_wconf 45' lang='lat' dir='ltr'><strong>sterant)</strong></span> <span class='ocrx_word' id='word_1_265' title='bbox 533 2228 566 2257; x_wconf 95' lang='lat' dir='ltr'><em>A</em></span> <span class='ocrx_word' id='word_1_266' title='bbox 585 2240 592 2259; x_wconf 73' lang='grc' dir='ltr'>ε</span> <span class='ocrx_word' id='word_1_267' title='bbox 615 2228 700 2260; x_wconf 69' lang='lat' dir='ltr'><strong>ferat</strong></span> <span class='ocrx_word' id='word_1_268' title='bbox 716 2228 792 2271; x_wconf 80' lang='lat' dir='ltr'><strong>(ei)</strong></span> <span class='ocrx_word' id='word_1_269' title='bbox 809 2227 874 2259; x_wconf 87' lang='lat' dir='ltr'><strong>Leo</strong></span> <span class='ocrx_word' id='word_1_270' title='bbox 962 2228 1104 2267; x_wconf 70' lang='lat' dir='ltr'><strong>papillas</strong></span> <span class='ocrx_word' id='word_1_271' title='bbox 1120 2227 1175 2257; x_wconf 81' lang='lat' dir='ltr'><strong>vix</strong></span> <span class='ocrx_word' id='word_1_272' title='bbox 1184 2226 1360 2266; x_wconf 67' lang='lat' dir='ltr'><strong>strandum</strong></span> <span class='ocrx_word' id='word_1_273' title='bbox 1385 2237 1485 2266; x_wconf 85' lang='lat' dir='ltr'><strong>neque</strong></span> <span class='ocrx_word' id='word_1_274' title='bbox 1506 2227 1616 2267; x_wconf 77' lang='lat' dir='ltr'><strong>magis</strong></span> 
     </span>
     <span class='ocr_line' id='line_1_35' title="bbox 287 2270 1612 2311; baseline -0.002 -10"><span class='ocrx_word' id='word_1_275' title='bbox 287 2271 381 2302; x_wconf 85' lang='lat' dir='ltr'><strong>labra</strong></span> <span class='ocrx_word' id='word_1_276' title='bbox 409 2274 428 2301; x_wconf 77' lang='grc' dir='ltr'><strong>ἔι</strong></span> <span class='ocrx_word' id='word_1_277' title='bbox 532 2272 573 2302; x_wconf 84' lang='lat' dir='ltr'><strong>ad</strong></span> <span class='ocrx_word' id='word_1_278' title='bbox 606 2282 682 2311; x_wconf 88' lang='lat' dir='ltr'><strong>pap.</strong></span> <span class='ocrx_word' id='word_1_279' title='bbox 718 2283 804 2304; x_wconf 89' lang='lat' dir='ltr'><strong>man.</strong></span> <span class='ocrx_word' id='word_1_280' title='bbox 839 2273 901 2303; x_wconf 84' lang='lat' dir='ltr'><strong>ser.</strong></span> <span class='ocrx_word' id='word_1_281' title='bbox 933 2270 1033 2309; x_wconf 52' lang='lat' dir='ltr'><strong>Weg&#39;se</strong></span> <span class='ocrx_word' id='word_1_282' title='bbox 1161 2271 1225 2309; x_wconf 83' lang='lat'><strong>482</strong></span> <span class='ocrx_word' id='word_1_283' title='bbox 1249 2281 1351 2300; x_wconf 89' lang='lat' dir='ltr'><strong>manu</strong></span> <span class='ocrx_word' id='word_1_284' title='bbox 1382 2271 1415 2300; x_wconf 86' lang='lat' dir='ltr'><em>A</em></span> <span class='ocrx_word' id='word_1_285' title='bbox 1550 2271 1612 2310; x_wconf 85' lang='lat'><strong>487</strong></span> 
     </span>
     <span class='ocr_line' id='line_1_36' title="bbox 288 2312 1594 2355; baseline -0.001 -10"><span class='ocrx_word' id='word_1_286' title='bbox 288 2316 410 2354; x_wconf 87' lang='lat' dir='ltr'><strong>opinor</strong></span> <span class='ocrx_word' id='word_1_287' title='bbox 425 2314 512 2346; x_wconf 88' lang='lat' dir='ltr'><strong>codd.</strong></span> <span class='ocrx_word' id='word_1_288' title='bbox 649 2317 713 2355; x_wconf 83' lang='lat'><strong>488</strong></span> <span class='ocrx_word' id='word_1_289' title='bbox 737 2316 899 2346; x_wconf 86' lang='lat' dir='ltr'><strong>uidissem</strong></span> <span class='ocrx_word' id='word_1_290' title='bbox 916 2315 950 2345; x_wconf 93' lang='lat' dir='ltr'><em>P</em></span> <span class='ocrx_word' id='word_1_291' title='bbox 1036 2314 1147 2353; x_wconf 72' lang='lat' dir='ltr'><strong>liceret</strong></span> <span class='ocrx_word' id='word_1_292' title='bbox 1163 2316 1193 2345; x_wconf 89' lang='lat' dir='ltr'><em>A</em></span> <span class='ocrx_word' id='word_1_293' title='bbox 1335 2314 1400 2353; x_wconf 89' lang='lat'><strong>489</strong></span> <span class='ocrx_word' id='word_1_294' title='bbox 1425 2319 1460 2345; x_wconf 90' lang='lat' dir='ltr'><strong>ut</strong></span> <span class='ocrx_word' id='word_1_295' title='bbox 1476 2324 1542 2345; x_wconf 90' lang='lat' dir='ltr'><strong>om.</strong></span> <span class='ocrx_word' id='word_1_296' title='bbox 1560 2312 1594 2344; x_wconf 90' lang='lat' dir='ltr'>P</span> 
     </span>
    </p>
   </div>
  </div>
 </body>
</html>
