1742 2718
688 50 949 88 EPIDICVS
1408 45 1483 82 III.
1508 44 1536 80 ii

77 171 147 214 360
164 164 247 214 ipse
268 162 306 200 in
329 175 418 200 meo
438 161 540 200 collo
562 161 640 198 tuo'
662 166 770 210 pater
790 158 1006 196 cruminam
1028 156 1235 195 collocauit
1252 170 1261 201 ρ

164 229 194 267 is
214 229 388 274 adornat,
411 225 627 265 adueniens
649 223 757 263 domi
778 224 974 272 extemplo
995 229 1037 260 ut
1058 221 1216 259 maritus
1236 221 1314 258 fias.
1509 236 1546 267 25

163 295 228 332 ST.
258 306 338 331 uno
354 290 605 342 persuadebit
627 290 758 335 modo,
777 288 807 326 si
829 288 934 325 illam
951 300 1050 337 quae
1066 287 1237 324 adducta
1253 293 1309 323 est
1331 298 1484 323 mecum

162 358 257 397 mihi
278 356 473 406 adempsit
494 356 632 394 Orcus.
684 355 752 391 ΕΡ.
786 366 891 391 nunc
907 365 980 401 ego
1000 353 1102 389 hanc
1121 350 1303 388 astutiam
1326 349 1484 387 institui.

160 422 368 461 deueniam
383 422 433 459 ad
450 422 632 458 lenonem
650 419 813 457 domum
828 424 982 467 egomet
996 418 1115 463 solus,
1128 429 1217 454 eum
1232 417 1304 465 ego
1319 415 1485 461 docebo,

73 492 139 536 365
161 487 190 526 si
213 487 308 537 quid
328 487 378 524 ad
399 499 488 524 eum
509 483 731 529 adueniam,
750 490 791 521 ut
812 482 886 520 sibi
906 495 990 520 esse
1006 482 1142 520 datum
1158 487 1359 530 argentum
1383 479 1485 518 dicat

160 566 230 602 pro
252 550 421 596 fidicina,
442 548 590 599 argenti
612 548 737 586 minas
758 561 799 586 se
819 547 964 585 habere
985 545 1268 596 quinquaginta
1507 558 1549 590 50

162 616 323 667 (quippe
344 628 416 665 ego
437 614 503 664 qui
524 612 805 652 nudiustertius
826 612 922 650 meis
944 611 1125 650 manibus
1145 609 1402 649 denumeraui

160 695 230 732 pro
250 681 315 719 illa
335 688 401 718 tua
419 679 546 718 amica
566 692 684 729 quam
705 686 814 729 pater
834 691 944 716 suam
965 676 1086 715 filiam
1107 690 1192 715 esse
1212 675 1330 725 retur)
1349 691 1355 714 :

161 746 215 785 ibi
235 748 325 785 leno
346 746 577 784 sceleratum
598 751 715 794 caput
736 756 849 782 suom
870 742 1085 792 inprudens
1105 740 1306 791 adligabit,

73 822 143 858 370
162 810 272 862 quasi
314 824 383 861 pro
425 809 490 848 illa
527 816 730 859 argentum
769 807 962 857 acceperit
1001 820 1101 857 quae
1144 814 1274 845 tecum
1315 806 1488 844 adducta

1291 884 1396 909 nunc
1417 877 1484 908 est.

162 943 239 982 CH.
272 941 465 980 uorsutior
486 954 526 979 es
547 954 666 990 quam
687 947 771 978 rota
791 938 970 989 figularis.
1031 939 1100 975 ΕΡ.
1132 937 1209 975 iam
1230 950 1302 987 ego
1323 936 1470 986 parabo
1510 947 1547 979 35

159 1007 331 1057 aliquam
352 1008 531 1045 dolosam
552 1005 764 1051 fidicinam,
786 1017 950 1042 nummo
971 1004 1169 1042 conducta
1188 1015 1289 1052 quae
1309 1001 1368 1048 sit,

161 1086 261 1122 quae
282 1086 322 1111 se
343 1079 516 1122 emptam
537 1071 703 1117 simulet,
728 1083 828 1120 quae
849 1082 962 1108 senes
982 1069 1062 1107 duo
1079 1068 1195 1106 docte
1215 1066 1447 1105 ludificetur.

160 1151 246 1176 eam
267 1139 386 1176 ducet
405 1136 521 1175 simul
536 1135 760 1186 Apoecides
775 1135 827 1173 ad
847 1141 956 1172 tuom
976 1140 1138 1183 patrem.
1187 1133 1250 1170 ST.
1273 1139 1314 1169 ut
1331 1139 1463 1181 parate
1480 1134 1486 1169 !

71 1212 137 1248 375
161 1204 230 1240 ΕΡ.
263 1215 349 1240 eam
370 1201 683 1252 permeditatam,
703 1199 799 1238 meis
820 1198 920 1237 dolis
941 1197 1170 1247 astutiisque
1191 1204 1373 1235 onustam

160 1267 322 1305 mittam.
381 1268 451 1305 sed
471 1266 577 1304 nimi'
598 1267 759 1315 longum
779 1266 929 1314 loquor,
952 1263 1019 1302 diu
1040 1276 1103 1301 me
1123 1261 1214 1301 estis
1235 1261 1439 1300 demorati.
1505 1276 1547 1307 40

158 1333 256 1371 haec
276 1331 381 1371 scitis
402 1332 479 1370 iam
501 1339 542 1369 ut
562 1332 690 1369 futura
710 1330 797 1368 sint.
855 1329 1091 1368 abeo—ST.
1121 1327 1223 1366 bene
1243 1327 1456 1365 ambulato.

159 1399 235 1438 CH.
268 1397 374 1435 nimi'
395 1398 535 1435 doctus
556 1396 633 1435 illic
653 1397 703 1434 ad
720 1397 820 1434 male
841 1394 1076 1433 faciendum.
1126 1394 1189 1432 ST.
1220 1406 1284 1431 me
1299 1392 1485 1442 equidem

1379 1465 1486 1497 certo

159 1527 329 1567 seruauit
349 1527 521 1567 consiliis
541 1527 630 1566 suis.
692 1528 769 1566 CH.
800 1525 989 1564 abeamus
1010 1524 1111 1562 intro
1132 1523 1224 1562 hinc
1243 1524 1293 1562 ad
1312 1524 1388 1561 ine.

74 1595 142 1638 380
160 1595 224 1632 ST.
254 1601 373 1644 atque
406 1593 608 1644 aliquanto
641 1591 840 1631 lubentius
870 1604 990 1640 quam
1018 1603 1087 1640 aps
1122 1596 1159 1627 te
1193 1601 1280 1627 sum
1309 1601 1485 1638 egressus

1355 1661 1460 1693 mtus
1477 1669 1484 1695 :

160 1723 302 1763 uirtute
321 1731 440 1775 atque
455 1723 631 1775 auspicio
653 1722 809 1774 Epidici
825 1735 916 1761 cum
936 1721 1081 1772 praeda
1096 1719 1136 1757 in
1157 1725 1282 1758 castra
1297 1720 1483 1758 redeo.—-
1501 1733 1543 1765 45
1590 1719 1593 1721 ’

258 1839 624 1874 PERIPHANES
734 1837 1058 1874 APOECIDES
1168 1833 1382 1870 SEvas
1503 1834 1548 1871 iii

159 1921 228 1957 PE.
261 1921 355 1958 Non
376 1918 452 1958 oris
473 1931 611 1957 caussa
631 1918 753 1957 modo
773 1915 954 1955 homines
974 1928 1144 1966 aequom
1165 1914 1237 1953 fuit

157 1983 231 2022 sibi
252 1984 397 2023 habere
416 1984 620 2034 speculum
642 1982 709 2021 ubi
730 1995 774 2021 os
795 1982 1107 2031 contemplarent
1127 1993 1252 2026 suom,

199 2088 262 2127 361
290 2087 476 2118 adueniens
493 2087 722 2118 Camerarius:
748 2085 890 2117 ueniens
907 2084 972 2116 cod.
994 2084 1051 2123 (iii.
1067 2083 1104 2123 3)
1237 2085 1301 2124 363
1325 2083 1482 2115 astutiam

157 2132 245 2163 hanc
262 2130 408 2170 Pylades,
427 2132 482 2162 cui
495 2131 626 2162 institui
644 2129 782 2170 displicet
911 2130 974 2167 364
1000 2138 1064 2167 ego
1075 2126 1133 2159 del.
1147 2126 1287 2167 Pylades
1419 2129 1483 2166 365

157 2176 186 2206 si
202 2175 258 2214 qui
276 2175 318 2205 ad
336 2185 412 2205 eum
429 2175 614 2205 adueniant
634 2173 846 2204 Camerarius
943 2172 1057 2202 datum
1076 2181 1152 2202 esse
1168 2171 1309 2211 Pylades
1418 2181 1482 2211 373

157 2220 255 2249 docta
270 2218 321 2248 PE
423 2218 487 2258 378
510 2217 594 2248 illic]
619 2217 674 2247 ille
688 2217 749 2256 (ita
766 2215 846 2257 cod.)
865 2219 917 2247 est
931 2215 1143 2246 Camerarius
1229 2215 1278 2246 vel
1292 2215 1482 2255 mequidem

159 2263 224 2302 383
248 2261 494 2301 contemplaret
510 2261 576 2294 cod.
597 2261 688 2303 (—ent
701 2260 742 2300 J)
