1814 2723
204 87 280 123 ΙΙΙ.
305 86 347 121 iii
714 84 759 119 T.
794 81 974 121 MACCI
1008 81 1211 118 PLAVTI

262 208 279 239 5
301 197 375 233 ΡΗ.
407 194 593 232 acerbum
615 194 731 230 funus
753 191 854 229 filiae
875 190 1001 237 faciet,
1025 189 1054 228 si
1075 196 1113 228 te
1134 190 1347 229 carendum
1368 195 1437 228 est.
1650 204 1712 241 595

300 261 360 298 L1.
393 260 515 298 homo
548 259 678 296 hercle
717 256 810 295 hinc
848 256 1045 294 exclusust
1082 256 1194 293 foras.
1266 257 1335 293 LE.
1368 254 1422 293 ita
1459 267 1519 293 res
1557 261 1625 294 est.

1199 322 1304 359 ARG.
1337 320 1448 359 mitte
1468 333 1626 370 quaeso.

302 393 375 430 ΡΗ.
408 403 489 440 quo
518 403 624 428 nunc
658 387 772 426 abis?
815 386 909 437 quin
945 393 986 424 tu
1017 386 1081 424 hic
1115 388 1280 424 manes?
1337 388 1441 424 ARG.
1474 399 1562 432 nox,
1598 385 1631 423 si

1300 453 1421 498 uoles,
1445 451 1626 490 manebo.

301 525 361 561 L1.
387 521 508 561 audin
529 522 636 559 hunc
652 533 770 569 opera
786 526 828 557 ut
843 519 970 567 largus
987 525 1045 556 est
1061 518 1276 556 nocturna?
1299 530 1405 555 nunc
1422 516 1526 555 enim
1544 530 1628 555 esse

300 588 547 638 negotiosum
570 584 759 624 interdius
780 583 965 622 uidelicet
986 585 1185 629 Solonem,

244 668 281 689 ιο
299 656 404 703 leges
424 659 467 690 ut
488 649 709 690 conscribat
730 648 874 698 quibus
895 662 936 686 se
957 649 1126 698 populus
1147 654 1288 685 teneat.
1347 660 1478 696 gerrae
1495 649 1502 685 1
1647 647 1718 682 600

300 718 367 768 qui
388 731 472 756 sese
493 729 627 766 parere
647 720 837 764 apparent
858 712 973 750 huius
994 711 1155 762 legibus,
1179 713 1356 762 profecto

299 795 516 832 numquam
538 781 666 819 bonae
688 778 786 828 frugi
806 777 917 824 sient,
940 776 1024 815 dies
1045 784 1261 826 noctesque
1281 784 1429 826 potent.

300 850 371 886 LE.
403 861 453 885 ne
473 846 544 884 iste
565 846 696 883 hercle
715 844 766 882 ab
788 842 860 881 ista
880 855 959 880 non
980 842 1124 892 pedem
1146 841 1333 887 discedat,
1357 840 1388 879 si
1408 841 1567 890 licessit,

300 912 367 963 qui
389 925 494 949 nunc
515 909 672 949 festinat
691 915 810 958 atque
830 907 881 945 ab
901 908 975 944 hac
996 906 1167 944 minatur
1187 919 1272 944 sese
1292 905 1409 944 abire.

245 989 278 1020 ¹5
300 980 360 1017 L1.
394 976 565 1016 sermoni
586 976 663 1014 iam
685 976 803 1012 finem
821 974 905 1011 face
927 979 1005 1018 tuo,
1029 971 1145 1010 huius
1166 985 1389 1010 sermonem
1409 972 1612 1022 accipiam.
1647 976 1712 1021 605

299 1046 404 1082 ARG.
437 1043 534 1080 uale.
607 1042 682 1078 ΡΗ.
714 1052 794 1089 quo
828 1039 1043 1088 properas?
1099 1039 1204 1076 ARG.
1237 1037 1340 1075 bene
1373 1029 1462 1075 uale'
1481 1052 1489 1075 :
1522 1039 1629 1088 apud

1241 1103 1389 1141 Orcum
1410 1109 1448 1140 te
1468 1102 1626 1141 uidebo.

298 1188 389 1213 nam
410 1172 596 1223 equidem
618 1184 682 1208 me
702 1169 779 1208 iam
802 1175 993 1219 quantum
1015 1174 1145 1218 potest
1164 1181 1187 1205 a
1207 1167 1288 1205 uita
1308 1167 1557 1207 abiudicabo.

299 1241 373 1277 PH.
407 1252 479 1288 qur
500 1244 552 1283 tu,
576 1248 752 1286 opsecro,
776 1233 959 1272 inmerito
981 1247 1070 1272 meo
1092 1246 1155 1271 me
1176 1232 1292 1271 morti
1313 1234 1459 1271 dedere
1484 1235 1628 1283 optas?

298 1306 403 1342 ARG.
436 1315 536 1352 egon
558 1303 625 1340 te?
653 1313 773 1350 quam
794 1298 825 1337 si
845 1298 1069 1348 intellegam
1090 1299 1258 1337 deficere
1278 1297 1370 1345 uita,
1393 1297 1470 1336 iam
1490 1297 1574 1349 ipse

239 1385 280 1406 20
298 1369 420 1408 uitam
441 1381 570 1406 meam
591 1365 662 1404 tibi
683 1364 819 1415 largiar
840 1371 878 1402 et
898 1365 948 1402 de
969 1377 1057 1401 mea
1075 1364 1127 1401 ad
1147 1370 1255 1401 tuam
1275 1364 1432 1402 addam.
1645 1369 1717 1404 610

299 1437 373 1473 PH.
406 1447 478 1483 qur
498 1445 589 1481 ergo
610 1429 800 1469 minitaris
821 1428 891 1467 tibi
913 1436 950 1467 te
970 1428 1093 1467 uitam
1114 1441 1199 1467 esse
1218 1428 1486 1467 amissurum?

297 1513 388 1537 narn
411 1498 507 1548 quid
527 1510 590 1535 me
611 1497 801 1534 facturam
822 1501 946 1544 putaS,
971 1493 1002 1532 si
1022 1493 1122 1532 istuc
1143 1495 1251 1544 quod
1273 1493 1370 1532 dicis
1390 1494 1486 1533 faxis
1499 1496 1517 1533 ?

299 1561 428 1617 [mihi]
450 1569 600 1606 certum
621 1567 679 1599 est
699 1560 862 1598 ecficere
882 1558 922 1596 in
944 1572 1008 1597 me
1028 1558 1164 1597 omnia
1183 1559 1322 1597 eadem
1344 1572 1445 1609 quae
1465 1566 1506 1597 tu
1528 1558 1567 1597 in
1588 1548 1626 1598 te

1045 1616 1056 1625 ¹
1515 1625 1621 1664 faxis.

296 1696 401 1733 ARG.
434 1695 486 1732 oh
507 1693 622 1731 melle
644 1690 749 1730 dulci
765 1689 917 1729 dulcior
936 1696 978 1728 tu
999 1703 1050 1728 es.
1124 1691 1199 1728 ΡΗ.
1231 1696 1335 1729 certe
1356 1689 1460 1729 enim
1482 1697 1523 1728 tu
1543 1690 1624 1728 uita

1495 1769 1536 1794 es
1557 1769 1620 1794 ml.

237 1829 272 1859 25
295 1815 567 1863 complectere.
608 1813 714 1849 ARG.
741 1809 842 1848 facio
858 1810 1010 1848 lubens.
1052 1811 1126 1848 ΡΗ.
1153 1808 1303 1848 utinam
1321 1809 1376 1848 sic
1396 1811 1620 1848 ecferamur.
1642 1808 1708 1853 615

295 1880 366 1917 LE.
398 1891 422 1916 o
454 1876 617 1924 Libane,
650 1875 706 1914 uti
734 1875 851 1914 miser
882 1882 940 1913 est
967 1876 1090 1914 homo
1117 1874 1185 1925 qui
1211 1878 1340 1913 amat!
1408 1876 1468 1913 L1.
1500 1874 1624 1914 immo

1379 1941 1509 1978 hercle
1529 1953 1624 1979 uero

294 2008 361 2060 qui
382 2009 528 2060 pendet
549 2008 674 2046 multo
696 2013 754 2045 est
775 2005 960 2045 miserior.
1021 2007 1091 2044 LE.
1133 2004 1216 2044 scio
1238 2004 1305 2055 qui
1325 2004 1514 2055 periclum
1534 2004 1620 2043 feci.

336 2123 397 2154 597
423 2123 491 2143 nox
508 2111 641 2152 Lz'pcius
657 2122 663 2141 z
690 2121 768 2141 mox
786 2109 850 2141 cod.
999 2111 1107 2149 598*9
1131 2119 1206 2140 esse
1225 2108 1447 2148 Negotiosum
1465 2108 1624 2140 Mueller:

292 2162 343 2188 est
363 2157 570 2195 Negotiosus
589 2155 648 2185 cod
670 2155 706 2194 (i.
725 2154 762 2194 93
912 2162 975 2193 599
989 2153 1070 2191 fort.
1089 2153 1147 2183 int.
1169 2162 1248 2192 neg.
1269 2151 1428 2183 uide-licet
1558 2154 1624 2192 609

292 2211 356 2240 ego
372 2203 436 2231 cod.
562 2201 590 2229 si
607 2196 715 2240 (ego)
733 2197 915 2234 Fleckeisen,
935 2196 989 2226 cui
1003 2200 1036 2227 te
1049 2197 1152 2236 placet
1291 2198 1351 2226 611
1379 2196 1457 2225 mihi
1476 2195 1619 2235 Loman,

243 2239 252 2250 Χ
292 2244 396 2283 sedes.
413 2244 531 2283 Journ.
551 2242 637 2272 Phil.
658 2243 710 2277 26,
731 2251 794 2279 294
939 2241 1004 2279 613
1029 2239 1109 2269 mihi
1127 2238 1184 2271 del.
1207 2239 1415 2277 Lachmann,
1435 2239 1627 2270 Niemoeller

291 2288 329 2318 de
344 2294 493 2320 bronom.
513 2296 534 2325 p
563 2295 606 2324 5ο
698 2288 749 2314 est
766 2284 878 2313 facere
896 2282 995 2314 Leol
1102 2283 1166 2321 614
1192 2287 1226 2313 tu
1249 2293 1285 2313 es
1306 2282 1405 2322 (tu's)
1425 2283 1621 2313 Fleckeisen:

291 2332 371 2362 mihi
398 2336 432 2361 tu
459 2340 497 2360 es
517 2329 581 2359 cod.
710 2331 800 2357 certe
816 2326 874 2356 del.
894 2326 1021 2357 Schoell
1035 2326 1092 2367 (iv.
1114 2326 1147 2368 Ι)
1323 2327 1388 2356 616
1412 2337 1431 2357 ο
1449 2325 1622 2369 (Libane)

293 2376 364 2407 Lib.
381 2379 415 2405 ut
435 2374 493 2415 (ita
509 2372 590 2411 cod.)
611 2381 653 2402 m.
671 2371 804 2401 homost
824 2369 1037 2401 Camerarius
