1742 2718
651 91 978 129 AVLVLARIA
1447 96 1498 132 II.
1521 95 1565 132 ix

166 215 188 240 a
210 201 445 253 Congrione.
506 210 546 240 tu
568 201 685 240 istum
706 203 862 252 gallum,
887 201 917 239 si
939 201 1054 252 sapis,

165 266 399 317 glabriorem
420 267 561 306 reddes
582 266 678 305 mihi
699 279 817 316 quam
840 268 974 305 uolsus
995 265 1153 305 ludiust.
1519 285 1536 316 5

166 334 237 371 sed
261 332 357 383 quid
377 334 454 371 hoc
475 331 655 370 clamoris
676 331 797 370 oritur
817 331 910 370 hinc
931 345 977 370 ex
997 334 1219 382 proxumo?

166 397 284 447 coqui
306 399 446 444 hercle,
470 399 600 444 credo,
623 396 772 435 faciunt
793 396 966 435 officium
988 410 1112 436 suom.

78 470 144 507 405
166 462 311 512 fugiam
332 462 444 509 intro,
468 476 518 501 ne
538 462 634 513 quid
655 461 719 500 hic
740 461 876 500 itidem
899 461 1036 501 turbae
1056 463 1148 501 fuat.

646 665 881 713 ACTVS
935 665 1014 712 III

700 765 964 804 CONGRIO
1519 766 1625 803 111.i

165 853 238 892 Co.
281 844 440 891 Attatae
462 854 469 890 !
507 850 625 899 ciues,
667 843 888 903 populares,
920 839 1084 900 ihcolaE,
1116 843 1286 900 accolae,
1318 842 1497 893 aduenae

1345 911 1495 968 omnes,

164 984 257 1022 date
277 982 382 1021 uiam
403 995 482 1032 qua
501 984 633 1033 fugere
653 981 780 1030 liceat,
803 982 919 1021 facite
939 989 1046 1021 totae
1065 983 1218 1033 plateae
1239 992 1409 1034 pateant.

165 1061 294 1098 neque
310 1061 384 1098 ego
399 1061 589 1099 umquam
610 1047 684 1086 nisi
705 1047 824 1087 hodie
841 1050 891 1087 ad
914 1049 1091 1087 Bacchas
1107 1048 1199 1087 ueni
1220 1049 1259 1087 in
1280 1050 1497 1089 bacchanal

1226 1115 1495 1165 coquinatum‚

165 1178 218 1217 ita
232 1192 294 1217 me
308 1178 494 1217 miserum
511 1186 549 1217 et
564 1192 675 1217 meos
690 1170 905 1229 discipulos
919 1178 1087 1218 fustibus
1101 1180 1203 1218 male
1218 1182 1494 1220 contuderunt.

79 1256 148 1290 410
166 1251 272 1283 totus
304 1245 424 1283 doleo
456 1251 577 1295 atque
609 1243 759 1295 oppido
791 1243 899 1294 perii,
931 1243 984 1283 ita
1017 1258 1081 1283 me
1109 1244 1182 1284 iste
1212 1245 1350 1284 habuit
1379 1259 1498 1286 senex
1519 1261 1535 1292 5

1167 1305 1196 1309 *⁷
1226 1310 1472 1361 gymnasium
1486 1326 1497 1360 3

273 1382 380 1423 attat,
404 1374 500 1426 perii
520 1376 651 1414 hercle
672 1388 745 1425 ego
766 1374 892 1421 miser,

57 1443 146 1481 411ab
272 1440 397 1491 aperit
418 1440 646 1488 bacchanal,
668 1441 792 1487 adest,

273 1505 458 1556 sequitur.
518 1505 600 1544 scio
621 1519 740 1556 quarn
761 1519 843 1545 rem
863 1519 995 1556 geram
1012 1521 1019 1544 ε
1049 1507 1126 1545 hoc

57 1574 146 1612 412a
380 1571 479 1622 ipsu'
498 1571 681 1622 magister
700 1585 764 1609 me
784 1570 929 1610 docuit.

219 1649 348 1687 neque
368 1636 472 1687 ligna
492 1650 566 1687 ego
586 1650 752 1687 usquam
773 1636 951 1688 gentium
971 1624 1149 1687 praeberi
1170 1636 1252 1676 uidi
1272 1637 1484 1688 pulchrius,
1520 1652 1558 1673 10

219 1700 351 1752 itaque
371 1701 500 1740 omnis
520 1701 646 1752 exegit
665 1703 779 1749 foras,
801 1715 866 1741 me
884 1709 1004 1752 atque
1023 1703 1111 1750 hos,
1131 1709 1294 1742 onustos
1315 1703 1494 1742 fustibus.

550 1815 763 1852 Ech10
873 1814 1138 1852 CONGRIO
1513 1817 1543 1854 ii

81 1898 146 1936 415
169 1896 266 1934 Evc.
301 1894 414 1934 Redi.
456 1895 537 1945 qu6
556 1894 656 1945 fugis
677 1895 813 1932 nunc?
842 1900 943 1941 tene,
961 1901 1062 1933 tene.
1107 1895 1179 1934 Co.
1211 1894 1320 1945 quid,
1342 1896 1494 1943 stolide,

1324 1962 1469 2000 clamas
1483 1964 1499 2000 ?

170 2028 267 2064 Evc.
300 2025 394 2076 quia
413 2026 464 2064 ad
486 2025 660 2064 trisuiros
682 2024 759 2063 iam
781 2038 854 2074 ego
875 2025 1049 2063 deferam
1071 2038 1220 2064 nomen
1240 2032 1361 2065 tuom.
1422 2028 1494 2066 Co.

1174 2090 1292 2140 quam
1314 2091 1367 2129 ob
1387 2105 1469 2130 rem
1482 2094 1499 2129 ?

214 2205 277 2233 402
301 2194 501 2234 glabriorem
518 2193 605 2225 codd.
627 2192 731 2224 Nonii
750 2202 839 2233 530:
862 2192 1072 2232 glabrionern
1095 2193 1146 2223 vel
1166 2194 1210 2224 cl-
1234 2197 1298 2224 cod.
1325 2196 1360 2230 (n
1380 2199 1443 2234 pro
1466 2195 1495 2235 r)

169 2247 234 2276 405
257 2239 362 2269 redeo
378 2239 468 2269 intro
484 2248 528 2268 ne
545 2237 623 2277 quid
641 2237 693 2268 hic
710 2237 828 2268 turbae
852 2236 911 2267 fiat
927 2235 1014 2266 codd.
1035 2235 1140 2266 Nonii
1156 2246 1218 2276 525
1236 2237 1314 2278 (qui
1326 2241 1334 2255 ‘
1347 2239 1477 2269 turbam
1489 2239 1497 2251 ’

162 2287 227 2322 pro
243 2281 344 2312 turbis
359 2284 508 2321 testatur)
569 2282 688 2312 turbae
704 2281 736 2315 (i.
753 2291 776 2310 e.
794 2279 840 2310 -ai
851 2280 877 2319 ἓ)
894 2280 949 2310 hic
966 2279 1082 2310 itidem
1101 2279 1158 2310 fiat
1168 2280 1234 2311 cod.
1250 2283 1293 2320 (v.
1311 2282 1345 2322 7)
1433 2283 1498 2320 406

167 2325 306 2356 Attatae
317 2325 453 2366 scripsi:
476 2325 592 2365 optati
611 2324 675 2355 cod.
697 2324 757 2363 (iii,
772 2334 802 2362 p.
822 2324 879 2363 53)
948 2322 1044 2353 uiues
1062 2322 1128 2354 cod.
1151 2323 1257 2361 (ciues
1274 2325 1333 2365 PJ)
1423 2335 1496 2364 413,

170 2379 231 2407 414
250 2372 325 2409 post
339 2379 368 2399 v.
388 2379 453 2408 410
463 2368 574 2408 posuit
595 2367 768 2399 Acidalius
894 2376 957 2405 414
972 2366 1021 2396 Ita
1036 2366 1202 2397 Francken
