1742 2718
716 50 1005 90 CVRCVLIO
1465 50 1516 86 ΙΙ.
1538 49 1551 86 i

108 178 176 213 230
194 163 266 202 CA.
298 169 407 202 estne
428 162 490 200 hic
508 162 712 201 Palinurus
728 158 965 202 Phaedromi
980 165 996 201 ?
1043 164 1111 201 PA.
1143 161 1230 211 quis
1246 161 1309 199 hic
1325 168 1383 200 est
1399 162 1520 199 homo
1543 178 1577 210 15

193 240 284 265 cum
305 227 503 266 conlatiuo
524 235 659 266 uentre
680 235 798 277 atque
819 228 943 266 oculis
965 227 1148 266 herbeis?

193 293 242 330 de
264 293 388 330 forma
407 292 512 339 noui,
534 293 584 330 de
604 294 735 330 colore
756 306 835 330 non
857 306 961 342 queo

194 356 361 394 nouisse.
420 356 497 394 iam
517 356 594 394 iam
615 356 733 394 noui:
764 358 854 395 leno
876 364 933 395 est
955 357 1182 407 Cappadox.

194 421 432 470 congrediar.
492 422 562 461 CA.
595 423 714 468 salue,
739 422 930 460 Palinure.
992 424 1061 459 ΡΑ.
1093 435 1117 460 0
1137 423 1328 462 scelerum
1349 425 1478 469 caput⁹

108 501 172 536 235
193 488 353 525 salueto.
412 487 507 536 quid
527 487 637 536 agis?
694 488 765 526 CA.
797 487 902 525 uiuo.
964 489 1031 524 PA.
1063 500 1206 536 nempe
1227 494 1268 523 ut
1289 485 1430 534 dignus
1452 484 1523 523 es?
1542 502 1582 523 20

194 552 262 589 sed
284 552 378 601 quid
400 551 469 589 tibi
490 554 577 590 est?
635 553 706 591 CA.
739 552 816 590 lien
839 551 978 597 enicat,
1001 565 1112 589 renes
1133 552 1280 597 dolent,

195 617 400 665 pulmones
422 616 699 664 distrahuntur,
723 616 916 654 cruciatur
937 616 1052 662 iecur,

193 680 343 719 radices
363 681 490 719 cordis
512 689 686 731 pereunt,
711 681 817 719 hirae
837 694 976 719 omnes
997 682 1143 718 dolent.

195 748 263 784 PA.
296 754 377 784 tum
399 754 437 783 te
458 746 571 796 igitur
592 746 752 784 morbus
773 746 892 796 agitat
912 746 1159 796 hepatiarius.

106 824 175 856 240
194 812 265 849 CA.
298 811 409 849 facile
430 818 488 849 est
509 811 695 849 miserum
715 810 894 849 inridere.
955 812 1023 848 PA.
1057 810 1152 860 quin
1173 817 1215 848 tu
1235 809 1386 859 aliquot
1407 809 1491 848 dies
1543 828 1581 859 ²5

193 876 372 925 perdura,
393 877 488 913 dum
510 875 693 914 intestina
714 883 974 926 exputescunt
995 875 1076 922 tibi,

194 953 299 978 nune
319 941 415 978 dum
435 942 582 979 salsura
602 948 660 978 sat
681 940 846 979 bonast:
877 940 908 978 si
929 940 969 978 id
992 939 1138 987 feceris,

194 1005 326 1044 uenire
347 1005 491 1055 poteris
511 1004 706 1043 intestinis
727 1005 852 1043 uilius.

195 1071 266 1110 CA.
298 1070 375 1109 lien
396 1071 617 1109 dierectust.
678 1072 746 1108 PA.
778 1070 949 1117 ambula,
972 1069 1012 1108 id
1034 1069 1126 1108 lieni
1147 1070 1403 1119 optumumst.

108 1150 172 1186 245
195 1136 266 1174 CA.
298 1137 406 1174 aufer
426 1135 558 1183 istaec,
578 1149 737 1185 quaeso,
759 1143 880 1185 atque
901 1137 977 1174 hoc
998 1135 1195 1185 responde
1214 1135 1322 1184 quod
1343 1147 1448 1183 rogo.
1544 1153 1584 1184 30

193 1200 303 1250 potin
324 1200 590 1239 coniecturam
611 1202 748 1248 facere,
772 1200 803 1238 si
824 1214 976 1238 narrem
998 1200 1069 1238 tibi

194 1267 267 1304 hae
288 1274 405 1304 nocte
425 1267 533 1316 quod
554 1279 627 1315 ego
648 1265 844 1303 somniaui
864 1265 1095 1304 dormiens?

195 1333 263 1369 PA.
296 1333 373 1369 uah
391 1334 397 1369 1
427 1332 532 1369 solus
553 1331 617 1369 hic
637 1332 796 1369 homost
816 1330 885 1381 qui
906 1330 1002 1368 sciat
1022 1330 1221 1369 diuinitus.

194 1396 290 1446 quin
311 1396 554 1434 coniectores
574 1409 597 1434 a
616 1409 680 1434 me
700 1395 909 1433 consilium
930 1402 1069 1444 petunt
1086 1410 1093 1433 :

107 1474 176 1510 250
195 1463 303 1511 quod
323 1461 379 1499 eis
399 1461 595 1511 respondi,
619 1474 664 1499 ea
684 1474 823 1499 omnes
845 1468 948 1498 stant
969 1460 1173 1499 sententia.
1545 1474 1583 1506 35

340 1567 519 1604 Cocvs
632 1567 957 1603 PALINVRVS
1068 1566 1375 1604 CAPPADOX
1544 1568 1574 1605 fi

665 1632 1054 1668 PHAEDROMvs

197 1709 270 1748 Co.
302 1706 493 1754 Palinure,
516 1706 613 1756 quid
633 1708 743 1744 stas?
773 1705 868 1755 quin
889 1707 1175 1756 depromuntur
1195 1705 1291 1743 mihi

196 1786 297 1823 quae
317 1774 407 1822 opu'
427 1779 531 1819 sunt,
550 1770 720 1821 parasito
741 1778 783 1809 ut
803 1770 851 1808 sit
871 1778 1049 1821 paratum
1070 1771 1280 1820 prandium

196 1852 318 1889 quom
338 1837 499 1877 ueniat?
555 1838 624 1874 PA.
657 1850 773 1874 mane
794 1836 855 1882 sis,
879 1837 975 1874 dum
997 1835 1088 1874 huie
1109 1836 1263 1875 conicio
1284 1836 1493 1874 somnium.

197 1904 269 1944 Co.
301 1911 384 1942 tute
404 1903 498 1954 ipse,
519 1903 551 1942 si
571 1901 667 1953 quid
687 1901 901 1949 somniasti,
924 1903 975 1940 ad
996 1915 1059 1940 me
1080 1903 1207 1940 refers.

111 1979 175 2016 255
198 1970 266 2006 ΡΑ.
303 1970 434 2007 fateor.
494 1969 566 2007 Co.
602 1968 678 2014 abi,
711 1967 910 2018 deprome.
971 1971 1038 2007 ΡΑ.
1071 1981 1143 2018 age
1175 1974 1217 2005 tu
1251 1966 1399 2005 interea
1432 1966 1524 2005 huic
1545 1983 1562 2015 5

1327 2047 1524 2073 somnium

197 2100 318 2134 narra,
343 2087 543 2126 meliorem
564 2100 682 2137 quam
703 2100 775 2137 ego
796 2101 882 2125 sum
904 2101 1087 2137 suppono
1109 2088 1189 2127 tibi.

197 2200 307 2265 60230
329 2200 413 2220 esne
423 2190 488 2222 cod.
505 2190 671 2231 (estnej)
763 2192 826 2229 236
850 2190 940 2221 liene
958 2197 1061 2231 negat
1076 2192 1139 2224 cod.
1157 2191 1314 2223 Varronis
1329 2192 1369 2224 de
1385 2192 1424 2224 L.
1439 2190 1478 2222 L
1494 2202 1522 2231 7,

256 2234 355 2264 :lien
373 2239 471 2264 necat
483 2234 549 2265 cod.
639 2244 704 2273 239
720 2244 749 2265 v.
769 2244 833 2273 244
838 2237 916 2274 post
929 2235 963 2265 ln
955 2246 1018 2265 unc
1026 2235 1335 2276 posuztAmdaltssus
1379 2236 1527 2266 huzcloco

201 2277 298 2309 Goetz
314 2277 439 2307 ascri'bzt
452 2277 546 2308 verba
563 2276 678 2308 Sereni
690 2276 901 2307 Sammoni'a
912 2287 941 2308 v.
959 2289 1023 2318 425
1044 2279 1174 2310 ‘dulcia
1192 2279 1330 2310 Plautus
1346 2279 1392 2310 ait
1405 2279 1525 2318 grandi

198 2322 311 2352 minus
335 2325 414 2360 apta
430 2319 529 2351 lieni'
658 2331 722 2360 242
746 2320 876 2351 salsura
903 2331 947 2351 an
973 2323 1099 2353 saltura
1126 2323 1233 2354 ancen
1262 2323 1328 2354 cod.
1462 2332 1525 2362 244

199 2365 384 2395 dierectust
403 2361 635 2394 Cameramus·
629 2388 635 2394 .
659 2365 831 2395 diei-uetus
847 2364 912 2394 cod.
1047 2376 1110 2405 253
1135 2366 1249 2397 ueniet
1265 2366 1297 2396 Β
1311 2369 1386 2397 ante
1401 2375 1480 2396 corr.
