1742 2718
725 63 955 102 CAPTIVI
1450 61 1501 98 II.
1523 61 1537 97 i

90 160 159 231 {ff
177 178 249 214 Tv.
281 188 405 213 unum
439 186 595 213 exorare
627 185 698 211 uos
730 172 845 210 sinite
878 185 961 210 nos.
1022 172 1094 210 Lo.
1126 170 1316 220 quidnam
1346 170 1387 208 id
1418 172 1507 208 est?

956 238 1029 274 ΤΥ.
1061 244 1103 274 ut
1125 236 1208 274 sine
1229 235 1336 274 hisce
1356 235 1508 273 arbitris

391 313 509 354 atque
529 304 643 343 uobis
664 303 779 342 nobis
800 302 901 341 detis
922 304 1054 341 locum
1076 301 1276 351 loquendi.

90 352 159 432 Z}
178 373 249 410 Lo.
301 371 376 408 fiat.
446 369 646 419 apscedite
685 368 777 407 hinc
797 383 804 406 ι
853 381 926 407 nos
966 368 1232 408 concedamus
1272 367 1359 404 huc.
1440 367 1509 404 sed

887 434 1050 472 breuem
1072 432 1289 471 orationem
1311 431 1506 482 incipisse.

93 511 157 548 215
233 502 305 538 ΤΥ.
338 502 401 538 e'm
421 499 520 538 istuc
541 499 638 537 mihi
658 506 808 538 certum
829 506 920 536 erat.
972 498 1149 536 concede
1169 498 1257 535 huc.
1318 497 1389 534 Lo.
1423 494 1507 548 [ab]
1534 506 1574 527 20

806 563 859 601 ite
878 563 928 601 ab
950 562 1044 601 istis.
1103 563 1176 599 ΤΥ.
1208 560 1369 599 obnoxii
1389 561 1510 599 ambo

342 630 456 669 uobis
471 632 597 668 sumu'
604 636 763 679 propter
778 630 880 666 hanc
895 641 987 675 rem,
999 640 1120 677 quom
1129 626 1230 676 quae
1246 626 1422 664 uolumu’
1438 638 1511 663 nos

342 695 457 746 copia
476 703 534 733 est
549 710 559 743 ;
587 709 633 733 ea
653 694 777 733 facitis
799 707 871 732 nos
892 700 1108 743 compotes.

345 763 516 799 PHILOC.
548 761 690 799 secede
710 761 788 797 huc
809 758 1007 805 nunciam,
1032 757 1063 795 si
1084 756 1250 803 uidetur,
1268 757 1419 806 procul,

94 843 164 868 220
346 840 396 865 ne
415 819 673 864 arbitri'dicta
693 832 825 863 nostra
845 822 1021 862 arbitrari
1042 830 1189 873 queant

343 905 421 930 neu
441 898 644 941 permanet
664 891 793 940 palam
814 890 912 927 haec
933 896 1066 926 nostra
1086 887 1247 926 fallacia.
1539 896 1577 928 25

343 969 435 994 nam
455 955 537 994 doli
557 968 638 993 non
659 954 741 993 doli
761 962 862 1001 sunt,
885 952 996 1005 ni(si)
1013 960 1101 991 astu
1122 954 1238 999 colas,

344 1022 414 1060 sed
435 1021 583 1058 malum
605 1032 848 1066 maxumum,
869 1018 901 1056 si
921 1017 961 1056 id
982 1019 1112 1067 palam
1133 1017 1333 1068 prouenit-f

183 1102 276 1127 narn
301 1089 333 1126 si
363 1100 450 1126 erus
482 1086 578 1124 mihi
610 1098 651 1124 es
685 1087 727 1123 tu
760 1093 879 1135 atque
914 1097 987 1134 ego
1017 1097 1080 1122 me
1109 1091 1219 1122 tuom
1247 1097 1332 1122 esse
1361 1096 1518 1122 seruom

1307 1148 1516 1195 adsimulo,

97 1231 163 1269 225
185 1227 318 1258 tamen
352 1218 438 1256 uiso
471 1224 600 1268 opust,
632 1223 749 1255 cauto
779 1223 837 1254 est
868 1228 979 1266 opus,
1013 1223 1055 1253 ut
1086 1216 1163 1253 hoc
1195 1213 1324 1252 sdbrie
1354 1213 1519 1263 sineque

1363 1276 1516 1316 arbitris

293 1356 473 1388 accurate
493 1356 637 1399 agatur,
662 1349 779 1386 docte
800 1355 838 1386 et
858 1346 1065 1397 diligenter
1080 1360 1090 1394 5
1543 1356 1582 1386 30

295 1421 403 1452 tanta
422 1413 579 1464 incepta
599 1426 657 1451 res
679 1421 738 1451 est
756 1428 763 1451 :
793 1414 872 1451 hau
893 1411 1159 1451 somniculose
1180 1411 1258 1449 hoc

295 1480 494 1529 agendum
509 1486 578 1517 est.
610 1480 682 1516 ΤΥ.
715 1491 782 1516 ero
797 1485 840 1516 ut
855 1491 919 1516 me
935 1478 1045 1515 uoles
1061 1489 1157 1515 esse.
1190 1477 1362 1523 PHILQC.
1394 1487 1519 1526 spero.

296 1546 369 1582 ΤΥ.
401 1557 493 1582 nam
514 1551 556 1582 tu
576 1557 683 1582 nunc
703 1543 815 1582 uides
835 1556 906 1593 pro
927 1550 996 1580 tuo
1018 1555 1109 1580 caro
1129 1540 1257 1590 capite

101 1623 171 1658 230
296 1622 430 1648 carum
451 1610 588 1647 offerre
606 1607 706 1660 (me)
725 1621 858 1647 meum
879 1614 998 1658 caput
1018 1606 1169 1645 uilitati.

190 1676 362 1713 PmLoc.
405 1673 497 1712 scio.
567 1675 640 1712 ΤΥ.
686 1680 726 1711 at
759 1672 856 1711 scire
892 1679 1107 1720 memento,
1143 1672 1306 1721 quando
1340 1670 1381 1708 id
1415 1670 1525 1720 quod
1545 1679 1583 1711 35

1204 1737 1314 1773 uoles
1335 1734 1501 1773 habebis
1516 1749 1526 1782 ;

191 1818 282 1843 nam
303 1805 382 1843 fere
402 1817 587 1843 maxuma
606 1817 694 1854 pars
714 1815 865 1841 morem
886 1803 992 1840 hunc
1014 1800 1195 1840 homines
1215 1800 1364 1838 habent
1381 1815 1387 1838 :
1418 1800 1527 1849 quod

1278 1864 1353 1903 sibi
1373 1865 1524 1911 uolunt,

525 1932 620 1970 dum
641 1931 682 1970 id
703 1931 923 1982 impetrant,
948 1932 1044 1972 boni
1064 1939 1156 1971 sunt
1170 1947 1182 1980 ,-

460 1999 530 2037 sed
550 1998 591 2036 id
611 1996 679 2035 ubi
700 1996 777 2035 iam
797 2009 919 2046 penes
940 1998 1026 2034 sese
1046 1996 1207 2043 habent,

107 2078 173 2114 235
408 2077 455 2102 ex
474 2062 590 2101 bonis
611 2060 785 2111 pessumi
805 2068 844 2099 et
864 2059 1225 2098 fraudulentissumi
1526 2096 1528 2101 Α

409 2130 518 2166 fiunt.
565 2129 737 2164 PHlLoc.
770 2138 875 2163 nunc
896 2132 938 2163 ut
959 2124 1056 2162 mihi
1072 2132 1110 2163 te
1129 2126 1224 2163 uolo
1244 2111 1527 2181 efflsffse‘autumoss
1545 2137 1589 2169 40

239 2243 303 2273 215
327 2233 373 2263 ite
395 2233 509 2272 scrspsi
529 2231 580 2271 (cf
609 2229 655 2260 ad
675 2230 804 2270 Amph.
833 2228 889 2267 32)
1039 2238 1103 2267 224
1126 2232 1162 2258 tu
1185 2228 1266 2258 mihi
1290 2238 1328 2258 es
1349 2227 1529 2258 Hermann

197 2279 262 2308 226
278 2275 375 2318 [hoc]
392 2279 512 2315 agatur
527 2274 591 2306 cod.
613 2286 620 2306 τ
643 2285 719 2304 corr.
738 2273 872 2304 Guietus
1016 2281 1081 2309 230
1103 2281 1157 2301 me
1174 2271 1248 2303 add.
1264 2271 1396 2311 Bentley
1482 2270 1534 2301 vel

196 2320 326 2351 vilitati
354 2319 468 2359 (quasi
491 2318 582 2360 deae)
730 2326 790 2355 231
817 2318 987 2346 memento
1023 2315 1111 2344 scire
1143 2314 1326 2353 Fleckeisen,
1362 2318 1400 2346 ut
1429 2313 1529 2345 iamb.

197 2364 398 2405 septenarius
405 2362 473 2402 fiat
605 2362 669 2400 236
693 2361 777 2391 fiunt
793 2359 970 2390 Hermann
984 2368 992 2388 t
1015 2363 1095 2389 sunt
1107 2357 1172 2389 cod.
1187 2359 1219 2400 (s
1229 2364 1294 2399 pro
1309 2358 1338 2399 s>
