1742 2718
721 65 949 104 CAPTIVI
1475 62 1503 98 Ι.
1526 62 1555 98 ii

171 180 234 218 hic
255 179 380 230 qualis
401 178 610 229 imperator
630 190 736 216 nunc
757 175 930 227 priuatus
951 181 1019 213 est.

172 247 252 283 HE.
299 245 401 284 habe
450 245 571 283 mddo
620 244 771 282 bonum
818 240 1006 286 animum,
1052 251 1144 277 nam
1192 237 1302 276 illum
1346 237 1506 275 confido

1340 303 1505 340 domum

170 376 209 414 in
230 375 289 414 his
310 375 450 414 diebus
471 388 534 413 me
554 372 879 413 reconciliassere.

169 455 260 479 nam
282 454 420 479 eccum
441 440 504 478 hic
525 439 723 490 captiuom
744 438 1039 476 adulescentem
1060 436 1214 481 Aleum,
1526 437 1569 469 60

86 518 153 552 170
170 514 404 556 prognatum
423 518 566 555 genere
587 517 743 542 summo
764 510 802 540 et
823 501 985 540 summis
1007 500 1111 539 ditiis
1129 515 1136 537 :

170 573 246 610 hoc
268 571 377 608 illum
398 584 462 609 me
483 567 803 621 mutare—(ER.)
831 568 992 605 confido
1014 567 1106 604 fore.

171 634 284 689 [ER]
316 637 368 674 ita
388 636 428 674 di
449 637 626 686 deaeque
648 635 778 673 faxint.
839 634 908 672 sed
930 646 1026 670 num
1048 645 1127 681 quo
1148 632 1250 669 foras

169 710 334 740 uocatus
353 700 431 754 <es>
449 703 501 740 ad
522 702 691 739 cenam?
748 701 829 738 HE.
863 711 1072 748 nusquam,
1094 698 1202 746 quod
1224 694 1356 733 sciam.

171 768 240 806 sed
262 767 357 817 quid
379 775 420 805 tu
441 767 481 805 id
502 765 686 817 quaeris?
742 767 816 803 ER.
849 763 942 813 quia
962 762 1016 800 mi
1036 769 1094 800 est
1116 760 1255 799 natalis
1277 759 1360 798 dies
1376 773 1386 806 3
1526 764 1568 806 65

87 848 149 884 175
170 840 376 883 propterea
395 830 452 883 <a>
472 839 510 869 te
531 830 663 870 uocari
683 831 735 869 ad
756 838 793 868 te
812 830 864 868 ad
884 841 1024 867 cenam
1046 828 1149 865 uolo.

172 899 252 935 HE.
285 899 410 936 facete
431 897 580 936 dictum
599 900 605 935 l
645 897 715 935 sed
736 895 768 934 si
788 894 1003 946 pauxillum
1024 900 1136 943 potes

170 970 379 1001 contentus
400 976 495 1001 esse.
556 963 630 999 ER.
663 975 713 999 ne
734 959 1017 1011 perpauxillum
1039 959 1172 1004 modo,

170 1041 262 1065 narn
283 1027 382 1066 istoc
404 1041 466 1065 me
487 1026 656 1065 adsiduo
677 1025 784 1064 uictu
805 1026 961 1064 delecto
981 1023 1091 1062 domi
1107 1038 1117 1070 ;

170 1105 241 1142 age
261 1092 323 1139 sis,
346 1105 438 1142 roga
458 1099 635 1142 emptum
653 1107 659 1129 :
691 1093 700 1110 ‘
714 1089 789 1128 nisi
809 1089 877 1139 qui
898 1088 1099 1127 meliorem
1120 1073 1273 1126 adferet
1528 1096 1567 1130 70

88 1166 154 1199 180
171 1170 272 1207 quae
293 1157 389 1194 mihi
408 1164 527 1206 atque
547 1155 682 1194 amicis
703 1157 856 1205 placeat
875 1153 1060 1192 condicio
1081 1152 1227 1201 magis,'

171 1222 283 1272 quasi
302 1223 470 1260 fundum
491 1222 675 1267 uendam,
699 1219 795 1258 meis
815 1233 879 1257 me
898 1218 1083 1257 addicam
1104 1217 1265 1267 legibus.

174 1290 254 1326 HE.
287 1288 528 1338 profundum
551 1286 691 1324 uendis
712 1293 754 1323 tu
775 1284 948 1334 quidem,
972 1284 1050 1321 hau
1072 1283 1251 1327 fundum,
1276 1280 1383 1318 mihi.

172 1355 242 1392 sed
262 1353 294 1391 si
314 1354 524 1400 uenturu’s‚
548 1350 723 1402 temperi.
784 1352 858 1388 ER.
891 1362 965 1396 em,
989 1350 1052 1386 uel
1073 1347 1150 1386 iam
1172 1347 1296 1385 otium
1317 1353 1385 1384 est.

173 1422 253 1457 HE.
286 1419 297 1457 i
318 1419 451 1466 modo,
475 1431 618 1456 uenare
638 1418 835 1466 leporem:
867 1427 973 1452 nunc
994 1413 1078 1464 irim
1101 1420 1237 1459 tenes;
1291 1437 1293 1441 -
1529 1420 1567 1454 75

90 1488 151 1533 185
171 1498 264 1523 nam
285 1485 386 1522 meu’
407 1496 634 1533 scruposam
657 1481 784 1519 uictus
805 1486 1020 1518 commetat
1040 1478 1156 1517 uiam.
1299 1521 1306 1524 ,

173 1551 247 1588 ER.
281 1561 498 1598 numquam
519 1547 618 1586 istoc
639 1546 775 1585 uinces
797 1559 873 1593 me,
895 1544 1038 1594 Hegio,
1063 1557 1113 1582 ne
1133 1544 1331 1594 postules:

172 1628 263 1653 cum
283 1613 465 1652 calceatis
485 1612 672 1651 dentibus
692 1611 850 1649 ueniam
872 1617 1015 1648 tamen.

174 1681 254 1718 HE.
286 1692 398 1729 asper
418 1679 520 1716 meu'
541 1677 668 1715 uictus
689 1690 784 1715 sane
804 1682 873 1714 est.
933 1676 1008 1713 ER.
1041 1674 1214 1713 sentisne
1234 1673 1399 1712 essitas?

174 1747 254 1784 HE.
287 1744 474 1783 terrestris
494 1757 593 1782 cena
612 1750 681 1781 est.
741 1744 815 1781 ER.
848 1755 913 1780 sus
934 1740 1121 1779 terrestris
1142 1739 1268 1778 bestia
1287 1746 1356 1778 est.
1525 1745 1567 1776 80

91 1826 156 1862 190
174 1813 255 1849 HE.
288 1810 420 1848 multis
439 1808 651 1848 holeribus.
711 1810 785 1846 ER.
818 1814 953 1846 curato
972 1814 1152 1856 aegrotos
1172 1805 1293 1844 domi.

173 1875 368 1926 numquid
424 1875 512 1914 uis?
587 1876 668 1912 ΗΕ.
719 1872 855 1912 uenias
912 1871 1087 1922 temperi.
1166 1872 1242 1909 ER.
1291 1882 1507 1908 memorem

1303 1949 1508 1974 mones.—

175 2009 255 2046 HE.
288 2007 354 2046 ibo
375 2006 477 2045 intro
496 2012 615 2056 atque
635 2005 740 2043 intus
760 2004 982 2042 subducam
1002 2002 1275 2050 ratiunculam,

222 2113 284 2151 169
311 2112 392 2151 sort.
418 2109 564 2154 (alium)
594 2110 646 2149 A„
677 2119 759 2140 nam
795 2108 907 2139 hiatus
937 2117 1014 2137 nam
1047 2106 1051 2147 Ι
1081 2116 1195 2137 eccum
1225 2105 1230 2146 1
1261 2105 1315 2136 hic
1347 2104 1510 2146 displicent

178 2165 235 2194 171
263 2155 327 2186 ER.
346 2154 396 2185 hic
408 2155 504 2195 posui
610 2153 698 2194 sore]
717 2156 796 2192 pote
812 2151 953 2181 Mueller
1054 2159 1115 2188 172
1140 2150 1249 2189 deque
1267 2149 1343 2190 (pro
1360 2150 1507 2189 deeque)

173 2198 240 2230 cod.
373 2208 434 2238 173
456 2208 493 2229 es
510 2197 586 2229 add.
599 2197 674 2228 Ital.
810 2204 870 2233 175
887 2204 906 2224 a
918 2193 994 2224 add.
1010 2192 1138 2224 Schoell
1223 2194 1264 2224 ad
1281 2197 1315 2223 te
1331 2193 1372 2223 ad
1389 2203 1507 2222 cenam

173 2241 314 2274 Schoell:
339 2242 382 2272 ad
398 2247 432 2272 te
449 2252 526 2272 nam
539 2251 617 2272 corr.
634 2251 673 2271 ex
687 2241 729 2270 ad
739 2244 772 2269 te
789 2239 831 2269 ad
848 2242 882 2268 te
895 2247 971 2267 nam
982 2235 1049 2267 cod.
1064 2239 1102 2266 ut
1110 2235 1174 2267 vid.
1269 2237 1330 2275 176
1354 2236 1506 2275 pauxillo

176 2285 271 2315 ‘libri
284 2289 398 2316 veteres
405 2284 564 2325 plerique'
582 2283 742 2315 Lambini
896 2291 955 2320 177
982 2284 1200 2319 contemptus
1219 2278 1284 2310 cod.
1446 2288 1507 2317 179

173 2329 226 2359 aie
239 2328 302 2360 cod.
439 2328 499 2367 185
523 2339 593 2359 non
609 2327 674 2359 cod.
695 2327 719 2369 <2
729 2331 791 2367 pro
809 2329 850 2362 ῆ;
873 2325 928 2355 vii.
948 2324 984 2365 2)
