1814 2723
217 49 321 88 1V.1
714 47 759 83 T.
793 44 973 84 MACCI
1005 44 1209 82 PLAVTI

307 159 415 199 domi
436 173 546 199 meae
567 172 701 198 eccam
723 159 871 197 saluam
893 164 930 196 et
951 170 1097 196 sanam.
1156 169 1248 195 narn
1268 163 1479 206 postquam
1499 153 1634 193 audiui

1544 218 1635 257 ilico

308 304 328 330 e
349 303 438 329 meo
459 292 572 329 se'ruo
593 289 699 327 illam
720 301 805 327 esse
826 295 992 337 captam,
1016 286 1206 325 continuo
1226 292 1430 335 argentum
1451 283 1544 323 dedi

308 364 349 394 ut
370 363 572 394 erneretur.
631 354 694 392 ille
715 367 801 392 earn
823 366 903 391 rem
925 353 1026 390 adeo
1047 351 1174 389 sobrie
1195 359 1233 390 et
1253 350 1449 401 frugaliter
1658 356 1722 401 565

307 420 504 459 accurauit
525 426 665 457 ut-ut
685 420 736 457 ad
757 418 852 456 alias
874 431 932 456 res
954 425 1012 455 est
1032 416 1196 466 inpense
1216 415 1417 466 inprobus.

249 498 288 528 45
310 488 383 524 PH.
416 488 476 524 fac
505 485 674 531 uideam,
705 483 759 522 sei
789 497 888 530 mea,
920 482 975 521 sei
1006 483 1154 520 saluam
1180 480 1280 534 (me)
1306 481 1376 519 uis.
1436 482 1504 518 PE.
1538 481 1637 518 eho!

1278 546 1404 593 istinc,
1428 546 1637 591 Canthara,

308 617 399 655 iube
419 615 661 654 Telestidem
681 616 758 652 huc
778 613 935 664 prodire
954 612 1073 650 filiam
1095 619 1186 650 ante
1204 611 1313 650 aedis
1333 624 1474 657 meam,

308 691 351 722 ut
372 695 482 721 suam
503 682 635 720 uideat
655 688 830 719 matrem.
881 681 956 717 PH.
978 678 1159 728 remigrat
1178 677 1333 716 animus
1353 690 1460 715 nunc
1480 677 1642 715 demum

1535 740 1641 779 mihi.

266 861 296 899 ii
368 862 791 898 ACROPOLISTIS
876 858 1246 894 PERIPHANES
1330 855 1608 891 PHILIPPA

314 947 386 983 Ac.
412 942 520 992 Quid
541 949 609 987 est,
632 948 752 990 pater,
775 939 885 989 quod
906 951 969 977 me
997 935 1174 976 exciuisti
1194 943 1285 974 ante
1305 934 1444 973 aedis?
1502 935 1570 971 PE.
1602 939 1644 970 ut
1666 943 1734 981 570

1353 1007 1517 1038 matrem
1538 1005 1646 1036 tuam

313 1073 460 1120 uideas,
483 1073 611 1118 adeas,
634 1068 865 1108 aduenienti
885 1069 955 1107 des
977 1069 1143 1105 salutem
1163 1074 1282 1116 atque
1302 1066 1493 1103 osculum.

314 1142 387 1177 Ac.
420 1150 538 1188 quam
559 1149 689 1174 meam
710 1134 904 1173 matrem?
962 1134 1030 1170 PE.
1064 1145 1165 1182 quae
1186 1130 1406 1169 exanimata
1426 1128 1649 1179 exsequitur

1301 1203 1504 1245 aspectum
1525 1201 1647 1232 tuom.

319 1272 393 1308 PH.
425 1267 512 1318 quis
534 1266 653 1305 istaec
678 1272 736 1304 est
764 1277 883 1315 quam
910 1270 952 1302 tu
973 1263 1153 1302 osculum
1175 1260 1228 1300 mi
1255 1262 1353 1299 ferre
1377 1259 1518 1298 iubes?
1579 1260 1647 1296 PE.

1473 1332 1540 1363 tua
1559 1324 1647 1362 filia.

283 1415 301 1447 5
322 1402 395 1439 PH.
428 1398 621 1438 haecine?
678 1398 748 1434 PE.
770 1396 878 1434 haec.
939 1396 1013 1432 PH.
1046 1406 1171 1443 egone
1199 1393 1377 1431 osculum
1407 1390 1499 1428 huic
1528 1391 1651 1428 dem?

909 1461 977 1498 PE.
1010 1472 1082 1509 qur
1102 1471 1193 1504 non,
1218 1470 1319 1507 quae
1339 1470 1385 1495 ex
1405 1464 1443 1494 te
1463 1463 1554 1493 nata
1574 1455 1651 1493 sit?

319 1533 393 1569 PH.
425 1534 467 1569 tri
487 1531 610 1568 homo
629 1526 787 1566 insanis.
850 1527 918 1564 PE.
942 1526 1097 1575 egone?
1170 1525 1243 1561 PH.
1268 1530 1372 1561 tune.
1448 1523 1516 1559 PE.
1549 1521 1650 1570 qur?
1672 1532 1735 1570 575

1027 1592 1100 1628 PH.
1133 1589 1225 1639 quia
1245 1588 1317 1638 ego
1338 1589 1439 1625 hanc
1460 1585 1560 1636 quae'
1581 1585 1653 1624 siet

318 1675 446 1712 neque
467 1660 549 1700 scio
569 1671 699 1709 neque
719 1656 814 1696 noui
834 1670 964 1706 neque
984 1669 1056 1706 ego
1076 1655 1178 1692 hane
1194 1653 1317 1692 oeulis
1334 1651 1416 1691 uidi
1435 1659 1527 1690 ante
1547 1651 1653 1688 hunc

1534 1715 1650 1754 diem.

321 1795 388 1832 PE.
422 1792 503 1832 scio
525 1790 621 1842 quid
641 1802 743 1829 erres
763 1804 769 1827 :
800 1787 893 1838 quia
912 1786 1099 1826 uestitum
1126 1793 1244 1836 atque
1272 1791 1454 1823 ornatum
1474 1781 1654 1820 immuta-

1532 1847 1653 1886 bilem

321 1925 441 1963 habet
460 1925 568 1970 haec,
602 1937 620 1957 21<

265 2003 304 2024 10
323 1992 396 2028 PH.
699 2000 718 2020 2³<
875 1985 987 2024 aliter
1004 1984 1123 2023 catuli
1143 1985 1259 2033 longe
1280 1983 1397 2029 olent,
1421 1980 1531 2019 aliter
1551 1991 1650 2017 sues.

366 2096 430 2135 566
453 2099 488 2125 ut
505 2094 545 2124 ad
564 2103 630 2123 orn.
643 2092 675 2123 P
770 2091 833 2130 567
858 2090 906 2120 sei
925 2099 999 2120 mea
1016 2090 1064 2120 sei
1082 2089 1208 2120 saluam
1228 2097 1281 2118 me
1292 2087 1343 2117 uis
1356 2085 1486 2125 scripsi:
1511 2083 1652 2123 sim(ea)

322 2139 502 2171 seisaluam
528 2136 582 2166 -A
601 2148 608 2167 ε
626 2137 653 2166 si
671 2145 724 2165 me
741 2134 791 2165 uis
806 2134 839 2164 P
923 2134 989 2172 568
1012 2133 1217 2163 Telestidem
1236 2130 1329 2160 Valla
1346 2142 1352 2160 ε
1377 2127 1652 2167 acropolistidem

322 2182 411 2214 codd.
505 2181 569 2211 huc
586 2191 651 2211 om.
672 2179 704 2209 P
827 2178 891 2216 569
916 2176 1058 2216 remigat
1074 2176 1107 2206 A
1238 2174 1368 2214 571—80
1391 2173 1425 2203 in
1442 2172 1474 2202 A
1489 2177 1596 2212 pauca
1612 2170 1653 2200 le-

276 2252 284 2262 χ
319 2230 452 2268 guntur
551 2234 611 2263 571
638 2221 833 2254 aduenienti
853 2221 1084 2251 Camerarius:
1110 2219 1260 2250 uenienti
1278 2218 1310 2248 P
1327 2217 1377 2255 (A
1396 2227 1427 2248 n.
1448 2216 1486 2249 l.)
1590 2224 1654 2253 574

325 2280 411 2310 quor
426 2268 459 2300 A
479 2271 516 2298 ut
531 2267 593 2299 vid.
730 2275 793 2305 575
818 2275 904 2304 quor
919 2263 1041 2311 (nam)
1061 2263 1158 2295 Goetz
1280 2262 1354 2300 578.
1375 2270 1438 2300 579
1463 2259 1527 2289 duo
1543 2267 1655 2288 vens-us

314 2314 456 2355 suerunt
466 2313 499 2343 in
512 2311 544 2341 A
567 2323 573 2342 :
600 2321 708 2341 unum
726 2319 869 2347 versum,
888 2307 1005 2339 lacuna
1023 2317 1089 2338 non
1105 2306 1255 2346 indicata,
1271 2304 1393 2336 exhibet
1408 2303 1441 2334 P
1453 2302 1505 2344 (cf.
1520 2301 1567 2333 ad
1575 2300 1653 2341 554)

328 2368 391 2397 579
414 2357 485 2387 suis
502 2354 588 2386 codd.
612 2354 704 2394 (corr.
720 2352 783 2394 ΕΒ)
