1814 2723
748 396 1131 447 PROLOGVS

686 554 799 590 LAR
843 553 1189 589 FAMlLrARrs

276 640 376 677 LAR.
410 638 472 675 Ne
493 635 579 686 quis
601 634 760 673 miretur
781 632 847 683 qui
869 632 954 679 sim,
977 631 1112 682 paucis
1133 633 1303 682 eloquar.

275 716 348 752 ego
372 704 446 740 Lar
466 714 553 739 sum
574 698 773 737 Iamiliaris
794 712 841 736 ex
862 699 935 735 hac
957 696 1103 735 familia

276 769 383 806 unde
404 773 612 805 exeuntem
634 778 697 802 me
717 762 934 813 aspexistis.
993 763 1096 800 hanc
1117 763 1281 800 domurn

276 832 354 870 iam
376 833 521 869 multos
541 842 667 868 annos
689 837 746 867 est
768 842 889 878 quom
911 827 1097 877 possideo
1117 834 1155 865 et
1176 828 1264 865 colo

239 914 255 945 5
278 897 376 948 patri
392 897 396 947 Ι
411 910 569 946 auoque
589 895 666 933 iam
688 894 818 932 huiius
839 893 905 943 qui
927 907 1033 931 nunc
1053 892 1117 930 hic
1137 892 1267 938 habet,

278 963 348 1001 sed
370 961 465 1000 mihi
485 974 582 998 auos
604 959 734 997 huiius
755 972 966 1009 opsecrans
987 956 1232 995 concredidit

278 1027 359 1066 auri
382 1029 636 1066 thensaurum
659 1027 759 1063 clam
781 1023 910 1063 omnis
928 1038 934 1061 z
964 1022 1004 1061 in
1026 1022 1158 1061 medio
1179 1023 1269 1060 foco

279 1092 441 1138 defodit,
465 1104 658 1130 uenerans
679 1088 742 1128 rne'
762 1097 805 1127 ut
826 1088 866 1127 id
887 1101 1082 1126 seruarem
1104 1086 1188 1125 sibi.

279 1158 311 1197 is
332 1157 519 1208 quoniam
542 1155 704 1194 moritur
726 1154 796 1205 (ita
814 1153 934 1192 auido
955 1151 1113 1203 ingenio
1134 1150 1233 1203 fuit),

222 1242 260 1264 10
279 1237 497 1274 numquam
518 1222 692 1261 indicare
712 1221 753 1259 id
774 1220 855 1259 filio
875 1218 1001 1258 uoluit
1021 1232 1104 1265 suo,

279 1290 521 1340 inopemque
541 1286 693 1337 optauit
714 1285 845 1337 potius
866 1298 957 1324 eum
978 1283 1196 1334 relinquere

280 1368 399 1405 quarn
421 1367 511 1392 eum
533 1354 790 1391 thensaurum
811 1356 1110 1389 commostraret
1129 1348 1210 1387 filio
1226 1363 1236 1396 3

280 1419 359 1470 agri
380 1418 536 1469 reliquit
557 1417 592 1457 ei
613 1431 694 1455 non
715 1429 902 1467 magnum
924 1416 1101 1461 modum,

281 1499 361 1536 quo
382 1498 472 1524 cum
493 1484 627 1522 labore
649 1495 792 1532 magno
812 1489 851 1520 et
872 1480 1010 1518 misere
1031 1479 1191 1518 uiueret.

225 1567 260 1599 15
282 1550 349 1589 ubi
371 1550 402 1588 is
422 1549 521 1588 obiit
542 1555 709 1587 mortem
730 1546 798 1597 qui
819 1545 872 1584 rni
894 1545 934 1584 id
954 1559 1093 1583 aururn
1114 1543 1289 1591 credidit,

282 1614 395 1666 coepi
416 1603 636 1665 opseruafe,
659 1611 775 1662 ecqui
795 1610 983 1649 maiorem
1006 1610 1107 1648 fil‘sus

283 1680 379 1718 mihi
399 1681 592 1719 honorem
613 1678 775 1716 haberet
796 1691 914 1727 quam
936 1676 1018 1715 eius
1039 1675 1242 1715 habuisset
1261 1681 1380 1726 pater.

282 1754 401 1796 atque
421 1745 486 1783 ille
506 1758 601 1783 uero
622 1743 743 1782 minu‘
765 1742 975 1792 minusque
995 1741 1200 1792 impendio

192 1837 201 1839 >
284 1824 417 1850 curare
438 1809 639 1859 minu'que
660 1822 724 1847 me
745 1807 942 1859 impertire
963 1807 1191 1846 honoribus.

226 1892 265 1913 20
284 1876 378 1914 item
398 1889 422 1914 a
441 1889 504 1913 me
525 1882 662 1913 contra
681 1876 829 1913 facturn
849 1881 918 1921 est,
941 1873 1033 1911 naim
1054 1872 1147 1911 item
1169 1871 1267 1910 obiit
1287 1871 1404 1910 diem.

283 1941 316 1980 is
337 1955 383 1980 ex
404 1954 445 1979 se
465 1942 571 1979 hunc
591 1939 748 1990 reliquit
768 1938 836 1990 qui
855 1938 921 1978 hic
941 1952 1048 1977 nunc
1068 1937 1219 1976 habitat
1239 1936 1364 1975 filium

284 2006 427 2058 pariter
447 2014 643 2045 moratum
663 2013 706 2044 ut
726 2013 835 2056 pater
854 2018 1031 2055 auosque
1051 2003 1180 2042 huiius
1201 2001 1283 2041 fuit.

285 2071 377 2111 huic
398 2071 476 2109 filia
496 2085 574 2110 una
594 2078 661 2110 est.
722 2085 769 2109 ea
788 2069 884 2108 mihi
905 2068 1067 2108 cottidie

329 2187 348 2206 2
373 2186 445 2206 sum
464 2176 514 2206 lar
530 2174 615 2206 codd.
636 2174 800 2205 Prisciani
816 2184 842 2212 1,
864 2183 938 2212 223,
959 2172 1060 2204 Probi
1073 2171 1186 2203 cathol.
1207 2180 1245 2210 15
1407 2181 1425 2209 4
1443 2169 1561 2209 quom]
1578 2174 1614 2200 ut

260 2246 268 2256 χ
286 2219 372 2251 codd.
386 2219 423 2250 N
441 2219 566 2258 m'i25o
664 2228 682 2257 5
703 2217 857 2257 patriabo
871 2218 890 2248 i.
907 2217 994 2247 codd.
1009 2216 1113 2246 Nonii
1126 2215 1209 2253 318:
1228 2214 1383 2254 patrique
1400 2224 1429 2245 a.
1444 2214 1464 2244 i.
1484 2212 1615 2243 Aldus:

287 2269 384 2304 patre
398 2263 477 2293 uiuo
494 2274 524 2294 a.
544 2263 564 2292 i.
578 2261 715 2292 Palmer
813 2272 830 2299 7
856 2261 901 2291 th.
922 2261 992 2291 auri
1010 2259 1075 2290 cod.
1090 2271 1096 2291 ς
1123 2259 1196 2289 imi.
1217 2257 1428 2288 Camerarius
1528 2257 1567 2287 16
1583 2259 1616 2286 et

278 2308 341 2347 ‘qui
359 2306 428 2339 cod.
448 2307 484 2347 (i.
508 2316 536 2345 7.
555 2307 589 2344 73
608 2317 614 2335 :
639 2309 673 2335 et
696 2306 829 2345 quidem
848 2304 938 2336 codd.
967 2300 1069 2334 Nonii
1089 2313 1176 2342 320:
1200 2301 1321 2340 ecquid
1340 2300 1462 2332 Caesar
1575 2309 1618 2329 20

289 2353 343 2382 die
366 2350 432 2382 cod.
568 2360 608 2379 22
637 2359 787 2388 anusque
805 2349 879 2379 eius
896 2347 984 2379 codd.
1002 2347 1096 2378 schol.
1118 2345 1208 2386 Verg.
1224 2344 1338 2386 Georg.
1359 2354 1385 2385 1,
1410 2345 1470 2383 189
1487 2355 1493 2374 :
1516 2352 1617 2383 atque

288 2405 371 2427 auus
389 2395 462 2426 eius
478 2393 566 2424 codd.
586 2393 690 2423 Nonii
702 2402 766 2432 375
