1742 2718
657 96 985 136 AVLVLARIA
1410 93 1485 130 III.
1507 92 1537 129 ii

212 216 314 254 adeo
334 220 377 252 ut
397 219 438 251 tu
459 224 589 250 meam
609 208 846 249 sententiam
867 207 943 246 iam
965 218 1128 245 noscere
1148 204 1297 254 possis:

212 279 244 318 si
264 280 315 318 ad
335 278 492 316 ianuam
512 278 591 314 huc
610 273 831 320 accesseris,
854 272 929 310 nisi
950 271 1108 316 iussero,
1132 268 1304 320 propius,

213 358 286 392 ego
307 351 345 382 te
365 342 504 381 faciam
526 340 779 379 miserrumus
800 336 974 376 mortalis
995 335 1050 374 uti
1071 334 1132 373 sis.

214 409 289 447 scis
309 408 386 446 iam
407 419 536 445 meam
557 403 938 458 sententiamj—Co.
970 414 1050 450 quo
1070 399 1184 438 abis?
1213 399 1296 438 redi
1317 400 1460 436 rusum.
1512 414 1551 443 50

73 488 139 525 445
214 474 268 513 ita
288 487 350 512 me
371 474 473 512 bene
493 479 599 510 amet
619 472 811 516 Lauerna,
834 476 872 506 te
893 465 1009 519 (iam)
1030 465 1122 513 iam,
1138 464 1212 503 nisi
1233 464 1345 503 reddi

268 538 364 578 mihi
384 551 478 576 uasa
498 537 621 583 iubes,
644 535 780 587 pipulo
801 541 839 572 te
860 532 923 571 hic
944 531 1121 571 differam
1142 538 1233 569 ante
1253 529 1372 568 aedis.

160 605 257 656 quid
277 617 350 654 ego
371 616 477 642 nunc
491 615 605 652 agam
618 603 636 640 ?
665 615 714 640 ne
730 614 804 651 ego
820 599 963 648 edepol
979 597 1071 636 ueni
1091 598 1168 634 huc
1184 594 1361 645 auspicio
1377 595 1490 632 malo.

160 684 326 710 nummo
346 683 433 709 sum
454 669 677 708 conductus
694 683 701 705 :
730 667 819 717 plus
839 665 917 704 iam
939 663 1096 703 medico
1116 662 1335 701 mercedest
1356 673 1465 709 opus.

539 779 753 824 EVCL1o
865 776 1129 815 CONGRro
1517 767 1562 803 iii

163 866 260 904 Evc.
294 863 387 901 Hoc
407 860 570 912 quidem
590 859 733 906 hercle,
751 870 915 909 quoquo
940 855 945 908 1
971 856 1049 902 ibo,
1067 867 1225 893 mecum
1241 852 1324 900 erit,
1341 864 1497 890 mecum

1364 918 1494 962 feram,

77 1010 147 1048 450
164 1006 294 1044 neque
313 992 377 1031 isti
396 991 437 1030 id
457 991 498 1029 in
518 989 636 1029 tantis
656 988 812 1040 periclis
832 1000 1023 1038 umquam
1044 984 1291 1024 committam
1311 990 1354 1021 ut
1375 981 1457 1020 siet.

163 1059 216 1097 ite
236 1071 330 1097 sane
350 1053 575 1110 nunc[iam]
597 1055 700 1093 intro
720 1067 874 1101 omnes,
893 1061 932 1092 et
952 1051 1071 1102 coqui
1091 1058 1130 1090 et
1150 1049 1346 1096 tibicinae,

164 1123 283 1162 etiam
308 1122 313 1174 l
339 1122 441 1160 intro
461 1123 574 1168 duce,
597 1120 629 1158 si
648 1120 720 1167 uis,
742 1121 806 1158 uel
825 1131 983 1169 gregem
1004 1116 1215 1163 uenalium,

164 1188 334 1239 coquite,
356 1187 483 1235 facite,
505 1186 686 1225 festinate
707 1184 894 1223 nunciam
915 1172 1247 1234 quantuifi‘iubet.
1519 1192 1536 1224 5

166 1255 239 1294 Co.
271 1252 446 1303 temperi,
470 1259 681 1302 postquam
701 1249 915 1300 impleuisti
935 1248 1027 1287 fusti
1048 1249 1229 1286 fissorum
1249 1252 1378 1295 caput.

79 1331 145 1369 455
167 1321 265 1359 Evc.
297 1318 399 1357 intro
420 1317 486 1356 abi
502 1334 509 1356 z
541 1329 661 1367 opera
681 1317 760 1353 huc
779 1315 979 1353 conducta
998 1321 1057 1352 est
1077 1319 1221 1358 uostra,
1242 1324 1324 1349 non
1344 1309 1478 1348 oratio.

166 1386 239 1425 Co.
271 1386 381 1431 heus,
403 1396 533 1430 senex,
556 1394 628 1432 pro
643 1381 871 1431 uapulando
891 1380 1022 1418 hercle
1038 1390 1111 1429 ego
1130 1389 1201 1427 aps
1222 1383 1260 1414 te
1276 1376 1499 1414 mercedem

1354 1447 1496 1491 petam.

166 1520 325 1553 coctum
340 1526 425 1563 ego,
447 1525 529 1552 non
549 1512 791 1562 uapulatum,
814 1510 967 1548 dudum
987 1508 1209 1547 conductus
1229 1505 1315 1543 fui:

167 1581 266 1618 Evc.
298 1580 383 1629 lege
402 1578 508 1629 agito
527 1590 697 1616 mecum.
757 1576 947 1614 molestus
967 1587 1019 1612 ne
1038 1572 1101 1611 sis.
1161 1573 1173 1609 i
1193 1583 1333 1609 cenam
1357 1582 1498 1619 coque,
1522 1583 1562 1605 10

167 1651 235 1684 aut
246 1643 312 1683 abi
327 1643 367 1682 in
383 1644 531 1682 malum
547 1641 764 1681 cruciatum
779 1641 832 1679 ab
843 1638 1020 1679 aedibus.
1070 1638 1143 1677 Co.
1175 1635 1240 1674 abi
1253 1643 1295 1673 tu
1310 1635 1500 1673 moda-—

720 1757 940 1796 EVCL1o
1522 1744 1567 1781 iv

83 1841 153 1885 460
171 1839 268 1877 Evc.
303 1837 389 1876 Illic
409 1837 502 1876 hinc
524 1837 629 1876 abiit.
687 1836 728 1875 di
748 1835 987 1881 inmortales,
1012 1831 1164 1871 facinus
1183 1830 1313 1869 audax
1333 1827 1469 1879 incipit

213 1965 278 1994 442
301 1955 393 1985 iusso
413 1954 549 1985 Guz’etus
675 1954 742 1992 446
765 1953 805 1983 ab
822 1953 931 1983 Iom’co
948 1952 1085 1983 dimetro
1103 1950 1220 1990 incipit,
1241 1959 1322 1979 nam
1340 1947 1437 1977 iubes
1451 1945 1508 1976 vix

169 1998 368 2029 Plautinum
467 1995 584 2037 pipulo
607 2000 770 2028 testantur
795 1995 902 2027 Varro
922 1995 959 2026 de
980 1994 1021 2026 L.
1047 1994 1076 2024 L
1103 2005 1132 2034 7,
1164 2003 1234 2031 103,
1263 1990 1394 2021 Nonius
1419 1998 1505 2028 152:

172 2041 298 2082 populo
313 2041 380 2072 cod.
439 2045 474 2072 te
484 2040 540 2071 hic
551 2039 639 2071 codd.
651 2039 757 2071 Nonii
772 2049 854 2079 152:
878 2044 913 2070 te
925 2038 1014 2070 codd.
1032 2037 1137 2077 Varr.,
1151 2037 1241 2068 Non.
1253 2036 1318 2074 284
1332 2046 1340 2065 t
1364 2033 1418 2064 hic
1438 2031 1504 2063 cod.

171 2086 253 2115 mihi
267 2094 349 2115 uasa
360 2084 466 2124 iubes,
480 2084 533 2115 hic
547 2084 664 2124 pipulo
677 2088 711 2114 te
724 2083 805 2114 Reiz
894 2083 959 2121 448
979 2082 1170 2112 mercedest
1185 2079 1274 2122 (-ist)
1285 2088 1372 2118 opus
1382 2076 1485 2107 Bothe
1499 2087 1506 2105 ε

173 2128 329 2159 mercede
346 2137 433 2167 opus
454 2132 507 2159 est
528 2127 593 2159 cod.
699 2137 764 2166 449
787 2136 923 2166 quoquo
937 2124 1047 2168 (ego)
1069 2123 1216 2165 Wagner
1314 2131 1380 2161 450
1403 2120 1457 2151 isti
1473 2120 1507 2149 id

171 2171 330 2212 Seyffirt:
353 2171 442 2202 istud
463 2171 529 2203 cod.
551 2172 587 2213 (u
601 2175 664 2211 pro
684 2171 726 2210 ii)
831 2179 893 2208 451
920 2170 967 2199 ite
983 2168 1078 2200 ItaL:
1104 2168 1150 2198 ita
1166 2167 1232 2199 cod.
1254 2167 1299 2208 (v.
1314 2166 1369 2205 12)
1440 2164 1506 2194 iam

173 2215 230 2246 del.
247 2214 352 2255 Linge
369 2215 426 2253 (iv.
442 2216 478 2254 3)
611 2224 676 2254 452
700 2212 804 2256 <ite,)
821 2214 923 2244 etiarn
936 2213 974 2253 (ἓ)
994 2211 1060 2242 Leo
1192 2221 1256 2251 455
1280 2210 1369 2241 abite
1389 2207 1509 2240 Goeller

173 2260 238 2297 456
253 2260 338 2289 heus
355 2259 485 2298 Bentley
501 2270 508 2288 :
532 2269 575 2289 eu
590 2257 656 2289 cod.
678 2259 755 2298 (seq.
775 2267 813 2291 s:
837 2267 869 2287 v.
885 2267 916 2296 9.
935 2266 954 2295 7
969 2266 977 2294 3
1003 2256 1047 2287 iii.
1063 2255 1102 2294 3)
1228 2255 1293 2294 458
1309 2258 1344 2285 et
1362 2254 1443 2293 (pro
1458 2253 1504 2283 ei}

173 2312 250 2333 corr.
276 2302 286 2332 i
315 2301 380 2333 cod.
402 2302 506 2335 (unde
532 2302 543 2331 i
571 2306 605 2332 et
627 2301 669 2338 B,
694 2306 728 2331 et
758 2299 862 2340 DPE)
888 2299 939 2339 (cf
965 2298 1102 2339 Sjiigren
1130 2297 1221 2329 Part.
1259 2297 1335 2338 Cop.
1367 2296 1418 2336 85,
1446 2295 1504 2334 89)

174 2346 240 2384 460
255 2344 427 2376 immortes
443 2345 508 2376 cod.
530 2347 610 2382 (non
627 2344 692 2384 ΡΙ)
710 2344 773 2384 (ἰίἰ.
798 2344 850 2382 10)
