<?xml version="1.0" encoding="UTF-8"?>
<!DOCTYPE html PUBLIC "-//W3C//DTD XHTML 1.0 Transitional//EN"
    "http://www.w3.org/TR/xhtml1/DTD/xhtml1-transitional.dtd">
<html xmlns="http://www.w3.org/1999/xhtml" xml:lang="en" lang="en">
 <head>
  <title>
</title>
<meta http-equiv="Content-Type" content="text/html;charset=utf-8" />
  <meta name='ocr-system' content='tesseract 3.04.00' />
  <meta name='ocr-capabilities' content='ocr_page ocr_carea ocr_par ocr_line ocrx_word'/>
</head>
<body>
  <div class='ocr_page' id='page_1' title='image "./tmacciplauticomo01plauuoft_0449.png"; bbox 0 0 1742 2718; ppageno 0'>
   <div class='ocr_carea' id='block_1_1' title="bbox 661 65 1536 108">
    <p class='ocr_par' dir='ltr' id='par_1_1' title="bbox 661 65 1536 108">
     <span class='ocr_line' id='line_1_1' title="bbox 661 65 1536 108; baseline -0.009 0"><span class='ocrx_word' id='word_1_1' title='bbox 661 70 1018 108; x_wconf 85' lang='lat' dir='ltr'>MENAECHMI</span> <span class='ocrx_word' id='word_1_2' title='bbox 1454 65 1500 101; x_wconf 80' lang='lat' dir='ltr'>V.</span> <span class='ocrx_word' id='word_1_3' title='bbox 1522 65 1536 100; x_wconf 89' lang='lat' dir='ltr'>i</span> 
     </span>
    </p>
   </div>
   <div class='ocr_carea' id='block_1_2' title="bbox 88 178 1566 751">
    <p class='ocr_par' dir='ltr' id='par_1_2' title="bbox 88 178 1566 751">
     <span class='ocr_line' id='line_1_2' title="bbox 175 178 1115 232; baseline -0.006 -11"><span class='ocrx_word' id='word_1_4' title='bbox 175 196 294 232; x_wconf 83' lang='lat' dir='ltr'>quern</span> <span class='ocrx_word' id='word_1_5' title='bbox 315 184 356 221; x_wconf 63' lang='lat' dir='ltr'>tii</span> <span class='ocrx_word' id='word_1_6' title='bbox 378 181 580 220; x_wconf 90' lang='lat' dir='ltr'>hominem</span> <span class='ocrx_word' id='word_1_7' title='bbox 600 179 728 231; x_wconf 73' lang='lat' dir='ltr'>(nied)</span> <span class='ocrx_word' id='word_1_8' title='bbox 746 179 931 217; x_wconf 72' lang='lat' dir='ltr'>arbitrere</span> <span class='ocrx_word' id='word_1_9' title='bbox 952 178 1086 217; x_wconf 89' lang='lat' dir='ltr'>nescio</span> <span class='ocrx_word' id='word_1_10' title='bbox 1104 191 1115 225; x_wconf 80' lang='lat'><em>3</em></span> 
     </span>
     <span class='ocr_line' id='line_1_3' title="bbox 88 246 1562 298; baseline -0.006 -11"><span class='ocrx_word' id='word_1_11' title='bbox 88 262 153 298; x_wconf 82' lang='lat'>745</span> <span class='ocrx_word' id='word_1_12' title='bbox 175 262 248 298; x_wconf 88' lang='lat' dir='ltr'>ego</span> <span class='ocrx_word' id='word_1_13' title='bbox 269 255 307 286; x_wconf 92' lang='lat' dir='ltr'>te</span> <span class='ocrx_word' id='word_1_14' title='bbox 327 247 458 286; x_wconf 87' lang='lat' dir='ltr'>simitu</span> <span class='ocrx_word' id='word_1_15' title='bbox 480 246 574 284; x_wconf 90' lang='lat' dir='ltr'>noui</span> <span class='ocrx_word' id='word_1_16' title='bbox 595 260 686 284; x_wconf 88' lang='lat' dir='ltr'>cum</span> <span class='ocrx_word' id='word_1_17' title='bbox 710 246 943 283; x_wconf 79' lang='lat' dir='ltr'>Porthaone.</span> <span class='ocrx_word' id='word_1_18' title='bbox 1521 251 1562 283; x_wconf 85' lang='lat'>45</span> 
     </span>
     <span class='ocr_line' id='line_1_4' title="bbox 178 309 1124 360; baseline -0.005 -9"><span class='ocrx_word' id='word_1_19' title='bbox 178 315 258 350; x_wconf 77' lang='grc' dir='ltr'>ΜΛ.</span> <span class='ocrx_word' id='word_1_20' title='bbox 292 312 323 351; x_wconf 88' lang='lat' dir='ltr'>si</span> <span class='ocrx_word' id='word_1_21' title='bbox 345 327 407 351; x_wconf 88' lang='lat' dir='ltr'>me</span> <span class='ocrx_word' id='word_1_22' title='bbox 428 311 594 358; x_wconf 77' lang='lat' dir='ltr'>derides,</span> <span class='ocrx_word' id='word_1_23' title='bbox 616 318 656 348; x_wconf 84' lang='lat' dir='ltr'>at</span> <span class='ocrx_word' id='word_1_24' title='bbox 676 311 742 360; x_wconf 92' lang='lat' dir='ltr'>pol</span> <span class='ocrx_word' id='word_1_25' title='bbox 764 309 872 347; x_wconf 88' lang='lat' dir='ltr'>illum</span> <span class='ocrx_word' id='word_1_26' title='bbox 894 323 974 347; x_wconf 90' lang='lat' dir='ltr'>non</span> <span class='ocrx_word' id='word_1_27' title='bbox 1000 315 1124 359; x_wconf 81' lang='lat' dir='ltr'>poteS‚</span> 
     </span>
     <span class='ocr_line' id='line_1_5' title="bbox 175 371 1235 427; baseline -0.006 -12"><span class='ocrx_word' id='word_1_28' title='bbox 175 385 324 427; x_wconf 86' lang='lat' dir='ltr'>patrem</span> <span class='ocrx_word' id='word_1_29' title='bbox 346 390 478 415; x_wconf 89' lang='lat' dir='ltr'>meum</span> <span class='ocrx_word' id='word_1_30' title='bbox 499 376 567 426; x_wconf 89' lang='lat' dir='ltr'>qui</span> <span class='ocrx_word' id='word_1_31' title='bbox 588 377 667 414; x_wconf 90' lang='lat' dir='ltr'>huc</span> <span class='ocrx_word' id='word_1_32' title='bbox 687 374 862 413; x_wconf 87' lang='lat' dir='ltr'>aduenit.</span> <span class='ocrx_word' id='word_1_33' title='bbox 922 374 1017 424; x_wconf 88' lang='lat' dir='ltr'>quin</span> <span class='ocrx_word' id='word_1_34' title='bbox 1043 371 1235 422; x_wconf 82' lang='lat' dir='ltr'>respicis?</span> 
     </span>
     <span class='ocr_line' id='line_1_6' title="bbox 174 436 1312 480; baseline -0.006 0"><span class='ocrx_word' id='word_1_35' title='bbox 174 442 347 480; x_wconf 92' lang='lat' dir='ltr'>nouistin</span> <span class='ocrx_word' id='word_1_36' title='bbox 368 449 409 480; x_wconf 89' lang='lat' dir='ltr'>tu</span> <span class='ocrx_word' id='word_1_37' title='bbox 431 441 570 479; x_wconf 87' lang='lat' dir='ltr'>illurn?</span> <span class='ocrx_word' id='word_1_38' title='bbox 628 442 742 478; x_wconf 82' lang='lat' dir='ltr'>MEN.</span> <span class='ocrx_word' id='word_1_39' title='bbox 775 439 869 478; x_wconf 90' lang='lat' dir='ltr'>noui</span> <span class='ocrx_word' id='word_1_40' title='bbox 890 452 981 477; x_wconf 88' lang='lat' dir='ltr'>cum</span> <span class='ocrx_word' id='word_1_41' title='bbox 1004 439 1153 477; x_wconf 83' lang='lat' dir='ltr'>Calcha</span> <span class='ocrx_word' id='word_1_42' title='bbox 1173 436 1312 474; x_wconf 84' lang='lat' dir='ltr'>simul:</span> 
     </span>
     <span class='ocr_line' id='line_1_7' title="bbox 174 502 1171 555; baseline -0.006 -9"><span class='ocrx_word' id='word_1_43' title='bbox 174 509 316 546; x_wconf 90' lang='lat' dir='ltr'>eodem</span> <span class='ocrx_word' id='word_1_44' title='bbox 338 506 402 545; x_wconf 91' lang='lat' dir='ltr'>die</span> <span class='ocrx_word' id='word_1_45' title='bbox 422 506 532 544; x_wconf 93' lang='lat' dir='ltr'>illum</span> <span class='ocrx_word' id='word_1_46' title='bbox 553 505 636 543; x_wconf 90' lang='lat' dir='ltr'>uidi</span> <span class='ocrx_word' id='word_1_47' title='bbox 657 518 737 555; x_wconf 89' lang='lat' dir='ltr'>quo</span> <span class='ocrx_word' id='word_1_48' title='bbox 757 512 795 542; x_wconf 91' lang='lat' dir='ltr'>te</span> <span class='ocrx_word' id='word_1_49' title='bbox 815 512 906 542; x_wconf 88' lang='lat' dir='ltr'>ante</span> <span class='ocrx_word' id='word_1_50' title='bbox 928 505 1034 541; x_wconf 88' lang='lat' dir='ltr'>hunc</span> <span class='ocrx_word' id='word_1_51' title='bbox 1055 502 1171 541; x_wconf 89' lang='lat' dir='ltr'>diem.</span> 
     </span>
     <span class='ocr_line' id='line_1_8' title="bbox 89 568 1566 622; baseline -0.007 -11"><span class='ocrx_word' id='word_1_52' title='bbox 89 585 158 622; x_wconf 85' lang='lat'>750</span> <span class='ocrx_word' id='word_1_53' title='bbox 178 574 260 611; x_wconf 80' lang='lat' dir='ltr'>MA.</span> <span class='ocrx_word' id='word_1_54' title='bbox 294 585 412 621; x_wconf 84' lang='lat' dir='ltr'>negas</span> <span class='ocrx_word' id='word_1_55' title='bbox 432 570 592 608; x_wconf 85' lang='lat' dir='ltr'>nouisse</span> <span class='ocrx_word' id='word_1_56' title='bbox 613 571 708 607; x_wconf 89' lang='lat' dir='ltr'>me?</span> <span class='ocrx_word' id='word_1_57' title='bbox 737 582 856 618; x_wconf 82' lang='lat' dir='ltr'>negas</span> <span class='ocrx_word' id='word_1_58' title='bbox 877 575 1026 618; x_wconf 86' lang='lat' dir='ltr'>patrem</span> <span class='ocrx_word' id='word_1_59' title='bbox 1048 580 1180 605; x_wconf 89' lang='lat' dir='ltr'>meum</span> <span class='ocrx_word' id='word_1_60' title='bbox 1197 568 1214 604; x_wconf 88' lang='lat'>?</span> <span class='ocrx_word' id='word_1_61' title='bbox 1525 579 1566 610; x_wconf 84' lang='lat'>50</span> 
     </span>
     <span class='ocr_line' id='line_1_9' title="bbox 178 632 1234 675; baseline -0.007 0"><span class='ocrx_word' id='word_1_62' title='bbox 178 639 292 675; x_wconf 79' lang='grc' dir='ltr'>ΜΕΝ.</span> <span class='ocrx_word' id='word_1_63' title='bbox 325 636 430 675; x_wconf 83' lang='lat' dir='ltr'>idem</span> <span class='ocrx_word' id='word_1_64' title='bbox 451 636 582 673; x_wconf 90' lang='lat' dir='ltr'>hercle</span> <span class='ocrx_word' id='word_1_65' title='bbox 603 634 732 673; x_wconf 89' lang='lat' dir='ltr'>dicam</span> <span class='ocrx_word' id='word_1_66' title='bbox 754 634 786 671; x_wconf 81' lang='lat' dir='ltr'>si</span> <span class='ocrx_word' id='word_1_67' title='bbox 805 645 924 671; x_wconf 91' lang='lat' dir='ltr'>auom</span> <span class='ocrx_word' id='word_1_68' title='bbox 946 632 1005 670; x_wconf 90' lang='lat' dir='ltr'>uis</span> <span class='ocrx_word' id='word_1_69' title='bbox 1026 633 1234 670; x_wconf 79' lang='lat' dir='ltr'>adducere.</span> 
     </span>
     <span class='ocr_line' id='line_1_10' title="bbox 176 698 1166 751; baseline -0.007 -10"><span class='ocrx_word' id='word_1_70' title='bbox 176 704 259 740; x_wconf 64' lang='lat' dir='ltr'>MA.</span> <span class='ocrx_word' id='word_1_71' title='bbox 291 709 443 740; x_wconf 80' lang='lat' dir='ltr'>ecastor</span> <span class='ocrx_word' id='word_1_72' title='bbox 462 700 604 751; x_wconf 88' lang='lat' dir='ltr'>pariter</span> <span class='ocrx_word' id='word_1_73' title='bbox 623 700 700 737; x_wconf 91' lang='lat' dir='ltr'>hoc</span> <span class='ocrx_word' id='word_1_74' title='bbox 719 706 839 748; x_wconf 88' lang='lat' dir='ltr'>atque</span> <span class='ocrx_word' id='word_1_75' title='bbox 857 698 953 736; x_wconf 82' lang='lat' dir='ltr'>alias</span> <span class='ocrx_word' id='word_1_76' title='bbox 973 711 1033 735; x_wconf 89' lang='lat' dir='ltr'>res</span> <span class='ocrx_word' id='word_1_77' title='bbox 1054 698 1166 735; x_wconf 85' lang='lat' dir='ltr'>soles.</span> 
     </span>
    </p>
   </div>
   <div class='ocr_carea' id='block_1_3' title="bbox 249 807 1548 851">
    <p class='ocr_par' dir='ltr' id='par_1_3' title="bbox 249 807 1548 851">
     <span class='ocr_line' id='line_1_11' title="bbox 249 807 1548 851; baseline -0.005 -1"><span class='ocrx_word' id='word_1_78' title='bbox 249 814 434 851; x_wconf 77' lang='lat' dir='ltr'>SENEx</span> <span class='ocrx_word' id='word_1_79' title='bbox 547 813 830 848; x_wconf 84' lang='lat' dir='ltr'><strong>MATRONA</strong></span> <span class='ocrx_word' id='word_1_80' title='bbox 941 810 1342 846; x_wconf 79' lang='lat' dir='ltr'>MENAECHMVS</span> <span class='ocrx_word' id='word_1_81' title='bbox 1382 808 1423 844; x_wconf 94' lang='lat' dir='ltr'>II</span> <span class='ocrx_word' id='word_1_82' title='bbox 1519 807 1548 842; x_wconf 91' lang='lat' dir='ltr'>ii</span> 
     </span>
    </p>
   </div>
   <div class='ocr_carea' id='block_1_4' title="bbox 68 890 1566 2313">
    <p class='ocr_par' dir='ltr' id='par_1_4' title="bbox 68 890 1566 2313">
     <span class='ocr_line' id='line_1_12' title="bbox 175 890 1246 941; baseline -0.006 -9"><span class='ocrx_word' id='word_1_83' title='bbox 175 896 239 933; x_wconf 84' lang='lat' dir='ltr'>SE.</span> <span class='ocrx_word' id='word_1_84' title='bbox 272 896 326 932; x_wconf 88' lang='lat' dir='ltr'>Vt</span> <span class='ocrx_word' id='word_1_85' title='bbox 344 901 451 931; x_wconf 90' lang='lat' dir='ltr'>aetas</span> <span class='ocrx_word' id='word_1_86' title='bbox 472 906 560 931; x_wconf 87' lang='lat' dir='ltr'>mea</span> <span class='ocrx_word' id='word_1_87' title='bbox 580 899 639 930; x_wconf 88' lang='lat' dir='ltr'>est</span> <span class='ocrx_word' id='word_1_88' title='bbox 658 899 778 941; x_wconf 90' lang='lat' dir='ltr'>atque</span> <span class='ocrx_word' id='word_1_89' title='bbox 798 898 841 928; x_wconf 91' lang='lat' dir='ltr'>ut</span> <span class='ocrx_word' id='word_1_90' title='bbox 860 891 937 928; x_wconf 88' lang='lat' dir='ltr'>hoc</span> <span class='ocrx_word' id='word_1_91' title='bbox 958 890 1044 927; x_wconf 85' lang='lat' dir='ltr'>usu&#39;</span> <span class='ocrx_word' id='word_1_92' title='bbox 1060 890 1167 927; x_wconf 84' lang='lat' dir='ltr'>facto</span> <span class='ocrx_word' id='word_1_93' title='bbox 1187 896 1246 927; x_wconf 92' lang='lat' dir='ltr'>est</span> 
     </span>
     <span class='ocr_line' id='line_1_13' title="bbox 173 955 1054 1009; baseline -0.006 -12"><span class='ocrx_word' id='word_1_94' title='bbox 173 960 339 1009; x_wconf 89' lang='lat' dir='ltr'>gradum</span> <span class='ocrx_word' id='word_1_95' title='bbox 360 959 565 1008; x_wconf 82' lang='lat' dir='ltr'>proferam,</span> <span class='ocrx_word' id='word_1_96' title='bbox 589 955 803 1007; x_wconf 82' lang='lat' dir='ltr'>progrediri</span> <span class='ocrx_word' id='word_1_97' title='bbox 823 955 1054 1005; x_wconf 88' lang='lat' dir='ltr'>properabo.</span> 
     </span>
     <span class='ocr_line' id='line_1_14' title="bbox 86 1021 1120 1074; baseline -0.005 -11"><span class='ocrx_word' id='word_1_98' title='bbox 86 1033 152 1070; x_wconf 86' lang='grc'>755</span> <span class='ocrx_word' id='word_1_99' title='bbox 175 1025 245 1062; x_wconf 92' lang='lat' dir='ltr'>sed</span> <span class='ocrx_word' id='word_1_100' title='bbox 265 1023 306 1062; x_wconf 90' lang='lat' dir='ltr'>id</span> <span class='ocrx_word' id='word_1_101' title='bbox 326 1037 445 1074; x_wconf 91' lang='lat' dir='ltr'>quam</span> <span class='ocrx_word' id='word_1_102' title='bbox 466 1022 563 1060; x_wconf 89' lang='lat' dir='ltr'>mihi</span> <span class='ocrx_word' id='word_1_103' title='bbox 583 1022 697 1060; x_wconf 88' lang='lat' dir='ltr'>facile</span> <span class='ocrx_word' id='word_1_104' title='bbox 718 1021 766 1060; x_wconf 90' lang='lat' dir='ltr'>sit</span> <span class='ocrx_word' id='word_1_105' title='bbox 782 1023 860 1059; x_wconf 91' lang='lat' dir='ltr'>hau</span> <span class='ocrx_word' id='word_1_106' title='bbox 881 1034 969 1059; x_wconf 91' lang='lat' dir='ltr'>sum</span> <span class='ocrx_word' id='word_1_107' title='bbox 989 1022 1120 1058; x_wconf 90' lang='lat' dir='ltr'>falsus.</span> 
     </span>
     <span class='ocr_line' id='line_1_15' title="bbox 173 1086 1002 1138; baseline -0.002 -12"><span class='ocrx_word' id='word_1_108' title='bbox 173 1102 265 1126; x_wconf 88' lang='lat' dir='ltr'>nam</span> <span class='ocrx_word' id='word_1_109' title='bbox 286 1087 495 1138; x_wconf 87' lang='lat' dir='ltr'>pernicitas</span> <span class='ocrx_word' id='word_1_110' title='bbox 515 1087 660 1126; x_wconf 88' lang='lat' dir='ltr'>deserit</span> <span class='ocrx_word' id='word_1_111' title='bbox 680 1102 686 1124; x_wconf 89' lang='lat'>:</span> <span class='ocrx_word' id='word_1_112' title='bbox 717 1086 893 1125; x_wconf 89' lang='lat' dir='ltr'>consitus</span> <span class='ocrx_word' id='word_1_113' title='bbox 914 1099 1002 1124; x_wconf 91' lang='lat' dir='ltr'>sum</span> 
     </span>
     <span class='ocr_line' id='line_1_16' title="bbox 173 1150 1545 1202; baseline -0.005 -10"><span class='ocrx_word' id='word_1_114' title='bbox 173 1161 387 1202; x_wconf 84' lang='lat' dir='ltr'>senectute,</span> <span class='ocrx_word' id='word_1_115' title='bbox 409 1160 597 1192; x_wconf 90' lang='lat' dir='ltr'>onustum</span> <span class='ocrx_word' id='word_1_116' title='bbox 617 1165 710 1202; x_wconf 88' lang='lat' dir='ltr'>gero</span> <span class='ocrx_word' id='word_1_117' title='bbox 730 1153 874 1202; x_wconf 84' lang='lat' dir='ltr'>corpu&#39;,</span> <span class='ocrx_word' id='word_1_118' title='bbox 898 1150 1000 1189; x_wconf 89' lang='lat' dir='ltr'>uires</span> <span class='ocrx_word' id='word_1_119' title='bbox 1528 1159 1545 1191; x_wconf 87' lang='lat'>5</span> 
     </span>
     <span class='ocr_line' id='line_1_17' title="bbox 174 1208 1235 1269; baseline -0.004 -12"><span class='ocrx_word' id='word_1_120' title='bbox 174 1218 365 1269; x_wconf 85' lang='lat' dir='ltr'>reliquere</span> <span class='ocrx_word' id='word_1_121' title='bbox 383 1234 390 1257; x_wconf 74' lang='grc' dir='ltr'>ε</span> <span class='ocrx_word' id='word_1_122' title='bbox 420 1225 462 1256; x_wconf 90' lang='lat' dir='ltr'>ut</span> <span class='ocrx_word' id='word_1_123' title='bbox 483 1225 590 1256; x_wconf 92' lang='lat' dir='ltr'>aetas</span> <span class='ocrx_word' id='word_1_124' title='bbox 612 1219 715 1255; x_wconf 85' lang='lat' dir='ltr'>mala</span> <span class='ocrx_word' id='word_1_125' title='bbox 735 1224 793 1255; x_wconf 90' lang='lat' dir='ltr'>est</span> <span class='ocrx_word' id='word_1_126' title='bbox 811 1219 817 1254; x_wconf 70' lang='grc' dir='ltr'>ἔ</span> <span class='ocrx_word' id='word_1_127' title='bbox 849 1230 951 1254; x_wconf 90' lang='lat' dir='ltr'>mers</span> <span class='ocrx_word' id='word_1_128' title='bbox 973 1217 1076 1253; x_wconf 87' lang='lat' dir='ltr'>mala</span> <span class='ocrx_word' id='word_1_129' title='bbox 1096 1208 1235 1265; x_wconf 88' lang='lat' dir='ltr'>ergost.</span> 
     </span>
     <span class='ocr_line' id='line_1_18' title="bbox 176 1280 1231 1333; baseline -0.005 -11"><span class='ocrx_word' id='word_1_130' title='bbox 176 1298 268 1322; x_wconf 90' lang='lat' dir='ltr'>nam</span> <span class='ocrx_word' id='word_1_131' title='bbox 288 1297 348 1322; x_wconf 92' lang='lat' dir='ltr'>res</span> <span class='ocrx_word' id='word_1_132' title='bbox 368 1284 567 1333; x_wconf 83' lang='lat' dir='ltr'>plurumas</span> <span class='ocrx_word' id='word_1_133' title='bbox 588 1295 805 1332; x_wconf 85' lang='lat' dir='ltr'>pessumas,</span> <span class='ocrx_word' id='word_1_134' title='bbox 827 1294 950 1331; x_wconf 88' lang='lat' dir='ltr'>quom</span> <span class='ocrx_word' id='word_1_135' title='bbox 970 1280 1144 1327; x_wconf 87' lang='lat' dir='ltr'>aduenit,</span> <span class='ocrx_word' id='word_1_136' title='bbox 1166 1281 1231 1318; x_wconf 87' lang='lat' dir='ltr'>ad-</span> 
     </span>
     <span class='ocr_line' id='line_1_19' title="bbox 87 1346 1314 1399; baseline -0.004 -12"><span class='ocrx_word' id='word_1_137' title='bbox 87 1350 157 1393; x_wconf 89' lang='grc'>760</span> <span class='ocrx_word' id='word_1_138' title='bbox 174 1351 270 1396; x_wconf 86' lang='lat' dir='ltr'>—fert‚</span> <span class='ocrx_word' id='word_1_139' title='bbox 294 1362 391 1399; x_wconf 86' lang='lat' dir='ltr'>quas</span> <span class='ocrx_word' id='word_1_140' title='bbox 411 1348 443 1386; x_wconf 92' lang='lat' dir='ltr'>si</span> <span class='ocrx_word' id='word_1_141' title='bbox 462 1355 665 1386; x_wconf 88' lang='lat' dir='ltr'>autumem</span> <span class='ocrx_word' id='word_1_142' title='bbox 687 1346 826 1393; x_wconf 86' lang='lat' dir='ltr'>onmis,</span> <span class='ocrx_word' id='word_1_143' title='bbox 850 1346 966 1384; x_wconf 89' lang='lat' dir='ltr'>nimis</span> <span class='ocrx_word' id='word_1_144' title='bbox 987 1347 1118 1395; x_wconf 86' lang='lat' dir='ltr'>longu&#39;</span> <span class='ocrx_word' id='word_1_145' title='bbox 1139 1352 1314 1383; x_wconf 88' lang='lat' dir='ltr'>sermost.</span> 
     </span>
     <span class='ocr_line' id='line_1_20' title="bbox 175 1412 1187 1463; baseline -0.004 -11"><span class='ocrx_word' id='word_1_146' title='bbox 175 1415 244 1452; x_wconf 90' lang='lat' dir='ltr'>sed</span> <span class='ocrx_word' id='word_1_147' title='bbox 264 1415 363 1452; x_wconf 91' lang='lat' dir='ltr'>haec</span> <span class='ocrx_word' id='word_1_148' title='bbox 383 1426 442 1452; x_wconf 90' lang='lat' dir='ltr'>res</span> <span class='ocrx_word' id='word_1_149' title='bbox 464 1412 559 1450; x_wconf 88' lang='lat' dir='ltr'>mihi</span> <span class='ocrx_word' id='word_1_150' title='bbox 581 1412 620 1450; x_wconf 91' lang='lat' dir='ltr'>in</span> <span class='ocrx_word' id='word_1_151' title='bbox 641 1419 801 1463; x_wconf 83' lang='lat' dir='ltr'>pectore</span> <span class='ocrx_word' id='word_1_152' title='bbox 821 1419 859 1450; x_wconf 92' lang='lat' dir='ltr'>et</span> <span class='ocrx_word' id='word_1_153' title='bbox 879 1413 999 1450; x_wconf 90' lang='lat' dir='ltr'>corde</span> <span class='ocrx_word' id='word_1_154' title='bbox 1019 1418 1187 1457; x_wconf 84' lang='lat' dir='ltr'>curaest‚</span> 
     </span>
     <span class='ocr_line' id='line_1_21' title="bbox 280 1475 1566 1529; baseline -0.005 -13"><span class='ocrx_word' id='word_1_155' title='bbox 280 1479 472 1529; x_wconf 88' lang='lat' dir='ltr'>quidnam</span> <span class='ocrx_word' id='word_1_156' title='bbox 492 1479 568 1515; x_wconf 94' lang='lat' dir='ltr'>hoc</span> <span class='ocrx_word' id='word_1_157' title='bbox 589 1477 639 1515; x_wconf 88' lang='lat' dir='ltr'>sit</span> <span class='ocrx_word' id='word_1_158' title='bbox 658 1476 791 1526; x_wconf 90' lang='lat' dir='ltr'>negoti</span> <span class='ocrx_word' id='word_1_159' title='bbox 812 1477 922 1526; x_wconf 91' lang='lat' dir='ltr'>quod</span> <span class='ocrx_word' id='word_1_160' title='bbox 944 1476 998 1514; x_wconf 89' lang='lat' dir='ltr'>sic</span> <span class='ocrx_word' id='word_1_161' title='bbox 1020 1475 1099 1513; x_wconf 89' lang='lat' dir='ltr'>filia</span> <span class='ocrx_word' id='word_1_162' title='bbox 1300 1520 1308 1524; x_wconf 27' lang='grc' dir='ltr'>ι</span> <span class='ocrx_word' id='word_1_163' title='bbox 1527 1486 1566 1509; x_wconf 92' lang='lat'>10</span> 
     </span>
     <span class='ocr_line' id='line_1_22' title="bbox 281 1540 1072 1592; baseline -0.005 -11"><span class='ocrx_word' id='word_1_164' title='bbox 281 1550 443 1592; x_wconf 91' lang='lat' dir='ltr'>repente</span> <span class='ocrx_word' id='word_1_165' title='bbox 463 1542 609 1592; x_wconf 81' lang='lat' dir='ltr'>expetit</span> <span class='ocrx_word' id='word_1_166' title='bbox 629 1541 704 1589; x_wconf 79' lang='lat' dir='ltr'>me,</span> <span class='ocrx_word' id='word_1_167' title='bbox 727 1549 769 1580; x_wconf 90' lang='lat' dir='ltr'>ut</span> <span class='ocrx_word' id='word_1_168' title='bbox 788 1542 840 1579; x_wconf 87' lang='lat' dir='ltr'>ad</span> <span class='ocrx_word' id='word_1_169' title='bbox 860 1554 946 1579; x_wconf 86' lang='lat' dir='ltr'>sese</span> <span class='ocrx_word' id='word_1_170' title='bbox 966 1540 1072 1578; x_wconf 91' lang='lat' dir='ltr'>irem.</span> 
     </span>
     <span class='ocr_line' id='line_1_23' title="bbox 68 1605 1126 1657; baseline -0.001 -14"><span class='ocrx_word' id='word_1_171' title='bbox 68 1609 156 1653; x_wconf 65' lang='lat'>7632</span> <span class='ocrx_word' id='word_1_172' title='bbox 283 1621 357 1646; x_wconf 91' lang='lat' dir='ltr'>nec</span> <span class='ocrx_word' id='word_1_173' title='bbox 377 1607 474 1657; x_wconf 93' lang='lat' dir='ltr'>quid</span> <span class='ocrx_word' id='word_1_174' title='bbox 494 1606 534 1645; x_wconf 93' lang='lat' dir='ltr'>id</span> <span class='ocrx_word' id='word_1_175' title='bbox 555 1606 603 1645; x_wconf 89' lang='lat' dir='ltr'>sit</span> <span class='ocrx_word' id='word_1_176' title='bbox 624 1606 720 1644; x_wconf 90' lang='lat' dir='ltr'>mihi</span> <span class='ocrx_word' id='word_1_177' title='bbox 740 1606 883 1644; x_wconf 89' lang='lat' dir='ltr'>certius</span> <span class='ocrx_word' id='word_1_178' title='bbox 904 1605 1005 1651; x_wconf 89' lang='lat' dir='ltr'>facit,</span> <span class='ocrx_word' id='word_1_179' title='bbox 1028 1605 1126 1654; x_wconf 88' lang='lat' dir='ltr'>quid</span> 
     </span>
     <span class='ocr_line' id='line_1_24' title="bbox 337 1670 888 1722; baseline -0.004 -12"><span class='ocrx_word' id='word_1_180' title='bbox 337 1672 441 1710; x_wconf 90' lang='lat' dir='ltr'>uelit.</span> <span class='ocrx_word' id='word_1_181' title='bbox 496 1671 593 1722; x_wconf 89' lang='lat' dir='ltr'>quid</span> <span class='ocrx_word' id='word_1_182' title='bbox 614 1685 677 1709; x_wconf 91' lang='lat' dir='ltr'>me</span> <span class='ocrx_word' id='word_1_183' title='bbox 696 1670 888 1709; x_wconf 86' lang='lat' dir='ltr'>accersit?</span> 
     </span>
     <span class='ocr_line' id='line_1_25' title="bbox 70 1734 1119 1787; baseline -0.004 -11"><span class='ocrx_word' id='word_1_184' title='bbox 70 1741 158 1783; x_wconf 78' lang='lat' dir='ltr'>764a</span> <span class='ocrx_word' id='word_1_185' title='bbox 176 1751 314 1776; x_wconf 89' lang='lat' dir='ltr'>uerum</span> <span class='ocrx_word' id='word_1_186' title='bbox 334 1738 624 1787; x_wconf 89' lang='lat' dir='ltr'>propemodum</span> <span class='ocrx_word' id='word_1_187' title='bbox 644 1736 722 1774; x_wconf 84' lang='lat' dir='ltr'>iam</span> <span class='ocrx_word' id='word_1_188' title='bbox 743 1736 825 1774; x_wconf 90' lang='lat' dir='ltr'>scio</span> <span class='ocrx_word' id='word_1_189' title='bbox 845 1735 941 1785; x_wconf 89' lang='lat' dir='ltr'>quid</span> <span class='ocrx_word' id='word_1_190' title='bbox 962 1735 1034 1773; x_wconf 91' lang='lat' dir='ltr'>siet</span> <span class='ocrx_word' id='word_1_191' title='bbox 1054 1734 1119 1773; x_wconf 89' lang='lat' dir='ltr'>rei.</span> 
     </span>
     <span class='ocr_line' id='line_1_26' title="bbox 88 1800 1565 1851; baseline -0.002 -12"><span class='ocrx_word' id='word_1_192' title='bbox 88 1805 154 1849; x_wconf 82' lang='lat'>765</span> <span class='ocrx_word' id='word_1_193' title='bbox 175 1804 296 1841; x_wconf 90' lang='lat' dir='ltr'>credo</span> <span class='ocrx_word' id='word_1_194' title='bbox 315 1816 406 1840; x_wconf 92' lang='lat' dir='ltr'>cum</span> <span class='ocrx_word' id='word_1_195' title='bbox 427 1801 512 1839; x_wconf 92' lang='lat' dir='ltr'>uiro</span> <span class='ocrx_word' id='word_1_196' title='bbox 532 1801 697 1851; x_wconf 88' lang='lat' dir='ltr'>litigium</span> <span class='ocrx_word' id='word_1_197' title='bbox 718 1808 855 1838; x_wconf 89' lang='lat' dir='ltr'>natum</span> <span class='ocrx_word' id='word_1_198' title='bbox 875 1814 960 1838; x_wconf 92' lang='lat' dir='ltr'>esse</span> <span class='ocrx_word' id='word_1_199' title='bbox 980 1800 1153 1849; x_wconf 85' lang='lat' dir='ltr'>aliquod.</span> <span class='ocrx_word' id='word_1_200' title='bbox 1525 1808 1565 1841; x_wconf 86' lang='lat'>15</span> 
     </span>
     <span class='ocr_line' id='line_1_27' title="bbox 175 1864 1015 1916; baseline -0.002 -12"><span class='ocrx_word' id='word_1_201' title='bbox 175 1866 228 1904; x_wconf 88' lang='lat' dir='ltr'>ita</span> <span class='ocrx_word' id='word_1_202' title='bbox 248 1866 367 1905; x_wconf 89' lang='lat' dir='ltr'>istaec</span> <span class='ocrx_word' id='word_1_203' title='bbox 388 1868 525 1913; x_wconf 87' lang='lat' dir='ltr'>solent,</span> <span class='ocrx_word' id='word_1_204' title='bbox 548 1879 650 1916; x_wconf 83' lang='lat' dir='ltr'>quae</span> <span class='ocrx_word' id='word_1_205' title='bbox 670 1865 774 1903; x_wconf 88' lang='lat' dir='ltr'>uiros</span> <span class='ocrx_word' id='word_1_206' title='bbox 795 1864 1015 1915; x_wconf 89' lang='lat' dir='ltr'>supseruire</span> 
     </span>
     <span class='ocr_line' id='line_1_28' title="bbox 174 1931 930 1981; baseline -0.001 -12"><span class='ocrx_word' id='word_1_207' title='bbox 174 1931 249 1969; x_wconf 91' lang='lat' dir='ltr'>sibi</span> <span class='ocrx_word' id='word_1_208' title='bbox 270 1933 479 1981; x_wconf 83' lang='lat' dir='ltr'>postulant,</span> <span class='ocrx_word' id='word_1_209' title='bbox 502 1932 597 1969; x_wconf 92' lang='lat' dir='ltr'>dote</span> <span class='ocrx_word' id='word_1_210' title='bbox 616 1932 747 1977; x_wconf 89' lang='lat' dir='ltr'>fretae,</span> <span class='ocrx_word' id='word_1_211' title='bbox 770 1931 930 1968; x_wconf 89' lang='lat' dir='ltr'>feroces.</span> 
     </span>
     <span class='ocr_line' id='line_1_29' title="bbox 175 1995 1097 2046; baseline -0.001 -13"><span class='ocrx_word' id='word_1_212' title='bbox 175 2003 213 2034; x_wconf 85' lang='lat' dir='ltr'>et</span> <span class='ocrx_word' id='word_1_213' title='bbox 233 1995 287 2033; x_wconf 89' lang='lat' dir='ltr'>illi</span> <span class='ocrx_word' id='word_1_214' title='bbox 308 2009 467 2046; x_wconf 92' lang='lat' dir='ltr'>quoque</span> <span class='ocrx_word' id='word_1_215' title='bbox 487 1997 594 2034; x_wconf 82' lang='lat' dir='ltr'>haud</span> <span class='ocrx_word' id='word_1_216' title='bbox 614 1995 813 2045; x_wconf 86' lang='lat' dir='ltr'>apstinent</span> <span class='ocrx_word' id='word_1_217' title='bbox 833 2008 950 2044; x_wconf 87' lang='lat' dir='ltr'>saepe</span> <span class='ocrx_word' id='word_1_218' title='bbox 971 1996 1097 2045; x_wconf 85' lang='lat' dir='ltr'>culpa.</span> 
     </span>
     <span class='ocr_line' id='line_1_30' title="bbox 218 2097 1511 2140; baseline 0 -11"><span class='ocrx_word' id='word_1_219' title='bbox 218 2109 279 2139; x_wconf 84' lang='lat'>744</span> <span class='ocrx_word' id='word_1_220' title='bbox 318 2099 481 2130; x_wconf 87' lang='lat' dir='ltr'>arbitrere</span> <span class='ocrx_word' id='word_1_221' title='bbox 519 2097 647 2129; x_wconf 83' lang='lat' dir='ltr'>Luclzs:</span> <span class='ocrx_word' id='word_1_222' title='bbox 689 2098 853 2129; x_wconf 85' lang='lat' dir='ltr'>arbitrare</span> <span class='ocrx_word' id='word_1_223' title='bbox 887 2097 951 2128; x_wconf 84' lang='lat' dir='ltr'>cod.</span> <span class='ocrx_word' id='word_1_224' title='bbox 1098 2108 1150 2128; x_wconf 91' lang='lat' dir='ltr'>me</span> <span class='ocrx_word' id='word_1_225' title='bbox 1168 2097 1234 2139; x_wconf 81' lang='lat' dir='ltr'>(vel</span> <span class='ocrx_word' id='word_1_226' title='bbox 1265 2098 1357 2140; x_wconf 86' lang='lat' dir='ltr'>med)</span> <span class='ocrx_word' id='word_1_227' title='bbox 1392 2098 1511 2130; x_wconf 80' lang='lat' dir='ltr'>addidi</span> 
     </span>
     <span class='ocr_line' id='line_1_31' title="bbox 174 2140 1502 2185; baseline 0.001 -13"><span class='ocrx_word' id='word_1_228' title='bbox 174 2141 392 2185; x_wconf 83' lang='lat' dir='ltr'>(hominum)</span> <span class='ocrx_word' id='word_1_229' title='bbox 408 2143 578 2172; x_wconf 87' lang='lat' dir='ltr'>hominem</span> <span class='ocrx_word' id='word_1_230' title='bbox 597 2140 694 2184; x_wconf 78' lang='lat' dir='ltr'>(me)</span> <span class='ocrx_word' id='word_1_231' title='bbox 707 2140 834 2172; x_wconf 83' lang='lat' dir='ltr'>Om&#39;ons</span> <span class='ocrx_word' id='word_1_232' title='bbox 967 2142 1030 2180; x_wconf 87' lang='lat'>748</span> <span class='ocrx_word' id='word_1_233' title='bbox 1053 2152 1118 2172; x_wconf 86' lang='lat' dir='ltr'>om.</span> <span class='ocrx_word' id='word_1_234' title='bbox 1136 2146 1172 2172; x_wconf 87' lang='lat' dir='ltr'>tu</span> <span class='ocrx_word' id='word_1_235' title='bbox 1190 2141 1280 2172; x_wconf 87' lang='lat' dir='ltr'>codd.</span> <span class='ocrx_word' id='word_1_236' title='bbox 1295 2142 1460 2173; x_wconf 71' lang='lat' dir='ltr'>Prism&#39;cmi</span> <span class='ocrx_word' id='word_1_237' title='bbox 1475 2153 1502 2183; x_wconf 64' lang='grc' dir='ltr'>Ι,</span> 
     </span>
     <span class='ocr_line' id='line_1_32' title="bbox 176 2184 1505 2225; baseline -0.001 -9"><span class='ocrx_word' id='word_1_238' title='bbox 176 2196 240 2225; x_wconf 87' lang='lat'>239</span> <span class='ocrx_word' id='word_1_239' title='bbox 351 2195 414 2225; x_wconf 79' lang='lat'>749</span> <span class='ocrx_word' id='word_1_240' title='bbox 437 2186 507 2216; x_wconf 88' lang='lat' dir='ltr'>uidi</span> <span class='ocrx_word' id='word_1_241' title='bbox 523 2185 615 2216; x_wconf 87' lang='lat' dir='ltr'>illum</span> <span class='ocrx_word' id='word_1_242' title='bbox 632 2184 711 2215; x_wconf 77' lang='lat' dir='ltr'>PCD</span> <span class='ocrx_word' id='word_1_243' title='bbox 832 2195 895 2224; x_wconf 88' lang='lat'>750</span> <span class='ocrx_word' id='word_1_244' title='bbox 910 2185 946 2224; x_wconf 87' lang='lat' dir='ltr'>cf.</span> <span class='ocrx_word' id='word_1_245' title='bbox 967 2184 1116 2224; x_wconf 80' lang='lat' dir='ltr'>Lz&#39;ndsay</span> <span class='ocrx_word' id='word_1_246' title='bbox 1125 2185 1229 2224; x_wconf 83' lang='lat' dir='ltr'>praes.</span> <span class='ocrx_word' id='word_1_247' title='bbox 1248 2186 1282 2215; x_wconf 81' lang='lat' dir='ltr'>in</span> <span class='ocrx_word' id='word_1_248' title='bbox 1301 2185 1390 2225; x_wconf 69' lang='lat' dir='ltr'>Capi.</span> <span class='ocrx_word' id='word_1_249' title='bbox 1412 2196 1442 2225; x_wconf 91' lang='lat' dir='ltr'>p.</span> <span class='ocrx_word' id='word_1_250' title='bbox 1463 2187 1505 2225; x_wconf 88' lang='lat'>64</span> 
     </span>
     <span class='ocr_line' id='line_1_33' title="bbox 176 2227 1504 2271; baseline 0.002 -12"><span class='ocrx_word' id='word_1_251' title='bbox 176 2238 240 2269; x_wconf 87' lang='lat'>754</span> <span class='ocrx_word' id='word_1_252' title='bbox 264 2229 423 2268; x_wconf 85' lang='lat' dir='ltr'>progredi</span> <span class='ocrx_word' id='word_1_253' title='bbox 440 2229 504 2260; x_wconf 87' lang='lat' dir='ltr'>cod.</span> <span class='ocrx_word' id='word_1_254' title='bbox 523 2229 557 2271; x_wconf 86' lang='lat' dir='ltr'>(i.</span> <span class='ocrx_word' id='word_1_255' title='bbox 577 2229 610 2268; x_wconf 90' lang='lat'>7)</span> <span class='ocrx_word' id='word_1_256' title='bbox 797 2238 860 2269; x_wconf 87' lang='lat'>755</span> <span class='ocrx_word' id='word_1_257' title='bbox 885 2228 984 2258; x_wconf 87' lang='lat' dir='ltr'>facile</span> <span class='ocrx_word' id='word_1_258' title='bbox 1002 2227 1074 2269; x_wconf 80' lang='lat' dir='ltr'>(pro</span> <span class='ocrx_word' id='word_1_259' title='bbox 1096 2228 1181 2259; x_wconf 87' lang='lat' dir='ltr'>facul</span> <span class='ocrx_word' id='word_1_260' title='bbox 1192 2229 1218 2268; x_wconf 75' lang='grc'>’,2)</span> <span class='ocrx_word' id='word_1_261' title='bbox 1242 2229 1285 2258; x_wconf 84' lang='lat' dir='ltr'>sit</span> <span class='ocrx_word' id='word_1_262' title='bbox 1304 2229 1385 2269; x_wconf 80' lang='lat' dir='ltr'>(pro</span> <span class='ocrx_word' id='word_1_263' title='bbox 1401 2230 1504 2270; x_wconf 57' lang='lat' dir='ltr'>sietss)</span> 
     </span>
     <span class='ocr_line' id='line_1_34' title="bbox 175 2271 1510 2313; baseline 0.001 -11"><span class='ocrx_word' id='word_1_264' title='bbox 175 2273 260 2302; x_wconf 87' lang='lat' dir='ltr'>mihi</span> <span class='ocrx_word' id='word_1_265' title='bbox 277 2272 363 2304; x_wconf 87' lang='lat' dir='ltr'>cod.:</span> <span class='ocrx_word' id='word_1_266' title='bbox 389 2273 460 2304; x_wconf 77' lang='lat' dir='ltr'>irai.</span> <span class='ocrx_word' id='word_1_267' title='bbox 481 2272 585 2302; x_wconf 82' lang='lat' dir='ltr'>Bothe</span> <span class='ocrx_word' id='word_1_268' title='bbox 685 2273 815 2311; x_wconf 88' lang='lat'>759—60</span> <span class='ocrx_word' id='word_1_269' title='bbox 837 2272 902 2302; x_wconf 76' lang='lat' dir='ltr'>fert</span> <span class='ocrx_word' id='word_1_270' title='bbox 919 2271 963 2301; x_wconf 82' lang='grc' dir='ltr'>Β1</span> <span class='ocrx_word' id='word_1_271' title='bbox 1084 2272 1147 2310; x_wconf 89' lang='lat'>760</span> <span class='ocrx_word' id='word_1_272' title='bbox 1170 2272 1270 2312; x_wconf 87' lang='lat' dir='ltr'>quas]</span> <span class='ocrx_word' id='word_1_273' title='bbox 1289 2282 1348 2302; x_wconf 87' lang='lat' dir='ltr'>eas</span> <span class='ocrx_word' id='word_1_274' title='bbox 1368 2271 1510 2313; x_wconf 74' lang='lat' dir='ltr'>Spengel</span> 
     </span>
    </p>
   </div>
   <div class='ocr_carea' id='block_1_5' title="bbox 175 2315 1505 2399">
    <p class='ocr_par' dir='ltr' id='par_1_5' title="bbox 175 2315 1505 2399">
     <span class='ocr_line' id='line_1_35' title="bbox 177 2315 1505 2356; baseline 0.001 -11"><span class='ocrx_word' id='word_1_275' title='bbox 177 2317 239 2355; x_wconf 87' lang='lat'>762</span> <span class='ocrx_word' id='word_1_276' title='bbox 263 2315 332 2346; x_wconf 85' lang='lat' dir='ltr'>filia</span> <span class='ocrx_word' id='word_1_277' title='bbox 354 2316 402 2346; x_wconf 86' lang='lat' dir='ltr'>sic</span> <span class='ocrx_word' id='word_1_278' title='bbox 426 2316 491 2348; x_wconf 87' lang='lat' dir='ltr'>cod.</span> <span class='ocrx_word' id='word_1_279' title='bbox 512 2327 519 2347; x_wconf 75' lang='grc' dir='ltr'><strong>ε</strong></span> <span class='ocrx_word' id='word_1_280' title='bbox 542 2316 613 2347; x_wconf 76' lang='lat' dir='ltr'>irai.</span> <span class='ocrx_word' id='word_1_281' title='bbox 639 2315 779 2356; x_wconf 82' lang='lat' dir='ltr'>Spengel</span> <span class='ocrx_word' id='word_1_282' title='bbox 909 2316 971 2354; x_wconf 86' lang='lat'>763</span> <span class='ocrx_word' id='word_1_283' title='bbox 995 2315 1044 2345; x_wconf 86' lang='lat' dir='ltr'>vel</span> <span class='ocrx_word' id='word_1_284' title='bbox 1058 2316 1133 2345; x_wconf 91' lang='lat' dir='ltr'>med</span> <span class='ocrx_word' id='word_1_285' title='bbox 1266 2317 1329 2356; x_wconf 89' lang='lat'>764</span> <span class='ocrx_word' id='word_1_286' title='bbox 1352 2320 1505 2346; x_wconf 87' lang='lat' dir='ltr'>accersat</span> 
     </span>
     <span class='ocr_line' id='line_1_36' title="bbox 175 2357 1231 2399; baseline 0.001 -11"><span class='ocrx_word' id='word_1_287' title='bbox 175 2357 362 2389; x_wconf 73' lang='lat' dir='ltr'>Lambinus</span> <span class='ocrx_word' id='word_1_288' title='bbox 494 2360 557 2398; x_wconf 84' lang='lat'>765</span> <span class='ocrx_word' id='word_1_289' title='bbox 581 2359 688 2398; x_wconf 84' lang='lat' dir='ltr'>litigi.</span> <span class='ocrx_word' id='word_1_290' title='bbox 707 2383 715 2391; x_wconf 95' lang='lat'><strong>.</strong></span> <span class='ocrx_word' id='word_1_291' title='bbox 732 2383 739 2390; x_wconf 92' lang='lat'><strong>.</strong></span> <span class='ocrx_word' id='word_1_292' title='bbox 760 2358 887 2398; x_wconf 88' lang='lat' dir='ltr'>aliquid</span> <span class='ocrx_word' id='word_1_293' title='bbox 911 2358 1053 2399; x_wconf 81' lang='lat' dir='ltr'>Spengel</span> <span class='ocrx_word' id='word_1_294' title='bbox 1054 2359 1135 2398; x_wconf 83' lang='lat' dir='ltr'>sort.</span> <span class='ocrx_word' id='word_1_295' title='bbox 1157 2363 1231 2389; x_wconf 75' lang='lat' dir='ltr'>recte</span> 
     </span>
    </p>
   </div>
  </div>
 </body>
</html>
