1742 2718
737 52 966 91 CAPTIVI
1440 54 1515 92 ΙΙΙ.
1535 55 1582 93 iv

190 163 266 199 AR.
300 161 443 210 Hegio,
459 160 551 199 uide
572 162 623 198 sis
643 174 693 199 ne
714 161 809 210 quid
831 168 871 198 tu
892 161 984 199 huic
1005 168 1151 199 temere
1172 161 1326 201 insistas
1347 164 1515 202 credere.

103 232 166 277 585
188 234 316 276 atque,
341 235 381 264 ut
402 226 605 276 perspicio,
629 227 806 276 profecto
828 226 904 264 iam
925 226 1074 276 aliquid
1095 240 1249 277 pugnae
1272 225 1450 279 [e]dedit.

189 292 311 330 filium
351 300 460 330 tuom
491 291 600 341 quod
639 290 830 330 redimere
865 305 906 330 se
945 291 1008 338 ait,
1046 291 1086 330 id
1125 305 1175 330 ne
1210 292 1386 342 utiquam
1423 292 1519 330 mihi

1376 359 1514 407 placet.

186 424 259 460 ΤΥ.
291 422 372 460 scio
406 429 444 460 te
477 421 517 460 id
549 423 653 460 nolle
688 421 768 460 fieri
784 436 794 469 3
836 421 1013 460 ecficiam
1048 429 1181 460 tamen
1215 435 1288 472 ego
1322 422 1374 469 id,
1411 423 1441 461 si
1476 423 1517 461 di
1536 438 1553 468 5
1562 440 1578 469 5

1315 487 1515 526 adiuuant.

188 551 296 589 illum
317 551 517 590 restituam
540 552 641 598 huic,
665 552 729 590 hic
749 559 881 590 autem
904 551 943 589 in
965 551 1123 590 Alidem
1146 565 1209 590 me
1230 565 1319 590 meo
1340 552 1450 602 patri.

188 625 391 667 propterea
431 619 482 655 ad
522 625 672 667 patrem
714 617 805 655 hinc
848 616 960 655 amisi
1003 618 1243 666 Tyndarum.
1304 620 1380 655 AR.
1423 618 1518 668 quin

1299 690 1382 721 tute
1403 682 1433 720 is
1455 697 1520 722 es:

102 758 168 795 590
187 760 316 797 neque
337 755 487 798 praeter
507 755 545 786 te
565 747 605 785 in
627 747 743 786 Alide
764 749 865 785 ullus
887 760 1020 785 seruos
1041 746 1140 785 istoc
1161 746 1370 786 nominest.

186 814 258 850 ΤΥ.
291 813 425 862 pergin
453 804 608 851 seruom
639 826 703 851 me
729 813 962 862 exprobrare
986 825 1084 860 esse,
1112 812 1152 851 id
1182 813 1290 862 quod
1319 814 1358 851 ui
1387 813 1519 851 hostili

1348 878 1488 929 optigit
1502 881 1518 917 ?

185 946 262 982 AR.
298 944 404 982 enim
442 943 519 982 iam
558 957 715 994 nequeo
748 944 951 983 contineri.
1010 945 1082 983 ΤΥ.
1120 945 1228 991 heus,
1264 943 1386 982 audin
1420 944 1517 994 qnid
1538 951 1580 983 60

1161 1009 1243 1047 ait?
1273 1008 1368 1059 quin
1389 1009 1518 1059 fugis?

186 1074 261 1112 iam
282 1074 360 1112 illic
380 1074 444 1112 hic
464 1088 537 1113 nos
558 1074 766 1113 insectabit
786 1074 993 1125 lapidibus,
1017 1074 1091 1112 nisi
1112 1073 1232 1111 illunc
1252 1073 1364 1112 iubes

185 1139 479 1190 comprehendi.
537 1142 614 1178 AR.
656 1140 817 1178 crucior.
877 1141 949 1177 ΤΥ.
990 1140 1129 1178 ardent
1159 1139 1286 1177 oculi:
1328 1140 1371 1177 fit
1404 1152 1517 1189 opus,

1360 1203 1493 1254 Hegio
1508 1219 1519 1252 3

98 1278 161 1315 595
185 1269 304 1308 uiden
326 1278 367 1308 tu
388 1270 441 1308 illi
464 1270 651 1309 maculari
671 1283 813 1320 corpus
834 1277 962 1309 toturn
983 1269 1147 1308 maculis
1168 1269 1332 1308 luridis?

182 1342 264 1373 atra
285 1335 371 1373 bilis
388 1335 506 1385 agitat
526 1336 740 1374 hominem.
791 1338 869 1374 AR.
899 1344 939 1374 at
954 1337 1021 1386 pol
1042 1343 1090 1382 te,
1109 1335 1141 1373 si
1161 1335 1225 1373 hic
1241 1334 1366 1385 sapiat
1382 1347 1511 1382 senex,

182 1399 247 1449 pix
266 1407 348 1438 atra
366 1399 484 1449 agitet
504 1401 611 1450 apud
631 1401 869 1439 carnuficem
890 1408 1040 1450 tuoque
1060 1399 1178 1449 capiti
1199 1399 1380 1438 inluceat.
1533 1404 1575 1446 65

182 1466 256 1503 ΤΥ.
287 1465 365 1504 iam
385 1465 642 1504 deliramenta
662 1466 845 1516 loquitur,
868 1468 999 1505 laruae
1019 1466 1221 1504 stimulant
1242 1465 1380 1513 uirum,

181 1529 358 1583 (Hegio)
419 1532 501 1569 ΗΕ.
532 1532 629 1581 quid
659 1531 691 1569 si
720 1532 828 1570 hunc
857 1531 1143 1581 comprehendi
1172 1522 1383 1570 iusserim?
1439 1532 1513 1569 ΤΥ.

1230 1595 1358 1645 sapias
1378 1595 1512 1646 magis.

94 1662 164 1697 600
181 1662 259 1699 AR.
290 1661 441 1700 crucior
460 1661 633 1711 lapidem
654 1675 736 1700 non
756 1662 902 1701 habere
923 1661 996 1708 me,
1020 1668 1063 1700 ut
1082 1660 1137 1699 illi
1158 1660 1360 1711 mastigiae

181 1727 383 1765 cerebrum
404 1727 610 1774 excutiam,
633 1727 701 1777 qui
721 1741 785 1765 me
804 1727 988 1766 insanum
1008 1726 1138 1765 uerbis
1160 1726 1372 1765 concinnat
1392 1726 1482 1765 suis.

180 1792 253 1830 ΤΥ.
284 1792 406 1831 audin
426 1792 597 1843 lapidem
618 1792 865 1842 quaeritare?
920 1795 998 1831 AR.
1030 1794 1136 1830 solus
1157 1799 1195 1830 te
1215 1792 1344 1830 solum
1364 1793 1468 1838 uolo,
1533 1807 1574 1841 70

182 1856 324 1907 Hegio.
384 1859 465 1896 HE.
496 1857 611 1897 istinc
648 1860 820 1908 loquere,
861 1858 893 1896 si
931 1857 1028 1907 quid
1066 1857 1140 1905 uis,
1173 1859 1320 1907 procul.
1379 1865 1511 1896 tamen

1339 1922 1509 1961 audiam.

182 1988 254 2025 ΤΥ.
286 2001 458 2039 namque
478 1990 621 2040 edepol
643 1990 674 2028 si
694 1990 848 2029 adbites
868 1989 1041 2040 propius,
1065 2001 1109 2027 os
1130 1987 1337 2026 denasabit
1358 1987 1430 2026 tibi

94 2054 160 2098 605
182 2051 391 2091 mordicus.
448 2056 526 2092 AR.
557 2067 687 2104 neque
707 2056 774 2104 pol
794 2068 858 2093 me
878 2054 1075 2102 insanum,
1079 2042 1236 2103 Hegio,
1256 2065 1341 2091 esse
1357 2052 1511 2091 creduis

226 2157 289 2196 585
322 2157 415 2188 dedit
446 2156 636 2199 Scioppms:
672 2159 778 2189 edidit
809 2158 874 2190 cod.
1036 2168 1101 2197 592
1137 2158 1227 2188 enirn
1260 2157 1386 2187 Bothe·
1378 2169 1386 2188 :
1421 2158 1509 2188 enim

184 2200 301 2242 [uero]
318 2201 383 2232 cod.
404 2202 460 2241 (iv.
483 2202 514 2240 1)
535 2202 586 2241 (ff.
606 2201 704 2233 Stich.
731 2203 796 2232 616
819 2203 908 2233 enim
924 2201 965 2239 P,
987 2202 1076 2232 enim
1094 2211 1176 2232 uero
1194 2201 1242 2239 A)
1377 2211 1440 2240 595
1465 2200 1515 2231 vel

181 2244 248 2274 illic
397 2254 460 2285 597
485 2245 543 2285 pix
566 2250 639 2276 atra
664 2245 889 2285 Lindemann,
901 2246 1036 2285 favente
1051 2249 1082 2275 et
1108 2250 1209 2275 metro
1225 2248 1255 2276 et
1269 2245 1510 2275 allz'tterattbne:

181 2292 254 2319 atra
274 2289 331 2327 pix
346 2288 412 2319 cod.
504 2293 562 2319 tuo
582 2299 669 2328 quae
687 2290 731 2330 (ἒ)
744 2288 810 2319 Leo
941 2299 1006 2328 599
1031 2288 1155 2328 Hegio.
1185 2288 1251 2320 HE.
1280 2290 1359 2329 quid
1376 2288 1510 2329 scripSt':

182 2331 247 2363 Ι-Ιε.
276 2332 406 2362 Hercle
421 2333 501 2371 quid
518 2332 599 2362 PBD
618 2332 761 2371 <Hercle
776 2338 839 2373 pro
854 2332 970 2373 heg.):
996 2333 1062 2363 HE.
1091 2332 1180 2372 Quid
1197 2332 1243 2363 Β3
1261 2333 1320 2374 (iii.
1340 2333 1377 2374 2)
