1794 2728
184 54 237 91 II.
260 54 288 90 ii
679 56 725 93 T.
760 55 940 94 MACCI
972 55 1176 92 PLAVTI

263 165 471 211 Iunonem,
495 178 615 215 quarn
636 178 699 204 me
720 164 844 203 uereri
864 171 902 203 et
922 170 1096 203 metuere
1117 169 1176 202 est
1195 176 1264 213 par
1284 176 1478 210 maxume,

262 236 305 267 ut
326 229 379 266 mi
399 237 505 267 extra
525 244 648 268 unum
670 237 708 268 te
728 229 901 268 mortalis
923 243 1041 267 nemo
1061 242 1203 279 corpus
1223 242 1387 278 corpore

263 294 438 344 contigit,
457 308 536 344 quo
553 308 616 333 me
637 294 865 345 inpudicam
881 296 1036 333 faceret.
1092 296 1174 332 AM.
1207 307 1299 331 uera
1318 293 1438 331 istaec
1458 292 1589 331 uelim.

184 374 245 408 ²05
266 361 338 397 AL.
371 373 463 398 uera
483 360 585 407 dico,
609 361 679 398 sed
699 360 951 410 nequiquam,
975 359 1164 409 quoniam
1184 372 1266 396 non
1286 357 1346 396 uis
1366 359 1534 397 credere.
1611 364 1676 408 835

263 426 345 462 AM.
378 424 516 462 mulier
532 438 587 472 es,
601 426 788 463 audacter
803 424 914 462 iuras.
965 426 1038 462 AL.
1072 437 1172 473 quae
1188 437 1270 462 non
1285 422 1462 472 deliquit,
1479 424 1593 461 decet

262 490 456 527 audacem
477 502 575 536 esse,
595 490 841 528 confidenter
861 503 931 539 pro
952 502 993 527 se
1014 496 1051 527 et
1072 495 1253 538 proterue
1273 487 1391 537 loqui.

264 556 347 593 AM.
379 554 471 593 satis
509 555 709 593 audacter.
766 557 839 592 AL.
872 562 913 592 ut
953 554 1140 604 pudicam
1179 555 1303 592 decet.
1364 556 1445 592 ΑΜ.
1482 557 1504 594 Ἰ·
1518 553 1557 591 in
1573 558 1592 593 †

1285 619 1415 658 uerbis
1436 620 1589 669 probas.

265 686 337 722 AL.
371 697 449 722 non
473 697 545 734 ego
566 684 672 722 illam
694 684 747 722 mi
768 686 902 723 dotem
925 686 1030 723 duco
1051 687 1136 723 esse
1157 698 1258 735 quae
1279 686 1352 723 dos
1373 684 1514 723 dicitur

185 764 245 785 210
265 750 336 787 sed
356 748 586 798 pudicitiam
608 756 646 786 et
666 750 860 799 pudorem
881 757 918 788 et
939 751 1121 787 sedatum
1142 748 1381 799 cupidinem,
1612 756 1682 798 840

265 814 384 852 deum
406 821 567 860 metum,
590 821 797 863 parentum
817 827 991 852 amorem
1014 821 1051 852 et
1073 821 1285 863 cognatum
1306 814 1572 861 concordiam,

264 878 336 916 tibi
357 878 548 927 morigera
568 886 688 927 atque
708 886 751 917 ut
772 878 959 917 munifica
980 879 1053 917 sim
1075 878 1203 926 bonis,
1226 879 1372 928 prosim
1393 879 1538 929 probis.

263 944 327 981 So.
361 945 410 981 ne'
442 943 515 981 ista
544 943 698 993 edepol,
733 943 764 981 si
796 945 893 982 haec
927 958 1020 982 uera
1049 943 1232 993 loquitur,
1267 943 1502 982 examussim
1537 951 1595 982 est

1419 1016 1591 1059 optuma.

264 1075 345 1111 AM.
379 1073 573 1112 delenitus
594 1088 681 1112 sum
702 1075 879 1123 profecto
900 1075 954 1113 ita
973 1082 1015 1113 ut
1036 1089 1099 1113 me
1119 1075 1188 1125 qui
1208 1075 1281 1113 sim
1302 1074 1486 1114 nesciam.

184 1150 243 1182 215
264 1139 328 1176 So.
361 1138 600 1188 Amphitruo
621 1152 662 1177 es
682 1141 871 1188 profecto,
895 1153 992 1178 caue
1012 1140 1064 1178 sis
1085 1154 1136 1179 ne
1156 1147 1198 1178 tu
1218 1148 1257 1179 te
1276 1153 1350 1178 usu
1369 1139 1530 1190 perduis
1547 1155 1554 1177 :
1612 1143 1677 1187 845

264 1203 316 1241 ita
332 1217 437 1242 nunc
454 1204 635 1243 homines
652 1204 920 1253 immutantur,
938 1214 1149 1255 postquam
1166 1219 1326 1256 peregre
1344 1204 1589 1244 aduen'imus.

264 1271 345 1306 AM.
380 1269 531 1318 mulier,
552 1269 677 1308 istanc
698 1284 780 1309 rem
801 1271 1029 1321 inquisitam
1051 1279 1203 1310 certum
1223 1278 1281 1310 est
1302 1284 1383 1309 non
1402 1270 1590 1309 amittere.

264 1336 339 1372 AL.
369 1335 512 1384 edepol
526 1348 589 1372 me
605 1335 767 1373 lubente
780 1335 908 1374 facies.
950 1338 1033 1374 AM.
1066 1337 1163 1386 quid
1175 1335 1256 1374 ais?
1275 1337 1471 1385 responde
1485 1335 1591 1382 mihi,

265 1399 362 1448 quid
383 1399 413 1437 si
434 1401 592 1438 adduco
613 1407 723 1438 tuom
745 1409 957 1451 cognatum
979 1403 1057 1439 huc
1076 1415 1099 1440 a
1120 1401 1213 1439 naui
1233 1402 1486 1448 Naucratem,

184 1479 246 1501 220
266 1463 333 1513 qui
354 1477 510 1502 mecum
532 1478 609 1502 una
630 1473 784 1504 uectust
805 1480 883 1504 una
904 1466 1006 1514 naui,
1030 1474 1149 1517 atque
1169 1467 1200 1505 is
1222 1466 1253 1505 si
1274 1468 1441 1516 denegat
1605 1468 1683 1515 7850

264 1530 366 1567 facta
386 1542 487 1578 quae
508 1537 550 1567 tu
571 1531 672 1569 facta
692 1531 800 1578 dicis,
825 1532 922 1582 quid
943 1532 1015 1571 tibi
1034 1545 1206 1582 aequom
1227 1539 1284 1570 est
1305 1531 1417 1570 fieri?

264 1594 459 1643 numquid
480 1600 658 1633 caussam
680 1596 778 1634 dicis
800 1597 895 1646 quin
917 1605 955 1635 te
976 1598 1062 1635 hoc‘
1075 1599 1239 1635 multem
1261 1596 1541 1635 matrimonio?

263 1660 335 1696 AL.
369 1658 400 1696 si
421 1659 580 1709 deliqui,
604 1662 710 1698 nulla
731 1674 869 1699 caussa
889 1670 957 1700 est.
1019 1665 1102 1700 AM.
1135 1662 1333 1701 conuenit.
1392 1669 1446 1709 tu,
1469 1660 1591 1708 Sosia,

262 1724 340 1761 duc
370 1725 442 1761 hos
472 1723 584 1762 intro.
645 1739 717 1775 ego
747 1728 825 1764 huc
854 1727 904 1765 ab
940 1727 1032 1766 naui
1066 1741 1223 1766 mecum
1257 1728 1454 1766 adducam
1489 1727 1594 1764 Nau-

1381 1799 1594 1830 cratem.—

184 1867 220 1888 22
227 1866 243 1898 5
265 1855 328 1892 So.
353 1868 458 1892 nunc
472 1855 634 1904 quidem
648 1865 800 1906 praeter
812 1872 885 1897 nos
899 1873 1018 1898 nemo
1031 1867 1100 1898 est.
1137 1860 1201 1899 dic
1215 1859 1311 1898 mihi
1324 1872 1462 1897 uerum
1475 1858 1593 1896 serio:
1613 1864 1655 1908 85
1663 1872 1679 1906 5

264 1919 399 1968 ecquis
419 1920 517 1958 alius
539 1921 650 1960 Sosia
671 1922 792 1962 intust
814 1925 882 1974 qui
903 1925 980 1963 mei
1001 1925 1137 1964 similis
1159 1925 1264 1964 siet?

264 1986 336 2022 AL.
368 1985 461 2023 abin
489 1985 581 2025 hinc
601 2000 624 2024 a
646 2001 718 2035 me,
743 1989 884 2039 dignus
909 1990 1074 2029 domino
1102 1993 1267 2030 seruos?
1323 1992 1388 2029 So.
1421 1991 1533 2037 abeo,
1563 1990 1594 2028 si

1415 2056 1593 2094 iubes.—

306 2154 371 2193 838
395 2154 447 2194 in]
467 2158 555 2186 enim
573 2155 772 2188 Lachmann
887 2160 936 2190 vel
950 2160 1085 2199 proba's
1264 2163 1328 2201 839
1343 2162 1395 2193 vel
1408 2162 1497 2192 illam
1515 2161 1594 2191 mihi

263 2199 327 2235 842
351 2198 528 2229 munificas
557 2200 590 2230 in
618 2201 674 2240 (ex
694 2202 723 2240 ῑ)
752 2202 850 2233 bonis
877 2203 941 2234 cod.
963 2205 998 2243 (i.
1021 2206 1056 2238 6>
1198 2206 1263 2245 843
1287 2216 1368 2236 uera
1396 2206 1479 2236 haec
1504 2204 1592 2236 codd.

263 2240 402 2280 Nonii9
509 2243 573 2282 854
598 2244 648 2274 vel
661 2244 745 2275 duce
813 2245 976 2277 abducam
993 2247 1059 2278 cod.
1167 2248 1232 2288 856
1256 2250 1339 2280 meis
1355 2248 1421 2280 cod.
1442 2249 1522 2289 (mei
1534 2247 1594 2289 D2)

265 2284 327 2323 857
351 2285 402 2315 vel
415 2284 549 2324 dignu's
1003 2288 1025 2299 ²
