1742 2718
517 232 1044 280 ARGVMENTVM
1096 231 1145 278 II

360 364 581 401 Mercatum
598 370 756 401 asotum
778 363 901 401 filium
924 361 1092 401 extrudit
1112 368 1231 412 pater.

358 428 389 466 is
409 441 566 478 peregre
588 428 729 466 missus
750 428 907 467 redimit
926 428 1109 466 ancillam
1130 425 1296 476 hospitis

357 505 490 531 amore
510 501 658 543 captus,
681 492 852 531 advehit.
912 506 1010 530 nave
1030 491 1146 539 exilit,

358 565 466 607 pater
485 559 653 605 advolat,
676 558 799 596 visam
819 558 1003 596 ancillam
1025 556 1185 607 deperit.

358 622 468 660 cuius
489 622 536 660 sit
557 630 834 672 percunctatur
849 637 859 670 3
887 635 1019 660 servus
1040 621 1298 671 pedisequam

357 688 407 726 ab
427 688 679 726 adulescente
701 688 813 725 matri
835 687 1008 737 e'mptam
1029 686 1161 736 ipsius.

358 766 486 799 senex,
509 752 582 790 sibi
603 752 858 803 prospiciens,
882 760 924 790 ut
943 752 1073 790 amico
1093 765 1166 790 suo

358 817 505 855 veniret
524 809 660 855 natum
682 818 829 865 orabat,
853 825 967 855 natus
988 824 1030 855 ut
1050 830 1147 855 suo:

357 882 420 920 hic
441 882 564 919 filium
585 882 813 920 subdiderat
834 882 962 929 vicini,
984 889 1094 932 pater

356 947 528 985 vicinum
546 962 555 994 3
584 955 873 997 praemercatur
892 947 1075 985 ancillam
1096 960 1223 985 senex.

356 1026 444 1050 eam
465 1012 573 1050 domi
595 1013 832 1062 deprensam
854 1012 1026 1050 coniunx
1046 1012 1148 1050 illius

358 1078 473 1116 vicini
495 1085 667 1116 scortum
690 1077 901 1126 insimulat,
924 1079 1091 1128 protelat
1111 1078 1247 1116 virum.

359 1150 551 1181 mercator
570 1156 707 1192 exspes
728 1143 852 1192 patria
871 1145 1004 1193 fugere
1023 1142 1205 1189 destinat,

356 1208 586 1258 prohibetur
605 1222 627 1246 a
647 1210 793 1255 sodale,
817 1208 884 1258 qui
904 1216 1054 1259 patrem
1075 1208 1177 1246 illius

358 1281 441 1311 orat
462 1287 551 1311 curn
573 1278 669 1313 †suo
691 1277 824 1324 patret
846 1281 939 1312 nato
959 1281 1001 1311 ut
1021 1275 1188 1312 cederet.

359 1337 538 1391 [absente
559 1352 649 1377 cum
672 1340 816 1376 lenone
838 1335 1019 1391 perfido]o

217 1455 229 1475 1
255 1448 387 1474 asotum
406 1443 539 1484 Ritsclzl,
560 1454 614 1474 nec
629 1443 720 1473 aliter
736 1443 804 1474 cod.
824 1451 859 1473 ut
880 1442 944 1474 vid.
964 1443 999 1483 (a
1015 1452 1052 1472 se
1069 1443 1147 1472 dum
1164 1441 1251 1481 Pes),
1271 1442 1436 1472 adsotium
1452 1441 1499 1482 Β)

168 1498 188 1518 2
212 1488 335 1518 missus
350 1486 535 1518 Beroaldus
549 1499 556 1518 ε
579 1487 668 1517 milis
685 1486 751 1518 cod.
775 1487 828 1527 (ex
839 1487 940 1526 gloss.
959 1486 1074 1516 militis
1091 1485 1137 1515 ad
1149 1485 1457 1526 hospitis-adscn'pt.
1472 1487 1501 1526 ἓ)

167 1541 188 1570 3
213 1531 353 1561 aduehit
372 1530 586 1562 Gulielmius:
612 1535 646 1561 ut
664 1530 740 1571 (pro
756 1535 789 1561 at
807 1540 814 1568 ;
841 1530 882 1561 vi.
907 1531 940 1569 1)
958 1529 1052 1560 uehit
1065 1529 1130 1560 cod.
1243 1540 1263 1567 4
1286 1527 1502 1572 (vix>visam

167 1586 197 1606 a.
216 1573 304 1605 Leo:
328 1586 359 1608 v.
377 1574 533 1606 ancillam
549 1573 686 1617 (illam)
702 1574 851 1605 Rz'tschl:
877 1573 1052 1612 visamque
1069 1583 1142 1604 ane.
1168 1572 1402 1604 Camerarius:
1416 1573 1498 1612 sort.

168 1629 241 1650 ane.
260 1619 367 1650 visam
382 1619 430 1659 (ii.
450 1619 483 1660 1)
617 1628 636 1657 5
661 1618 753 1649 serui
769 1617 801 1648 Β
934 1619 956 1647 6
978 1615 1069 1659 (ait)
1086 1627 1172 1656 emp.
1190 1615 1330 1656 Pylades
1463 1626 1503 1646 10

168 1663 316 1695 uicinum
342 1662 441 1694 Ital.:
474 1662 609 1693 uicinus
631 1661 697 1692 cod.
839 1670 877 1699 13
905 1671 1014 1700 expes
1041 1659 1248 1690 Saracenas:
1289 1669 1412 1699 expers
1435 1659 1502 1691 cod.

172 1716 210 1745 14
234 1705 415 1745 prohibere
430 1705 498 1737 cod.
615 1714 652 1744 15
677 1714 740 1735 suo
758 1715 832 1736 cum
851 1709 947 1743 patre
963 1703 1102 1743 Pylades
1119 1715 1126 1734 ε
1138 1703 1219 1743 sort.
1234 1714 1307 1734 cum
1326 1714 1358 1744 p.
1379 1708 1501 1743 suopte

173 1750 212 1779 16
233 1749 301 1782 secl.
320 1749 413 1790 Pius,
433 1748 491 1780 sed
502 1748 572 1781 vide
587 1748 721 1789 nefinz's
737 1748 944 1789 Argumentz'
957 1757 1036 1778 casu
1055 1748 1236 1779 mutilatus
1251 1748 1293 1778 sit

1520 957 1561 979 10

1522 1290 1558 1321 15
