1742 2718
679 88 1005 127 AVLVLARIA
1449 85 1501 123 II.
1522 84 1535 121 i

181 206 283 243 EVN.
320 210 358 242 et
396 210 449 249 tu,
489 200 758 239 frater.-—ME.
800 210 872 247 ego
911 195 1148 235 conueniam
1188 194 1432 240 Euclionem,
1474 194 1504 231 si

1296 259 1405 298 domi
1435 267 1502 297 est.

179 335 249 373 sed
269 344 408 371 eccum
427 328 591 383 (uideo).
644 326 778 366 nescio
795 328 902 365 unde
922 339 1007 365 sese
1027 327 1149 364 homo
1169 323 1306 374 recipit
1327 324 1502 362 domum.

503 442 715 478 EVCL1o
826 438 1179 474 MEGADORVS
1528 436 1553 471 ii

181 527 278 564 EVC.
296 522 544 572 Praesagibat
558 520 774 559 mianimus
782 520 920 557 frustra
929 518 1063 564 mehe,
1074 530 1195 567 quom
1205 516 1359 554 exibam
1368 516 1507 553 domo:

180 591 311 640 itaque
331 588 490 627 abibam
511 586 658 624 inuitus
674 599 684 633 ;
712 597 804 622 nam
825 597 954 633 neque
975 582 1184 633 quisquam
1205 580 1409 619 curialium

96 660 162 694 180
181 654 289 694 uenit
309 666 438 703 neque
459 651 641 702 magister
661 663 780 700 quem
801 648 979 688 diuidere
998 654 1202 697 argentum
1224 644 1406 696 oportuit.

181 732 287 758 nunc
306 720 471 757 domum
498 729 705 767 properare
726 727 902 765 propero,
926 726 1018 751 nam
1045 719 1201 762 egomet
1225 724 1312 749 sum
1334 710 1408 756 hic,
1431 709 1508 747 ani-

564 815 567 817 .
1201 790 1287 814 mus
1308 775 1417 814 domi
1438 783 1505 813 est.

183 853 265 888 ME.
298 851 427 887 saluos
448 855 566 897 atque
587 848 819 891 fortunatus,
842 843 994 890 Euclio,
1018 856 1172 893 semper
1192 842 1277 880 sies.
1529 858 1545 889 5

183 918 279 954 Evc.
312 915 352 954 di
379 922 417 954 te
436 920 581 960 ament,
606 912 831 962 Megadore.
894 912 977 948 ME.
1010 909 1106 959 quid
1133 909 1205 946 tu?
1232 915 1365 946 recten
1391 914 1509 956 atque

1232 981 1274 1010 ut
1294 973 1353 1010 uis
1374 973 1510 1009 uales?

182 1048 278 1085 EVC.
310 1059 391 1084 non
443 1043 690 1083 temerarium
742 1050 800 1081 est
858 1041 924 1079 ubi
976 1040 1088 1078 diues
1141 1039 1284 1076 blande
1339 1038 1509 1086 appellat

1283 1115 1505 1153 pauperem.

98 1180 160 1224 185
182 1177 259 1215 iam
279 1177 357 1214 illic
377 1178 499 1214 homo
519 1188 657 1213 aurum
673 1173 746 1212 scit
762 1187 825 1211 me
839 1172 996 1217 babere,
1013 1184 1060 1209 eo
1078 1183 1140 1208 me
1157 1170 1297 1207 salutat
1313 1167 1506 1205 blandius.

183 1244 265 1279 ME.
288 1241 353 1279 ain
369 1249 411 1278 tu
428 1248 469 1278 te-
482 1241 642 1278 ualere?
690 1240 787 1276 Evc.
813 1238 880 1288 pol
900 1249 974 1286 ego
994 1237 1072 1273 hau
1093 1234 1266 1285 perbene
1286 1246 1308 1270 a
1328 1231 1506 1282 pecunia.

182 1308 264 1344 ME.
297 1307 363 1356 pol
392 1305 424 1343 si
454 1312 512 1343 est
540 1303 695 1343 animus
724 1315 874 1352 aequos
903 1300 984 1348 tibi,
1008 1297 1137 1352 sat[is]
1167 1299 1290 1337 habes
1317 1295 1384 1347 qui
1408 1297 1510 1334 bene
1533 1311 1570 1333 10

1248 1364 1370 1402 uitam
1391 1363 1507 1400 colas.

182 1440 278 1476 Evc.
311 1451 409 1476 anus
443 1438 574 1475 hercle
607 1436 699 1474 huic
733 1434 925 1473 indicium
959 1432 1050 1471 fecit
1084 1433 1134 1470 de
1168 1443 1274 1477 auro,
1306 1428 1510 1480 perspicue

1290 1496 1419 1545 palam
1440 1501 1509 1541 est,

181 1570 275 1618 quoi
291 1582 364 1618 ego
376 1568 454 1606 iam
468 1567 642 1617 linguam
659 1564 884 1616 praecidam
896 1571 1015 1613 atque
1029 1563 1165 1601 oculos
1179 1559 1374 1599 ecfodiam
1388 1558 1508 1597 domi.

100 1646 164 1681 190
183 1635 266 1672 ME.
299 1633 395 1684 quid
416 1641 457 1671 tu
478 1634 584 1670 solus
604 1639 737 1670 tecum
757 1630 947 1680 loquere?
1004 1630 1101 1666 Evc.
1134 1639 1263 1664 meam
1284 1623 1511 1675 pauperiem

1278 1701 1508 1739 conqueror.

181 1763 372 1814 uirginem
393 1764 522 1802 habeo
542 1763 743 1813 grandem,
766 1762 860 1799 dote
880 1772 1031 1798 cassam
1051 1765 1170 1807 atque
1190 1754 1454 1801 inlocabilem,

181 1842 311 1879 neque
332 1842 419 1868 eam
440 1841 544 1879 queo
565 1829 694 1866 locare
715 1825 942 1876 quoiquam.
998 1824 1081 1861 ME.
1114 1829 1210 1868 tace,
1234 1821 1385 1859 bonum
1406 1819 1510 1857 habe
1532 1831 1570 1864 15

1146 1886 1334 1932 animum,
1359 1884 1508 1923 Euclio.

181 1959 349 2007 dabitur,
370 1959 611 1998 adiuuabere
630 1971 654 1996 a
675 1970 748 1996 me.
807 1955 883 2004 die,
906 1954 938 1993 si
958 1953 1054 2005 quid
1075 1959 1202 2003 opust,
1225 1950 1384 2001 impera.

183 2026 281 2063 Evc.
313 2037 420 2063 nunc
440 2024 548 2074 petit,
566 2036 689 2074 quom
709 2020 940 2072 pollicetur3
968 2019 1093 2057 inhiat
1113 2030 1251 2056 aurum
1271 2023 1314 2054 ut
1334 2016 1508 2054 deuoret.

101 2100 162 2138 195
182 2090 302 2128 altera
321 2102 441 2127 manu
460 2090 532 2127 fert
551 2087 734 2138 lapidem,
757 2099 901 2136 panem
921 2091 1092 2123 ostentat
1111 2084 1241 2121 altera.

231 2204 288 2235 177
313 2192 460 2238 (uideo)
476 2193 564 2224 Klett
581 2204 589 2223 z
612 2189 797 2233 (eumpse)
813 2189 904 2220 Baclz
993 2188 1049 2219 vix
1062 2187 1165 2219 iamb.
1181 2186 1331 2217 senarius
1452 2185 1512 2223 178

185 2238 230 2268 mi
252 2247 316 2268 om.
339 2237 426 2269 codd.
448 2236 509 2268 Cic.
527 2235 565 2267 de
578 2234 691 2266 Dz'vt'n.
706 2245 733 2268 1.
747 2236 790 2272 65
897 2231 1025 2262 exirem
1051 2231 1140 2262 codd.
1159 2231 1219 2262 Cic.
1367 2229 1426 2268 185
1450 2228 1512 2259 scit

186 2292 239 2312 me
249 2281 372 2312 Bothe:
396 2291 449 2311 me
466 2281 530 2312 scit
540 2279 605 2311 rod.
722 2279 783 2308 186
806 2287 825 2307 a
841 2275 987 2316 pecunia
1004 2275 1154 2315 perbene
1166 2273 1232 2306 cod.
1251 2287 1259 2306 :
1282 2284 1359 2305 corr.
1379 2272 1513 2303 Gm'etus

190 2335 246 2364 191
272 2324 349 2355 item
365 2323 454 2355 codd.
469 2323 573 2354 Nonii
587 2332 640 2362 45,
659 2333 743 2361 340:
770 2320 871 2350 filiam
888 2319 999 2350 habeo
1015 2319 1189 2358 grandem,
1207 2328 1303 2349 cassa
1317 2318 1397 2348 dote
1410 2321 1511 2354 atque

186 2368 353 2399 inlocabili
370 2367 456 2398 codd.
481 2367 638 2397 Varronis
653 2365 691 2396 de
707 2365 746 2395 L.
762 2363 801 2394 L.
821 2373 851 2402 5,
875 2373 913 2403 14
