1814 2723
173 73 228 111 ΙΙ.
250 73 279 110 ii
670 72 716 111 T.
751 71 932 111 MACCI
963 70 1167 110 PLAVTI

188 199 230 229 30
251 185 309 222 ΡΙ.
333 183 456 222 immo
476 190 519 221 ut
540 196 627 221 eam
650 181 808 221 credis?
838 180 978 219 misera
997 193 1134 219 amans
1155 179 1361 218 desiderat.

253 250 330 289 CH.
363 248 504 286 scitum
526 247 637 286 istuc.
699 249 755 284 Pi.
790 245 924 292 immo,
949 246 1147 295 Chrysale,
1171 258 1244 291 em,
1268 258 1349 282 non
1370 243 1566 282 tantulum

250 327 441 364 umquam
462 312 683 351 intermittit
703 320 859 361 tempus
881 310 977 361 quin
998 324 1089 349 eum
1110 310 1298 348 nominet.
1605 319 1674 345 210

252 380 329 419 CH.
370 386 480 417 tanto
511 379 642 416 hercle
674 375 821 415 melior.
902 377 960 414 Pl.
1002 375 1260 414 immo—CH.
1302 376 1424 412 immo
1455 373 1586 411 hercle

1451 437 1586 476 abiero

251 509 393 559 potius.
454 510 511 546 ΡΙ.
543 521 639 546 num
660 506 807 545 inuitus
828 520 909 545 rem
931 506 1034 544 bene
1053 513 1203 556 gestam
1223 504 1336 543 audis
1357 503 1443 543 eri?

192 585 230 617 35
255 575 332 614 CH.
365 587 445 611 non
467 586 537 619 res,
561 573 631 611 sed
651 580 761 610 actor
781 570 878 608 mihi
900 583 967 609 cor
987 569 1081 609 odio
1103 569 1262 608 sauciat.

252 639 371 678 etiam
403 637 626 688 Epidicum,
657 650 776 687 quam
811 649 884 686 ego
916 635 1091 673 fabulam
1121 648 1247 685 aeque
1281 647 1326 672 ac
1360 647 1424 672 me
1457 631 1587 682 ipsum

1483 711 1584 744 amo,

255 770 405 808 nullam
425 781 551 818 aeque
573 766 718 805 inuitus
741 773 888 816 specto,
911 766 942 803 si
963 764 1041 814 agit
1063 764 1197 803 Pellio.
1608 768 1673 806 215

256 835 326 873 sed
348 832 514 872 Bacchis
536 831 653 870 etiam
675 831 784 869 fortis
805 830 876 869 tibi
897 830 1047 868 uisast?
1104 832 1161 867 ΡΙ.
1185 831 1329 880 rogas?

257 899 298 938 ni
318 906 484 937 nanctus
507 899 701 936 Venerem
723 910 861 942 essem,
885 897 988 934 hanc
1010 897 1207 934 Iunonem
1229 894 1411 933 dicerem.

195 977 238 1008 40
260 966 337 1005 CH.
370 964 523 1013 edepol,
541 961 802 1009 Mnesiloche,
826 968 868 999 ut
884 962 987 999 hanc
1007 973 1089 999 rem
1106 967 1239 998 natam
1257 957 1375 1012 [esse]
1391 958 1587 1008 intellego,

258 1031 367 1081 quod
387 1042 495 1067 ames
516 1034 734 1078 paratumst
752 1042 759 1065 :
789 1027 898 1077 quod
919 1027 988 1064 des
1009 1025 1211 1063 inuentost
1231 1037 1341 1075 opus.

257 1109 350 1135 nam
370 1095 470 1133 istoc
491 1095 653 1132 fortasse
674 1099 807 1131 aurost
827 1093 928 1142 opu’.
989 1093 1048 1128 Pi.
1082 1089 1291 1140 Philippeo
1312 1088 1484 1139 quidem.
1610 1100 1680 1125 220

258 1162 335 1201 CH.
367 1167 486 1210 atque
506 1172 554 1198 eo
575 1160 737 1197 fortasse
757 1157 834 1195 iam
856 1163 983 1206 opust.
1044 1157 1102 1193 ΡΙ.
1135 1155 1258 1193 immo
1279 1153 1396 1192 etiam
1417 1153 1545 1204 prius:

258 1239 349 1264 nam
371 1225 448 1263 iam
469 1225 547 1262 huc
567 1222 754 1262 adueniet
774 1222 1021 1261 miles—CH.
1055 1228 1093 1259 et
1114 1220 1226 1258 miles
1243 1218 1433 1269 quidem?

194 1303 237 1335 45
259 1293 317 1329 P1.
351 1289 417 1340 qui
438 1290 488 1328 de
508 1288 727 1327 amittenda
747 1286 947 1326 Bacchide
967 1299 1106 1324 aurum
1127 1285 1191 1323 hic
1212 1284 1338 1335 exigit.

260 1357 337 1396 CH.
370 1354 503 1393 ueniat
523 1354 685 1404 quando
705 1354 799 1400 uolt,
821 1359 940 1402 atque
960 1351 1014 1389 ita
1033 1365 1083 1389 ne
1104 1350 1200 1388 mihi
1221 1349 1269 1388 sit
1290 1362 1432 1388 morae.

260 1419 406 1460 domist
423 1435 429 1458 :
460 1432 541 1457 non
562 1425 697 1457 metuo
717 1431 791 1456 nec
812 1416 1043 1467 quoiiquam
1064 1414 1255 1465 supplico,
1613 1424 1679 1461 225

261 1488 358 1526 dum
379 1484 541 1535 quidem
561 1484 639 1522 hoc
658 1482 806 1521 ualebit
825 1489 964 1532 pectus
983 1480 1148 1532 perfidia
1167 1493 1311 1519 meum.

262 1551 326 1590 abi
346 1550 460 1596 intro,
482 1562 555 1599 ego
575 1548 640 1586 hic
660 1547 817 1586 curabo.
877 1554 919 1585 tu
940 1546 1044 1585 intus
1065 1545 1187 1585 dicito

202 1632 242 1664 50
264 1615 559 1654 Mnesilochum
579 1601 718 1652 adesse
742 1611 944 1651 Bacchidi.
1005 1612 1065 1650 P1t
1095 1610 1237 1650 faciam
1257 1617 1300 1649 ut
1320 1609 1443 1649 iubes.
1467 1632 1520 1636 ——

263 1683 340 1721 CH.
373 1679 575 1730 negotium
596 1680 672 1717 hoc
693 1679 744 1716 ad
765 1691 829 1716 me
848 1677 988 1716 attinet
1011 1676 1217 1715 aurarium.

263 1746 370 1785 mille
390 1752 429 1784 et
448 1746 642 1784 ducentos
665 1742 891 1794 Philippum
911 1742 1113 1781 attulimus
1133 1754 1273 1780 aureos
1616 1751 1685 1786 230

266 1812 438 1862 Epheso,
461 1822 560 1860 quos
580 1810 726 1859 hospes
746 1808 885 1848 debuit
904 1815 1039 1847 nostro
1060 1806 1153 1846 seni.

266 1877 359 1916 inde
380 1889 452 1926 ego
472 1874 593 1914 hodie
613 1874 786 1925 aliquam
807 1873 1065 1913 machinabor
1085 1871 1320 1918 machinam,

206 1959 246 1991 55
267 1944 374 1982 unde
393 1954 531 1980 aurum
552 1940 730 1980 ecficiam
755 1939 904 1979 amanti
925 1939 1007 1979 erili
1028 1938 1119 1977 filio.

268 2009 337 2048 sed
357 2006 439 2046 fori’
460 2006 690 2057 concrepuit
710 2013 867 2044 nostra:
897 2004 1059 2055 quinam
1080 2003 1157 2042 exit
1177 2003 1307 2042 foras?

313 2112 377 2143 208
400 2121 474 2142 eam
491 2109 665 2141 Acidalius
679 2121 687 2140 ε
711 2120 789 2140 eum
805 2108 871 2139 cod.
964 2118 1023 2138 211
1044 2106 1162 2137 melior
1178 2105 1310 2145 Bentley
1326 2117 1332 2136 :
1350 2105 1468 2136 melior
1483 2104 1600 2136 bachis

268 2155 334 2187 cod.
355 2155 379 2195 (‘
395 2164 514 2185 nomen
531 2154 708 2194 ascrcplum
727 2156 765 2183 ut
776 2156 850 2183 recte
865 2152 1100 2192 intellegeretur
1112 2148 1247 2184 locutich
1265 2148 1345 2187 Leo)
1458 2159 1520 2188 213
1545 2159 1600 2179 res

269 2199 372 2230 Botlze
387 2210 393 2229 :
418 2208 496 2229 erus
514 2197 580 2227 cod.
680 2198 744 2227 218
768 2206 844 2227 esse
862 2195 921 2226 del.
940 2195 1071 2235 Benlley
1159 2204 1223 2224 220
1235 2197 1350 2224 aurost
1367 2217 1372 2223 .
1393 2217 1400 2223 .
1417 2217 1424 2223 .
1439 2192 1599 2232 Philippo

258 2243 486 2283 *Brugmanm
506 2239 646 2281 Langen
664 2240 778 2280 (Beitr.
792 2241 849 2279 86)
868 2250 875 2269 τ
899 2249 1016 2269 aurum
1035 2243 1107 2268 est.
1125 2260 1131 2266 .
1151 2262 1157 2269 .
1177 2237 1317 2275 filippeo
1334 2235 1399 2266 cod.
1537 2245 1600 2274 223

273 2287 388 2326 exiget
404 2285 505 2316 Bothe
603 2293 666 2322 225
693 2294 755 2314 nec
773 2282 881 2324 (ego)
898 2293 929 2322 q.
946 2282 1056 2317 Bothe,
1071 2280 1146 2319 Leo,
1161 2280 1280 2320 quibus
1296 2279 1476 2320 quoiquam
1492 2278 1600 2318 trisyll.

273 2330 414 2371 dasplicet
526 2337 591 2366 230
615 2327 808 2366 Philippum
824 2326 978 2366 Bentley:
1002 2325 1173 2366 philippos
1188 2323 1254 2355 cod.
