1742 2718
747 67 952 106 CASINA
1127 107 1130 112 ,
1426 66 1502 103 III.
1527 77 1556 103 v

452 179 569 218 missa
589 193 676 218 sum
696 179 767 217 tibi
789 187 830 217 ut
851 179 1034 225 dicerem,

50 251 163 294 682—-3
182 246 233 284 ab
265 259 310 284 ea
344 245 400 284 uti
433 258 572 284 caueas
606 244 687 283 tibi.
749 246 818 282 Lv.
851 244 945 294 perii
980 244 1110 282 hercle
1140 256 1212 293 ego
1242 242 1380 281 miser!
1440 244 1506 280 PA.
1529 257 1568 289 55

96 447 162 492 685

99 1495 169 1530 700

103 1820 167 1856 705

1249 305 1418 359 dig(nu's
1439 305 1507 359 tu).

240 378 308 414 Lv.
342 389 471 426 neque
491 382 548 414 est
568 388 697 425 neque
717 374 788 413 fuit
810 388 873 412 me
894 388 1012 412 senex
1032 373 1241 424 quisquam
1261 380 1412 410 amator

238 442 416 491 adaeque
436 441 561 479 miser.
622 443 690 479 PA.
724 441 819 478 ludo
841 453 912 490 ego
933 441 1039 477 hunc
1060 441 1184 478 facete
1201 454 1209 485 3

238 520 329 544 nam
350 520 450 556 quae
470 508 571 544 facta
590 505 669 544 dixi
691 505 825 543 onmia
844 504 936 542 huic
956 506 1051 542 falsa
1072 504 1150 542 dixi
1167 520 1173 542 :

237 585 302 610 era
320 579 438 621 atque
458 573 555 608 haec
575 572 712 609 dolum
734 584 780 608 ex
800 583 992 620 proxumo
1014 571 1120 607 hunc
1140 570 1394 618 protulerunt,

238 650 310 686 ego
330 638 434 674 hunc
456 636 573 673 missa
593 649 679 673 sum
701 636 845 673 ludere.
907 636 976 673 Lx'.
1010 636 1106 673 heus
1128 633 1373 672 Pardalisca!
1531 638 1573 669 60

240 703 307 739 ΡΑ.
339 700 435 751 quid
455 702 542 739 est?
600 701 669 738 Lv.
703 702 885 738 est—PA.
920 699 1045 749 quid?
1102 700 1171 737 Lv.
1204 706 1262 737 est
1286 699 1394 748 quod
1420 698 1512 735 uolo

1174 762 1374 813 exquirere
1395 776 1441 801 ex
1461 769 1509 800 te.

239 832 306 868 ΡΑ.
340 843 489 868 moram
510 822 624 868 offers
646 829 752 868 mihi.
804 831 874 867 LY.
906 836 944 867 at
965 836 1007 867 tu
1029 829 1124 866 mihi
1146 829 1260 867 offers
1282 840 1508 866 maerorem.

291 896 361 933 sed
381 895 550 933 etiamne
569 895 690 933 habet
710 908 816 932 nunc
838 894 982 933 Casina
1002 894 1206 944 gladium?

239 961 307 997 PA.
338 960 467 1007 habet,
491 961 561 998 sed
581 960 692 997 duos.
753 961 823 997 ΙΝ.
856 958 965 1009 quid,
986 960 1116 997 duos?
1173 960 1241 996 PA.
1273 959 1394 996 altero
1419 964 1457 995 te

237 1024 458 1062 occisurum
478 1024 542 1071 ait,
564 1026 686 1063 altero
706 1024 868 1062 uilicum
889 1023 1019 1062 hodie,
1529 1026 1570 1069 65

293 1091 364 1128 Lv.
395 1089 672 1128 occisissumus
694 1103 780 1127 sum
802 1088 981 1127 omnium
1003 1088 1069 1139 qui
1091 1088 1239 1126 uiuont.

291 1154 452 1193 loricam
472 1155 635 1193 induam
656 1155 710 1192 mi
731 1162 939 1204 optumum
961 1167 1045 1192 esse
1065 1153 1214 1204 opinor.

239 1219 335 1269 quid
355 1233 451 1257 uxor
470 1221 586 1258 mea?
616 1233 696 1258 non
716 1221 798 1258 adit
818 1227 937 1269 atque
956 1219 1133 1257 ademit?

240 1287 308 1323 PA.
340 1298 459 1323 nemo
478 1286 597 1324 audet
617 1299 740 1336 prope
759 1286 957 1324 accedere.
1009 1286 1078 1322 Lv.
1111 1291 1254 1322 exoret.
1305 1285 1373 1321 PA.
1406 1289 1513 1321 orat:

240 1357 355 1400 negat
374 1363 520 1400 ponere
539 1350 617 1388 alio
638 1351 760 1389 modo
781 1351 861 1388 ullo
881 1351 1069 1400 profect0‚
1535 1357 1576 1394 70

239 1415 314 1453 nisi
335 1429 376 1454 se
396 1415 492 1454 sciat
512 1415 630 1454 uilico
651 1429 732 1453 non
752 1416 889 1453 datum
911 1414 965 1452 iri.

242 1482 312 1519 LY.
343 1481 452 1530 atqui
472 1480 658 1530 ingratiis,
679 1480 771 1531 quia
792 1494 872 1518 non
893 1482 987 1527 uolt,
1010 1481 1133 1518 nubet
1154 1479 1283 1518 hodie.
1310 1521 1317 1525 ,

241 1560 332 1584 narn
353 1559 426 1596 qur
445 1559 526 1584 non
547 1559 620 1596 ego
644 1546 684 1584 id
705 1554 924 1596 perpetrem
946 1546 1055 1595 quod
1075 1545 1198 1595 coepi,

295 1619 337 1649 ut
357 1611 480 1650 nubat
501 1611 750 1649 mihi—illud
771 1611 932 1660 quidem
954 1611 1149 1658 uolebam,

294 1684 430 1715 nostro
449 1676 596 1715 uilico?
654 1678 722 1714 PA.
756 1676 954 1726 saepicule
973 1689 1125 1726 peccas.
1536 1679 1576 1715 75

243 1743 313 1780 LY.
345 1742 461 1780 timor
481 1741 684 1792 praepedit
705 1742 836 1780 uerba.
896 1754 1044 1788 uerum,
1067 1753 1231 1791 opsecro
1252 1746 1301 1787 te,

243 1806 306 1845 dic
327 1808 419 1845 med
439 1820 600 1845 uxorem
621 1820 730 1845 orare
751 1814 792 1845 ut
813 1813 945 1844 exoret
965 1805 1072 1844 illam

188 1871 361 1921 gladium
382 1880 424 1910 ut
444 1879 565 1922 ponat
581 1879 619 1910 et
640 1872 765 1910 redire
782 1885 845 1911 me
865 1871 967 1910 intro
983 1878 1026 1910 ut
1045 1870 1170 1909 liceat.
1218 1872 1287 1908 ΡΑ.
1310 1869 1513 1908 nuntiabo.

230 1977 291 2007 681
319 1977 484 2018 dicerem]
509 1978 542 2007 di
559 1977 593 2007 P
613 1977 735 2017 (dicam
758 1976 820 2016 13³)
978 1976 1043 2006 682
1068 1980 1104 2006 ut
1129 1974 1218 2006 codd.
1323 1973 1456 2014 dignu's
1481 1980 1516 2005 tu

190 2019 337 2052 Schoell:
361 2021 513 2060 dig—vel
523 2020 646 2060 dig—u
658 2021 692 2050 A
710 2033 716 2051 ε
743 2031 808 2052 om.
822 2020 869 2051 P:
894 2019 945 2050 vel
959 2020 1075 2059 dignu’
1095 2024 1130 2050 tu
1149 2018 1336 2059 (septenam)
1451 2019 1517 2048 688

190 2064 254 2094 huc
270 2062 304 2093 P
400 2066 466 2104 689
490 2065 549 2106 ex]
571 2075 591 2096 a
610 2064 644 2095 Ρ
729 2066 790 2103 691
818 2065 876 2094 sed
902 2063 1055 2094 adhaeret
1068 2062 1175 2103 priori
1190 2061 1345 2092 versuiA
1451 2063 1517 2101 693

192 2107 374 2138 occisuram
391 2108 423 2138 A
446 2108 484 2149 (i.
499 2108 534 2147 9)
669 2110 732 2147 695
757 2107 806 2138 vel
823 2108 925 2147 opino
1058 2107 1121 2145 696
1144 2104 1231 2148 (an)
1249 2116 1315 2136 non
1339 2104 1445 2145 Wezke,
1465 2116 1517 2135 cut

192 2154 266 2180 mea
277 2151 326 2189 (in
337 2152 459 2191 pausa)
471 2151 612 2192 displicet
685 2151 801 2182 adimit
812 2151 863 2189 P(
867 2156 929 2191 pro
939 2151 1066 2181 ademit
1079 2152 1103 2188 2)
1194 2151 1259 2188 699
1279 2149 1319 2179 Ni
1333 2149 1367 2179 P
1453 2159 1516 2188 700

191 2193 336 2233 atqueP
449 2205 508 2234 701
529 2205 606 2225 nam
628 2195 704 2236 qur]
731 2204 912 2233 numquam
928 2194 960 2224 A
1079 2203 1140 2232 702
1164 2193 1319 2223 uolebam
1340 2191 1427 2223 codd.
1443 2192 1515 2222 Pri·

190 2238 297 2267 seiani
322 2248 348 2277 1,
380 2247 462 2277 104:
498 2238 644 2279 [dicere]
671 2237 826 2269 uolebam
850 2237 906 2268 A:
938 2237 1092 2267 uolebam
1118 2237 1203 2278 [non
1227 2237 1306 2278 sed]
1333 2235 1367 2265 P
1389 2236 1447 2276 (iv.
1481 2236 1513 2271 1)

193 2290 255 2319 703
279 2280 492 2320 saepiuscule
515 2281 714 2319 Priscianus,
728 2281 827 2321 gloss.
847 2280 957 2312 Plaut.
1070 2290 1131 2319 704
1156 2280 1233 2310 teA
1247 2283 1283 2310 ut
1294 2279 1358 2310 vid.
1376 2291 1382 2311 :
1408 2289 1472 2309 om.
1486 2277 1519 2308 P

191 2324 246 2365 (cf.
265 2325 344 2365 738)
481 2326 544 2364 706
569 2326 621 2356 lic.
643 2325 722 2367 (om.
743 2324 795 2365 ut)
811 2324 845 2354 A
