1742 2718
711 59 1034 98 BACCHIDES
1459 59 1528 95 IV.
1550 58 1595 94 ix

205 173 335 219 armis,
356 172 476 223 equis,
500 171 670 210 exercitu
690 178 808 221 atque
829 170 978 209 eximiis
999 168 1254 208 bellatoribus

207 239 301 277 milli
323 254 412 278 cum
436 252 598 277 numero
620 237 780 276 nauium
802 238 972 275 decumo
992 249 1098 273 anno
1119 243 1208 285 post
1228 235 1475 284 subegerunt.

207 318 287 343 non
304 304 472 354 pedibus
488 311 682 342 termento
695 302 766 340 fuit
783 308 919 351 praeut
935 300 1008 350 ego
1023 314 1131 339 erum
1149 300 1384 350 expugnabo
1402 312 1533 337 meum
1554 312 1570 343 5

119 386 188 421 930
206 370 291 408 sine
312 371 434 408 classe
455 369 618 419 sineque
639 367 808 406 exercitu
830 374 867 405 et
889 374 997 404 tanto
1018 379 1182 404 numero
1204 365 1382 403 militum.

206 435 304 485 cepi,
327 433 547 485 expugnaui
567 432 714 471 amanti
735 432 817 471 erili
837 431 918 470 filio
938 445 1075 469 aurum
1095 431 1146 469 ab
1167 444 1238 468 suo
1259 437 1377 480 patre.

205 513 311 538 nunc
331 499 435 550 prius
452 512 571 549 quam
588 499 665 536 huc
682 511 800 536 senex
816 496 935 543 uenit,
954 496 1062 534 lubet
1078 495 1281 534 lamentari
1297 496 1392 533 dum
1409 501 1531 533 exeat.

206 580 230 604 o
250 565 378 612 Troia,
402 578 425 602 o
445 564 579 614 patria,
602 577 626 602 o
648 564 892 613 Pergamum,
916 575 940 600 o
962 561 1114 599 Priame
1135 560 1281 611 periisti
1302 574 1434 607 senex,

206 630 272 681 qui
294 630 433 668 misere
453 630 554 667 male
576 628 799 666 mulcabere
819 626 1085 677 quadrigentis
1108 625 1297 676 Philippis
1318 624 1454 663 aureis.
1554 639 1594 661 10

118 709 183 746 935
205 710 297 734 nam
318 709 390 746 ego
411 696 480 732 has
502 694 664 732 tabellas
685 693 920 743 opsignatas,
944 691 1192 742 consignatas
1213 705 1310 741 quas
1331 692 1412 729 fero

205 775 284 799 non
306 764 397 799 sunt
417 760 593 805 tabellae,
617 760 687 797 sed
707 771 832 808 equos
853 771 972 808 quem
994 757 1134 795 misere
1154 756 1298 795 Achiui
1319 756 1502 806 ligneum.

206 826 345 877 Epiust
385 814 620 863 Pistoclerus
637 840 643 862 :
691 825 742 862 ab
782 838 829 862 eo
867 825 965 861 haec
1004 830 1184 872 sumptae
1200 837 1209 869 3
1259 821 1532 860 Mnesilochus

1357 886 1453 926 Sino
1473 893 1531 925 est

203 956 370 1003 relictus,
392 957 510 994 ellum
532 968 612 993 non
634 954 673 992 in
695 954 811 992 busto
833 953 987 1000 Achilli,
1011 954 1081 992 sed
1102 952 1141 990 in
1163 954 1266 991 lecto
1286 952 1476 999 accubat;

204 1021 443 1060 Bacchidem
465 1020 583 1058 habet
603 1033 737 1058 secum
756 1035 762 1057 ;
793 1020 856 1057 ι’116
876 1018 969 1056 olim
991 1018 1129 1056 habuit
1145 1017 1275 1067 ignem
1292 1016 1359 1067 qui
1375 1016 1529 1067 signum
1553 1032 1589 1064 15

1407 1084 1528 1129 daret,

118 1167 187 1203 940
204 1154 310 1191 hunc
339 1152 468 1201 ipsum
500 1150 623 1189 exurit
639 1165 649 1197 ,-
677 1163 750 1200 ego
777 1163 864 1187 sum
885 1148 1030 1195 Vlixes,
1053 1148 1209 1198 quoiius
1239 1147 1405 1187 consilio
1434 1149 1532 1186 haec

1381 1219 1529 1264 gerunt„

204 1290 287 1322 tum
321 1295 423 1333 quae
456 1281 520 1319 hic
554 1287 644 1319 sunt
683 1279 849 1330 scriptae
882 1278 1042 1325 litterae',
1079 1279 1155 1317 hoc
1190 1278 1229 1316 in
1264 1292 1367 1328 equo
1401 1279 1534 1316 insunt

1392 1343 1534 1381 milites

204 1414 341 1453 armati
372 1420 491 1463 atque
524 1410 685 1450 animati
720 1410 852 1461 probe.
924 1409 976 1448 ita
1010 1423 1069 1448 res
1101 1409 1288 1448 successit
1322 1408 1375 1447 mi
1409 1422 1534 1458 usque

1299 1521 1307 1524 μ
1389 1475 1530 1513 adhuc.

203 1554 321 1596 atque
341 1544 405 1583 hic
432 1556 555 1594 equos
582 1555 663 1581 non
692 1541 731 1579 in
760 1554 902 1588 arcem,
926 1554 1062 1578 uerum
1093 1539 1132 1578 in
1162 1553 1291 1578 arcam
1322 1539 1438 1578 faciet
1466 1539 1533 1577 im-

1370 1612 1505 1655 petum
1524 1620 1532 1642 t

204 1678 377 1727 exitium,
393 1678 600 1724 excidium,
619 1675 824 1715 exlecebra
845 1674 911 1711 fiet
932 1671 996 1710 hic
1017 1683 1140 1721 equos
1161 1669 1280 1708 hodie
1299 1683 1394 1708 auro
1415 1669 1529 1707 senis.
1553 1687 1593 1708 20

117 1753 183 1790 945
204 1751 338 1783 nostro
358 1744 442 1783 seni
462 1743 554 1782 huic
575 1742 731 1788 stolido,
754 1740 789 1779 ei
811 1740 988 1790 profecto
1009 1749 1155 1774 nomen
1176 1735 1277 1773 facio
1298 1749 1371 1785 ego
1393 1734 1468 1773 Ilio
1484 1750 1493 1783 3

205 1809 315 1848 miles
337 1810 571 1854 Menelaust,
595 1820 668 1857 ego
688 1809 949 1856 Agamemno,
974 1803 1079 1841 idem
1100 1800 1232 1839 Vlixes
1257 1799 1422 1846 Lartius,

204 1874 493 1913 Mnesilochust
514 1873 749 1918 Alexander,
770 1870 837 1921 qui
858 1869 929 1908 erit
950 1867 1067 1908 exitio
1087 1865 1142 1905 rei
1162 1865 1309 1916 patriae
1329 1879 1422 1904 suae
1440 1880 1448 1911 ;

202 1938 233 1977 is
254 1941 453 1979 Helenam
473 1938 613 1985 auexit,
636 1936 755 1987 quoia
775 1948 913 1974 caussa
933 1946 1038 1971 nunc
1059 1931 1160 1970 facio
1181 1930 1379 1981 opsidium
1402 1930 1486 1970 Ilio.

245 2044 309 2082 928
333 2043 423 2083 cum]
442 2047 519 2083 post
542 2042 575 2072 A
607 2043 650 2083 (v.
669 2041 704 2080 4)
891 2050 957 2079 929
982 2043 1151 2070 tormento
1169 2038 1202 2068 P
1217 2036 1253 2074 (i.
1272 2035 1306 2076 7)
1470 2044 1529 2073 931

201 2086 260 2118 del.
277 2087 441 2127 Kiessling
542 2096 607 2125 932
622 2095 730 2116 senex
741 2085 836 2115 uenit
848 2083 1016 2114 dis'ambus
1032 2082 1173 2122 displicet
1236 2081 1318 2119 sort.
1336 2089 1422 2109 nunc
1439 2083 1534 2117 prius

202 2130 268 2161 huc
291 2140 391 2170 quam
416 2141 444 2161 s.
468 2140 501 2161 u,
648 2139 780 2168 937—40
803 2137 866 2158 om.
894 2127 927 2156 A
1078 2135 1141 2165 937
1168 2128 1323 2163 sumptae
1347 2122 1531 2162 Kz'essling:

202 2178 337 2213 sumpta
363 2173 426 2205 cod.
561 2173 626 2212 938
649 2173 684 2202 in
708 2172 762 2202 alt.
790 2182 855 2202 om.
884 2170 960 2200 PCD
1087 2179 1152 2208 939
1176 2168 1278 2199 habet
1303 2165 1376 2209 (is)
1400 2166 1441 2207 (3)
1466 2164 1533 2195 Leo

202 2227 269 2256 940
292 2227 380 2247 nune
399 2216 532 2248 Guietus
547 2216 598 2257 (H
612 2221 673 2255 pro
685 2215 729 2256 N)
854 2223 916 2253 941
942 2213 1059 2243 insunt
1076 2212 1110 2242 in
1128 2222 1214 2251 equo
1231 2211 1366 2243 Guz'etus
1467 2218 1531 2247 942

204 2260 393 2299 meliusque
409 2260 442 2290 P
456 2260 534 2301 (pro
550 2260 615 2290 mei
632 2258 754 2298 usque)
781 2256 829 2298 (A
850 2268 882 2288 n.
902 2257 939 2295 l.)
1072 2266 1137 2294 944
1161 2254 1330 2286 excidium
1348 2252 1485 2283 exitium
1501 2251 1535 2282 P

203 2313 268 2343 945
292 2303 369 2335 ilico
385 2303 417 2333 A
550 2314 613 2343 947
639 2302 780 2333 exitium
796 2300 830 2331 P
957 2301 1022 2339 948
1047 2299 1092 2340 is]
1111 2299 1139 2329 si
1156 2298 1188 2328 A
1281 2297 1421 2328 abduxit
1436 2296 1470 2326 P
