1794 2728
218 101 282 139 I.i
680 102 725 138 T.
761 101 939 140 MACCI
973 101 1177 139 PLAVTI

267 216 332 254 So.
365 221 513 262 metuo,
537 213 646 253 uocis
674 227 723 252 ne
747 214 875 253 uicem
905 213 1024 252 hodie
1051 210 1115 252 hic
1142 209 1339 263 uapulem,
1362 226 1463 264 quae
1489 215 1595 254 hunc

1401 279 1590 318 uerberat.

268 346 351 383 ΜΕ.
374 352 537 395 optume
557 358 695 383 eccum
717 343 864 383 incedit
884 344 934 383 ad
957 357 1028 382 me.
1080 345 1144 382 So.
1168 342 1300 389 timeo,
1322 350 1427 383 totus
1443 351 1590 395 torpeo.
1613 355 1678 392 335

266 423 347 449 non
368 411 510 460 edepol
531 423 637 448 nunc
657 408 724 447 ubi
745 416 932 447 terrarum
953 408 1026 447 sim
1048 407 1141 455 scio,
1164 407 1195 446 si
1217 407 1304 458 quis
1324 416 1443 459 roget,

187 482 243 522 185
266 487 395 524 neque
416 473 532 513 miser
552 487 615 512 me
635 486 888 512 commouere
908 486 1070 523 possum
1092 486 1183 522 prae
1204 472 1424 512 formidine.

265 538 369 577 ilicet
388 554 394 577 :
425 539 612 577 mandata
632 537 685 576 eri
706 536 904 587 perierunt
924 550 1003 575 una
1023 544 1061 575 et
1082 536 1203 576 Sosia.

265 617 402 642 uerum
423 610 610 642 certumst
630 603 875 641 confidenter
895 601 1098 641 hominem
1120 609 1256 641 contra
1275 603 1473 653 conloqui,

264 668 336 719 qui
352 668 500 719 possim
521 667 645 707 uideri
666 667 758 706 huic
778 667 899 714 fortis,
921 681 943 705 a
964 680 1027 706 me
1048 674 1090 705 ut
1110 667 1303 717 apstineat
1324 682 1495 707 manum.
1613 681 1682 715 340

266 735 349 771 ΜΕ.
382 747 461 783 quo
494 733 674 772 ambulas
708 740 749 771 tu
784 732 852 782 qui
882 733 1106 771 Volcanum
1137 732 1177 770 in
1210 746 1331 771 cornu
1361 734 1591 772 conclusum

1461 797 1560 848 geris
1576 800 1592 837 ?

186 878 245 911 190
266 865 329 902 So.
363 863 458 914 quid
480 862 519 901 id
540 862 709 912 exquiris
730 869 771 900 tu
793 861 858 912 qui
880 861 1020 912 pugnis
1041 875 1084 900 os
1106 875 1261 900 exossas
1281 862 1538 902 hominibus?

267 930 349 966 ME.
377 928 574 966 seruo‘sne
595 940 644 965 an
665 926 792 965 liber?
848 928 912 965 So.
940 933 1188 977 utquomque
1207 926 1340 965 animo
1357 926 1589 966 conlibitum

1408 998 1466 1030 est
1487 1005 1587 1030 meo.

266 1059 347 1096 ΜΕ.
380 1061 444 1095 a'i'n
474 1057 597 1095 uero?
664 1058 728 1095 So.
760 1057 823 1095 ai'o
861 1055 967 1095 enim
1006 1069 1110 1095 uero.
1172 1058 1255 1095 ME.
1289 1056 1463 1095 uerbero.
1522 1058 1588 1095 So.

1286 1121 1450 1160 mentire
1470 1135 1586 1160 nunc.

266 1189 348 1225 ΜΕ.
381 1194 420 1226 at
450 1186 526 1225 iam
562 1186 703 1227 faciam
738 1193 780 1224 ut
809 1200 946 1225 uerum
977 1185 1085 1226 dicas
1114 1186 1255 1226 dicere.
1315 1187 1379 1224 So.
1412 1185 1508 1236 quid
1542 1199 1590 1225 eo
1611 1198 1654 1232 34
1661 1196 1676 1233 5

1383 1258 1442 1290 est
1462 1253 1590 1302 opus?

266 1319 348 1356 ΜΕ.
372 1331 533 1368 possum
551 1317 648 1356 scire
665 1331 745 1368 quo
761 1319 971 1368 profectus,
990 1316 1131 1367 quoius
1147 1316 1198 1356 sis
1213 1324 1280 1355 aut
1296 1316 1392 1367 quid
1409 1315 1591 1355 ueneris?

185 1394 242 1426 195
265 1384 327 1422 So.
360 1384 438 1421 huc
458 1382 516 1420 eo.
558 1382 612 1420 eri
633 1396 719 1420 sum
741 1395 885 1420 seruos.
945 1380 1140 1431 numquid
1161 1395 1266 1419 nunc
1287 1394 1327 1419 es
1348 1380 1515 1420 certior?

265 1449 348 1485 ΜΕ.
382 1460 455 1497 ego
489 1446 560 1485 tibi
591 1446 704 1485 istam
738 1445 870 1494 hodie,
902 1447 1075 1493 sceleste,
1112 1445 1369 1497 comprimam
1403 1445 1586 1495 linguam.

1268 1512 1333 1549 So.
1356 1511 1432 1548 hau
1452 1517 1564 1560 potes
1582 1524 1589 1548 ;

261 1577 362 1615 bene
383 1575 606 1626 pudiceque
626 1577 865 1615 adseruatur.
927 1578 1010 1614 ΜΕ.
1041 1576 1178 1629 pergin
1199 1575 1435 1626 argutarier?

260 1641 355 1692 quid
393 1642 500 1691 apud
534 1642 652 1680 hasce
685 1641 794 1679 aedis
829 1641 960 1691 negoti
992 1644 1050 1680 e'st
1084 1641 1187 1680 tibi?
1243 1642 1307 1679 So.
1339 1640 1462 1679 immo
1491 1640 1587 1691 quid
1608 1650 1679 1687 350

1411 1705 1481 1744 tibi
1501 1707 1588 1745 est?

263 1773 345 1810 ME.
378 1785 442 1810 rex
463 1773 565 1811 Creo
587 1771 722 1821 uigiles
744 1779 958 1811 nocturnos
979 1772 1153 1822 singulos
1174 1784 1327 1821 semper
1345 1772 1458 1809 locat.

180 1854 242 1876 200
262 1838 325 1875 So.
359 1836 461 1875 bene
481 1835 572 1874 facit
591 1851 598 1873 :
629 1835 721 1886 quia
741 1850 813 1875 nos
834 1851 988 1875 eramus
1009 1836 1170 1887 peregri,
1192 1842 1356 1874 tutatust
1377 1835 1485 1874 domi
1500 1850 1510 1883 ;

259 1908 298 1939 at
318 1914 425 1939 nunc
445 1900 510 1939 abi
530 1914 634 1947 sane,
658 1901 868 1939 aduenisse
889 1901 1087 1940 familiaris
1108 1900 1239 1940 dicito.

260 1967 343 2004 ΜΕ.
376 1964 510 2004 nescio
531 1965 649 2015 quarn
672 1973 713 2003 tu
735 1966 933 2004 familiaris
954 1966 1006 2004 sis
1030 1980 1037 2003 :
1067 1965 1142 2004 nisi
1160 1972 1336 2004 actutum
1358 1964 1450 2003 hinc
1469 1964 1565 2012 abis,

257 2029 464 2077 familiaris,
487 2029 679 2080 accipiere
701 2031 788 2069 faxo
809 2032 886 2069 hau
907 2030 1154 2070 familiariter.
1605 2034 1669 2070 355

299 2144 363 2173 334
388 2135 495 2164 uicem
515 2133 680 2174 Scaliger:
705 2135 778 2165 uice
802 2134 869 2166 cod.
1020 2136 1085 2175 336
1107 2145 1152 2166 sc.
1173 2134 1228 2165 ubi
1254 2133 1333 2175 (pro
1354 2133 1409 2164 ubi
1425 2143 1502 2173 quis
1512 2135 1538 2172 ἲ)
1556 2144 1580 2165 r.

255 2177 307 2208 PE
440 2188 504 2217 339
539 2182 653 2209 certus
681 2177 766 2218 (-um
793 2179 837 2219 J)
867 2183 918 2209 est
949 2178 1013 2210 cod.
1163 2187 1228 2217 340
1262 2177 1319 2217 qui
1352 2177 1581 2209 Camerarius:

567 2230 575 2246 l
601 2220 609 2246 i

257 2255 358 2295 igitur
380 2254 437 2294 qui
458 2254 494 2292 (ι.
506 2265 531 2285 e.
557 2264 636 2294 gq:
665 2255 706 2286 iv.
727 2254 763 2294 3)
908 2266 973 2295 343
999 2256 1172 2287 Seruosne
1196 2253 1276 2296 (es)
1299 2254 1368 2285 edd.
1518 2265 1582 2294 344

255 2298 311 2330 vix
334 2298 432 2329 aione
449 2308 502 2329 en.
585 2298 738 2329 mentiris
754 2297 820 2329 cod.
957 2306 1019 2339 347
1043 2297 1231 2341 eri<iussu,
1249 2297 1343 2339 eius>
1356 2308 1428 2329 sum
1446 2308 1472 2329 s.
1491 2297 1558 2329 Leo
1574 2310 1582 2329 ε

255 2342 305 2373 eri
330 2352 404 2373 sum
431 2351 560 2381 seruos,
587 2340 755 2383 (missus)
779 2341 918 2372 Mueller
941 2343 1074 2385 (Rhetssn
1096 2342 1186 2373 Mus.
1212 2352 1265 2382 54,
1292 2342 1372 2382 382)
1518 2351 1582 2381 354

256 2390 418 2431 quantum
435 2384 486 2416 PE
505 2385 582 2427 (pro
597 2395 697 2424 quam
716 2388 775 2424 tu3
798 2385 853 2416 vii.
871 2389 906 2426 4)
1037 2395 1101 2426 355
1124 2385 1275 2426 accipere
1293 2385 1358 2416 cod.
