<?xml version="1.0" encoding="UTF-8"?>
<!DOCTYPE html PUBLIC "-//W3C//DTD XHTML 1.0 Transitional//EN"
    "http://www.w3.org/TR/xhtml1/DTD/xhtml1-transitional.dtd">
<html xmlns="http://www.w3.org/1999/xhtml" xml:lang="en" lang="en">
 <head>
  <title>
</title>
<meta http-equiv="Content-Type" content="text/html;charset=utf-8" />
  <meta name='ocr-system' content='tesseract 3.04.00' />
  <meta name='ocr-capabilities' content='ocr_page ocr_carea ocr_par ocr_line ocrx_word'/>
</head>
<body>
  <div class='ocr_page' id='page_1' title='image "./tmacciplauticomo01plauuoft_0230.png"; bbox 0 0 1814 2723; ppageno 0'>
   <div class='ocr_carea' id='block_1_1' title="bbox 181 45 1174 85">
    <p class='ocr_par' dir='ltr' id='par_1_1' title="bbox 181 45 1174 85">
     <span class='ocr_line' id='line_1_1' title="bbox 181 45 1174 85; baseline 0.004 -4"><span class='ocrx_word' id='word_1_1' title='bbox 181 45 234 82; x_wconf 92' lang='lat' dir='ltr'>II.</span> <span class='ocrx_word' id='word_1_2' title='bbox 256 45 285 80; x_wconf 93' lang='lat' dir='ltr'>ii</span> <span class='ocrx_word' id='word_1_3' title='bbox 677 46 724 83; x_wconf 94' lang='lat' dir='ltr'>T.</span> <span class='ocrx_word' id='word_1_4' title='bbox 758 45 938 84; x_wconf 89' lang='lat' dir='ltr'>MACCI</span> <span class='ocrx_word' id='word_1_5' title='bbox 969 47 1174 85; x_wconf 93' lang='lat' dir='ltr'><strong>PLAVTI</strong></span> 
     </span>
    </p>
   </div>
   <div class='ocr_carea' id='block_1_2' title="bbox 177 154 1678 2097">
    <p class='ocr_par' dir='ltr' id='par_1_2' title="bbox 177 154 1678 2097">
     <span class='ocr_line' id='line_1_2' title="bbox 256 154 1484 207; baseline 0.004 -15"><span class='ocrx_word' id='word_1_6' title='bbox 256 167 348 192; x_wconf 90' lang='lat' dir='ltr'>eum</span> <span class='ocrx_word' id='word_1_7' title='bbox 369 154 399 192; x_wconf 87' lang='lat' dir='ltr'>si</span> <span class='ocrx_word' id='word_1_8' title='bbox 421 154 551 194; x_wconf 79' lang='lat' dir='ltr'>reddis</span> <span class='ocrx_word' id='word_1_9' title='bbox 573 155 679 202; x_wconf 89' lang='lat' dir='ltr'>mihi,</span> <span class='ocrx_word' id='word_1_10' title='bbox 703 163 903 206; x_wconf 88' lang='lat' dir='ltr'>praeterea</span> <span class='ocrx_word' id='word_1_11' title='bbox 923 158 1047 194; x_wconf 78' lang='lat' dir='ltr'>unum</span> <span class='ocrx_word' id='word_1_12' title='bbox 1067 170 1278 196; x_wconf 89' lang='lat' dir='ltr'>nummum</span> <span class='ocrx_word' id='word_1_13' title='bbox 1300 172 1350 197; x_wconf 92' lang='lat' dir='ltr'>ne</span> <span class='ocrx_word' id='word_1_14' title='bbox 1371 158 1458 197; x_wconf 84' lang='lat' dir='ltr'>duis</span> <span class='ocrx_word' id='word_1_15' title='bbox 1474 189 1484 207; x_wconf 83' lang='lat'><em>,</em></span> 
     </span>
     <span class='ocr_line' id='line_1_3' title="bbox 256 220 1507 274; baseline 0.003 -17"><span class='ocrx_word' id='word_1_16' title='bbox 256 226 295 257; x_wconf 93' lang='lat' dir='ltr'>et</span> <span class='ocrx_word' id='word_1_17' title='bbox 316 226 353 257; x_wconf 93' lang='lat' dir='ltr'>te</span> <span class='ocrx_word' id='word_1_18' title='bbox 374 226 412 257; x_wconf 91' lang='lat' dir='ltr'>et</span> <span class='ocrx_word' id='word_1_19' title='bbox 432 221 539 258; x_wconf 87' lang='lat' dir='ltr'>hunc</span> <span class='ocrx_word' id='word_1_20' title='bbox 558 220 736 258; x_wconf 85' lang='lat' dir='ltr'>amittam</span> <span class='ocrx_word' id='word_1_21' title='bbox 758 220 860 259; x_wconf 87' lang='lat' dir='ltr'>hinc.</span> <span class='ocrx_word' id='word_1_22' title='bbox 920 221 998 259; x_wconf 87' lang='lat' dir='ltr'>alio</span> <span class='ocrx_word' id='word_1_23' title='bbox 1018 229 1134 271; x_wconf 88' lang='lat' dir='ltr'>pacto</span> <span class='ocrx_word' id='word_1_24' title='bbox 1155 223 1262 262; x_wconf 88' lang='lat' dir='ltr'>abire</span> <span class='ocrx_word' id='word_1_25' title='bbox 1282 237 1363 262; x_wconf 90' lang='lat' dir='ltr'>non</span> <span class='ocrx_word' id='word_1_26' title='bbox 1384 231 1507 274; x_wconf 88' lang='lat' dir='ltr'>potes.</span> 
     </span>
     <span class='ocr_line' id='line_1_4' title="bbox 256 285 1591 338; baseline 0.003 -16"><span class='ocrx_word' id='word_1_27' title='bbox 256 286 329 322; x_wconf 79' lang='grc' dir='ltr'>ΤΥ.</span> <span class='ocrx_word' id='word_1_28' title='bbox 362 292 571 335; x_wconf 88' lang='lat' dir='ltr'>optumum</span> <span class='ocrx_word' id='word_1_29' title='bbox 591 293 710 335; x_wconf 84' lang='lat' dir='ltr'>atque</span> <span class='ocrx_word' id='word_1_30' title='bbox 737 285 1033 335; x_wconf 80' lang='lat' dir='ltr'>aequissumum</span> <span class='ocrx_word' id='word_1_31' title='bbox 1064 300 1149 326; x_wconf 88' lang='lat' dir='ltr'>oras</span> <span class='ocrx_word' id='word_1_32' title='bbox 1177 295 1442 338; x_wconf 84' lang='lat' dir='ltr'>optumusque</span> <span class='ocrx_word' id='word_1_33' title='bbox 1469 288 1591 327; x_wconf 88' lang='lat' dir='ltr'>homi·</span> 
     </span>
     <span class='ocr_line' id='line_1_5' title="bbox 1279 355 1589 393; baseline 0.003 -1"><span class='ocrx_word' id='word_1_34' title='bbox 1279 368 1375 392; x_wconf 87' lang='lat' dir='ltr'>num</span> <span class='ocrx_word' id='word_1_35' title='bbox 1396 367 1436 392; x_wconf 87' lang='lat' dir='ltr'>es</span> <span class='ocrx_word' id='word_1_36' title='bbox 1457 355 1589 393; x_wconf 92' lang='lat' dir='ltr'>homo.</span> 
     </span>
     <span class='ocr_line' id='line_1_6' title="bbox 258 415 1377 469; baseline 0.004 -16"><span class='ocrx_word' id='word_1_37' title='bbox 258 417 327 454; x_wconf 91' lang='lat' dir='ltr'>sed</span> <span class='ocrx_word' id='word_1_38' title='bbox 348 416 379 454; x_wconf 88' lang='lat' dir='ltr'>is</span> <span class='ocrx_word' id='word_1_39' title='bbox 401 415 592 465; x_wconf 86' lang='lat' dir='ltr'>priuatam</span> <span class='ocrx_word' id='word_1_40' title='bbox 614 415 842 454; x_wconf 89' lang='lat' dir='ltr'>seruitutem</span> <span class='ocrx_word' id='word_1_41' title='bbox 864 417 982 455; x_wconf 92' lang='lat' dir='ltr'>seruit</span> <span class='ocrx_word' id='word_1_42' title='bbox 1002 417 1057 456; x_wconf 89' lang='lat' dir='ltr'>illi</span> <span class='ocrx_word' id='word_1_43' title='bbox 1076 431 1126 456; x_wconf 89' lang='lat' dir='ltr'>an</span> <span class='ocrx_word' id='word_1_44' title='bbox 1147 419 1377 469; x_wconf 78' lang='lat' dir='ltr'>publicam?</span> 
     </span>
     <span class='ocr_line' id='line_1_7' title="bbox 195 481 1675 534; baseline 0.003 -17"><span class='ocrx_word' id='word_1_45' title='bbox 195 488 236 528; x_wconf 82' lang='lat'>85</span> <span class='ocrx_word' id='word_1_46' title='bbox 260 482 340 518; x_wconf 79' lang='lat' dir='ltr'>HE.</span> <span class='ocrx_word' id='word_1_47' title='bbox 378 481 569 531; x_wconf 86' lang='lat' dir='ltr'>priuatam</span> <span class='ocrx_word' id='word_1_48' title='bbox 611 481 752 519; x_wconf 88' lang='lat' dir='ltr'>medici</span> <span class='ocrx_word' id='word_1_49' title='bbox 792 482 1008 520; x_wconf 79' lang='lat' dir='ltr'><strong>Menarchi.</strong></span> <span class='ocrx_word' id='word_1_50' title='bbox 1069 485 1240 522; x_wconf 80' lang='lat' dir='ltr'><strong>PHILOC.</strong></span> <span class='ocrx_word' id='word_1_51' title='bbox 1286 485 1352 534; x_wconf 90' lang='lat' dir='ltr'>pol</span> <span class='ocrx_word' id='word_1_52' title='bbox 1394 483 1591 534; x_wconf 84' lang='lat' dir='ltr'>isquidem</span> <span class='ocrx_word' id='word_1_53' title='bbox 1611 494 1675 532; x_wconf 84' lang='lat'>335</span> 
     </span>
     <span class='ocr_line' id='line_1_8' title="bbox 1214 548 1592 587; baseline 0 -1"><span class='ocrx_word' id='word_1_54' title='bbox 1214 548 1344 587; x_wconf 88' lang='lat' dir='ltr'>huiius</span> <span class='ocrx_word' id='word_1_55' title='bbox 1365 556 1423 587; x_wconf 88' lang='lat' dir='ltr'>est</span> <span class='ocrx_word' id='word_1_56' title='bbox 1444 550 1592 587; x_wconf 86' lang='lat' dir='ltr'>cluens.</span> 
     </span>
     <span class='ocr_line' id='line_1_9' title="bbox 256 610 1589 663; baseline 0.004 -16"><span class='ocrx_word' id='word_1_57' title='bbox 256 618 336 648; x_wconf 90' lang='lat' dir='ltr'>tam</span> <span class='ocrx_word' id='word_1_58' title='bbox 358 611 433 648; x_wconf 88' lang='lat' dir='ltr'>hoc</span> <span class='ocrx_word' id='word_1_59' title='bbox 450 610 611 660; x_wconf 89' lang='lat' dir='ltr'>quidem</span> <span class='ocrx_word' id='word_1_60' title='bbox 628 610 699 649; x_wconf 87' lang='lat' dir='ltr'>tibi</span> <span class='ocrx_word' id='word_1_61' title='bbox 716 610 755 648; x_wconf 86' lang='lat' dir='ltr'>in</span> <span class='ocrx_word' id='word_1_62' title='bbox 773 611 937 661; x_wconf 88' lang='lat' dir='ltr'>procliui</span> <span class='ocrx_word' id='word_1_63' title='bbox 951 625 1070 662; x_wconf 87' lang='lat' dir='ltr'>quam</span> <span class='ocrx_word' id='word_1_64' title='bbox 1085 612 1210 652; x_wconf 80' lang='lat' dir='ltr'>imber</span> <span class='ocrx_word' id='word_1_65' title='bbox 1229 621 1286 652; x_wconf 87' lang='lat' dir='ltr'>est</span> <span class='ocrx_word' id='word_1_66' title='bbox 1303 614 1464 663; x_wconf 90' lang='lat' dir='ltr'>quando</span> <span class='ocrx_word' id='word_1_67' title='bbox 1481 613 1589 663; x_wconf 89' lang='lat' dir='ltr'>pluit.</span> 
     </span>
     <span class='ocr_line' id='line_1_10' title="bbox 259 675 1590 727; baseline 0.002 -13"><span class='ocrx_word' id='word_1_68' title='bbox 259 677 339 714; x_wconf 88' lang='lat' dir='ltr'>HE.</span> <span class='ocrx_word' id='word_1_69' title='bbox 374 677 433 713; x_wconf 82' lang='lat' dir='ltr'>fac</span> <span class='ocrx_word' id='word_1_70' title='bbox 456 675 485 713; x_wconf 84' lang='lat' dir='ltr'>is</span> <span class='ocrx_word' id='word_1_71' title='bbox 506 677 627 714; x_wconf 88' lang='lat' dir='ltr'>homo</span> <span class='ocrx_word' id='word_1_72' title='bbox 648 683 691 714; x_wconf 92' lang='lat' dir='ltr'>ut</span> <span class='ocrx_word' id='word_1_73' title='bbox 711 676 935 716; x_wconf 84' lang='lat' dir='ltr'>redimatur,</span> <span class='ocrx_word' id='word_1_74' title='bbox 995 679 1068 716; x_wconf 67' lang='grc' dir='ltr'>ΤΥ.</span> <span class='ocrx_word' id='word_1_75' title='bbox 1102 678 1251 717; x_wconf 86' lang='lat' dir='ltr'>faciam.</span> <span class='ocrx_word' id='word_1_76' title='bbox 1299 681 1368 717; x_wconf 84' lang='lat' dir='ltr'>sed</span> <span class='ocrx_word' id='word_1_77' title='bbox 1390 686 1427 717; x_wconf 89' lang='lat' dir='ltr'>te</span> <span class='ocrx_word' id='word_1_78' title='bbox 1448 679 1487 717; x_wconf 87' lang='lat' dir='ltr'>id</span> <span class='ocrx_word' id='word_1_79' title='bbox 1509 692 1590 727; x_wconf 88' lang='lat' dir='ltr'>oro,</span> 
     </span>
     <span class='ocr_line' id='line_1_11' title="bbox 1393 744 1593 794; baseline 0 -12"><span class='ocrx_word' id='word_1_80' title='bbox 1393 744 1593 794; x_wconf 48' lang='lat' dir='ltr'>Hegio,-a</span> 
     </span>
     <span class='ocr_line' id='line_1_12' title="bbox 258 806 1589 858; baseline 0.002 -13"><span class='ocrx_word' id='word_1_81' title='bbox 258 809 337 845; x_wconf 86' lang='grc' dir='ltr'>ΗΕ.</span> <span class='ocrx_word' id='word_1_82' title='bbox 371 806 539 857; x_wconf 84' lang='lat' dir='ltr'>quiduis,</span> <span class='ocrx_word' id='word_1_83' title='bbox 555 808 651 846; x_wconf 91' lang='lat' dir='ltr'>dum</span> <span class='ocrx_word' id='word_1_84' title='bbox 672 808 722 846; x_wconf 90' lang='lat' dir='ltr'>ab</span> <span class='ocrx_word' id='word_1_85' title='bbox 743 822 782 846; x_wconf 91' lang='lat' dir='ltr'>re</span> <span class='ocrx_word' id='word_1_86' title='bbox 804 822 853 846; x_wconf 87' lang='lat' dir='ltr'>ne</span> <span class='ocrx_word' id='word_1_87' title='bbox 874 808 970 858; x_wconf 90' lang='lat' dir='ltr'>quid</span> <span class='ocrx_word' id='word_1_88' title='bbox 987 822 1083 856; x_wconf 88' lang='lat' dir='ltr'>ores,</span> <span class='ocrx_word' id='word_1_89' title='bbox 1102 809 1253 848; x_wconf 86' lang='lat' dir='ltr'>faciam.</span> <span class='ocrx_word' id='word_1_90' title='bbox 1295 812 1367 848; x_wconf 77' lang='grc' dir='ltr'>Τγ.</span> <span class='ocrx_word' id='word_1_91' title='bbox 1400 811 1589 858; x_wconf 84' lang='lat' dir='ltr'>ausculta,</span> 
     </span>
     <span class='ocr_line' id='line_1_13' title="bbox 1375 875 1588 914; baseline 0.005 -1"><span class='ocrx_word' id='word_1_92' title='bbox 1375 882 1458 913; x_wconf 90' lang='lat' dir='ltr'>tum</span> <span class='ocrx_word' id='word_1_93' title='bbox 1480 875 1588 914; x_wconf 87' lang='lat' dir='ltr'>scies.</span> 
     </span>
     <span class='ocr_line' id='line_1_14' title="bbox 255 938 1444 991; baseline 0.002 -15"><span class='ocrx_word' id='word_1_94' title='bbox 255 952 328 988; x_wconf 80' lang='lat' dir='ltr'>ego</span> <span class='ocrx_word' id='word_1_95' title='bbox 349 953 412 977; x_wconf 88' lang='lat' dir='ltr'>me</span> <span class='ocrx_word' id='word_1_96' title='bbox 432 938 568 985; x_wconf 88' lang='lat' dir='ltr'>amitti,</span> <span class='ocrx_word' id='word_1_97' title='bbox 592 938 781 977; x_wconf 89' lang='lat' dir='ltr'>donicum</span> <span class='ocrx_word' id='word_1_98' title='bbox 802 939 866 978; x_wconf 91' lang='lat' dir='ltr'>ille</span> <span class='ocrx_word' id='word_1_99' title='bbox 886 941 964 978; x_wconf 91' lang='lat' dir='ltr'>huc</span> <span class='ocrx_word' id='word_1_100' title='bbox 985 940 1151 988; x_wconf 84' lang='lat' dir='ltr'>redierit,</span> <span class='ocrx_word' id='word_1_101' title='bbox 1175 954 1255 979; x_wconf 88' lang='lat' dir='ltr'>non</span> <span class='ocrx_word' id='word_1_102' title='bbox 1275 941 1444 991; x_wconf 86' lang='lat' dir='ltr'>postulo.</span> 
     </span>
     <span class='ocr_line' id='line_1_15' title="bbox 193 1001 1678 1056; baseline 0.003 -16"><span class='ocrx_word' id='word_1_103' title='bbox 193 1017 237 1051; x_wconf 92' lang='lat'>90</span> <span class='ocrx_word' id='word_1_104' title='bbox 256 1017 392 1041; x_wconf 90' lang='lat' dir='ltr'>uerum</span> <span class='ocrx_word' id='word_1_105' title='bbox 427 1011 464 1041; x_wconf 89' lang='lat' dir='ltr'>te</span> <span class='ocrx_word' id='word_1_106' title='bbox 499 1016 646 1053; x_wconf 80' lang='lat' dir='ltr'>quaeso</span> <span class='ocrx_word' id='word_1_107' title='bbox 681 1001 757 1056; x_wconf 88' lang='lat' dir='ltr'>[ut]</span> <span class='ocrx_word' id='word_1_108' title='bbox 789 1011 1052 1042; x_wconf 84' lang='lat' dir='ltr'>aestumatum</span> <span class='ocrx_word' id='word_1_109' title='bbox 1087 1006 1192 1043; x_wconf 89' lang='lat' dir='ltr'>hunc</span> <span class='ocrx_word' id='word_1_110' title='bbox 1225 1005 1321 1043; x_wconf 85' lang='lat' dir='ltr'>mihi</span> <span class='ocrx_word' id='word_1_111' title='bbox 1355 1006 1437 1053; x_wconf 83' lang='lat' dir='ltr'>des,</span> <span class='ocrx_word' id='word_1_112' title='bbox 1469 1019 1588 1056; x_wconf 89' lang='lat' dir='ltr'>quem</span> <span class='ocrx_word' id='word_1_113' title='bbox 1608 1020 1678 1056; x_wconf 84' lang='lat'>340</span> 
     </span>
     <span class='ocr_line' id='line_1_16' title="bbox 1181 1071 1587 1122; baseline 0.005 -14"><span class='ocrx_word' id='word_1_114' title='bbox 1181 1071 1334 1109; x_wconf 89' lang='lat' dir='ltr'>mittam</span> <span class='ocrx_word' id='word_1_115' title='bbox 1353 1073 1405 1110; x_wconf 87' lang='lat' dir='ltr'>ad</span> <span class='ocrx_word' id='word_1_116' title='bbox 1425 1080 1587 1122; x_wconf 90' lang='lat' dir='ltr'>patrem,</span> 
     </span>
     <span class='ocr_line' id='line_1_17' title="bbox 256 1134 1566 1186; baseline 0.003 -15"><span class='ocrx_word' id='word_1_117' title='bbox 256 1141 297 1172; x_wconf 91' lang='lat' dir='ltr'>ut</span> <span class='ocrx_word' id='word_1_118' title='bbox 319 1134 350 1172; x_wconf 88' lang='lat' dir='ltr'>is</span> <span class='ocrx_word' id='word_1_119' title='bbox 371 1136 492 1172; x_wconf 88' lang='lat' dir='ltr'>homo</span> <span class='ocrx_word' id='word_1_120' title='bbox 513 1134 726 1172; x_wconf 83' lang='lat' dir='ltr'>redimatur</span> <span class='ocrx_word' id='word_1_121' title='bbox 746 1134 810 1173; x_wconf 89' lang='lat' dir='ltr'>illi.</span> <span class='ocrx_word' id='word_1_122' title='bbox 873 1137 953 1173; x_wconf 85' lang='lat' dir='ltr'>HE.</span> <span class='ocrx_word' id='word_1_123' title='bbox 988 1135 1110 1174; x_wconf 90' lang='lat' dir='ltr'>immo</span> <span class='ocrx_word' id='word_1_124' title='bbox 1131 1135 1249 1174; x_wconf 85' lang='lat' dir='ltr'>alium</span> <span class='ocrx_word' id='word_1_125' title='bbox 1272 1136 1402 1186; x_wconf 88' lang='lat' dir='ltr'>potius</span> <span class='ocrx_word' id='word_1_126' title='bbox 1424 1137 1566 1176; x_wconf 86' lang='lat' dir='ltr'>misero</span> 
     </span>
     <span class='ocr_line' id='line_1_18' title="bbox 255 1199 1550 1252; baseline 0.003 -16"><span class='ocrx_word' id='word_1_127' title='bbox 255 1199 357 1246; x_wconf 85' lang='lat' dir='ltr'>hinc,</span> <span class='ocrx_word' id='word_1_128' title='bbox 381 1199 447 1237; x_wconf 89' lang='lat' dir='ltr'>ubi</span> <span class='ocrx_word' id='word_1_129' title='bbox 469 1207 581 1237; x_wconf 90' lang='lat' dir='ltr'>erunt</span> <span class='ocrx_word' id='word_1_130' title='bbox 602 1199 789 1247; x_wconf 87' lang='lat' dir='ltr'>indutiae,</span> <span class='ocrx_word' id='word_1_131' title='bbox 812 1200 917 1249; x_wconf 82' lang='lat' dir='ltr'>illuc,</span> <span class='ocrx_word' id='word_1_132' title='bbox 938 1209 1049 1239; x_wconf 90' lang='lat' dir='ltr'>tuom</span> <span class='ocrx_word' id='word_1_133' title='bbox 1070 1201 1136 1251; x_wconf 91' lang='lat' dir='ltr'>qui</span> <span class='ocrx_word' id='word_1_134' title='bbox 1158 1202 1369 1240; x_wconf 88' lang='lat' dir='ltr'>conueniat</span> <span class='ocrx_word' id='word_1_135' title='bbox 1389 1210 1550 1252; x_wconf 87' lang='lat' dir='ltr'>patrem,</span> 
     </span>
     <span class='ocr_line' id='line_1_19' title="bbox 255 1265 1424 1318; baseline 0.004 -16"><span class='ocrx_word' id='word_1_136' title='bbox 255 1265 321 1314; x_wconf 90' lang='lat' dir='ltr'>qui</span> <span class='ocrx_word' id='word_1_137' title='bbox 342 1272 408 1302; x_wconf 90' lang='lat' dir='ltr'>tua</span> <span class='ocrx_word' id='word_1_138' title='bbox 429 1278 529 1315; x_wconf 85' lang='lat' dir='ltr'>quae</span> <span class='ocrx_word' id='word_1_139' title='bbox 549 1272 591 1302; x_wconf 88' lang='lat' dir='ltr'>tu</span> <span class='ocrx_word' id='word_1_140' title='bbox 612 1265 767 1303; x_wconf 88' lang='lat' dir='ltr'>iusseris</span> <span class='ocrx_word' id='word_1_141' title='bbox 790 1267 975 1304; x_wconf 86' lang='lat' dir='ltr'>mandata</span> <span class='ocrx_word' id='word_1_142' title='bbox 995 1266 1048 1305; x_wconf 91' lang='lat' dir='ltr'>ita</span> <span class='ocrx_word' id='word_1_143' title='bbox 1068 1275 1110 1305; x_wconf 88' lang='lat' dir='ltr'>ut</span> <span class='ocrx_word' id='word_1_144' title='bbox 1132 1267 1228 1306; x_wconf 87' lang='lat' dir='ltr'>uelis</span> <span class='ocrx_word' id='word_1_145' title='bbox 1249 1270 1424 1318; x_wconf 89' lang='lat' dir='ltr'>perferat.</span> 
     </span>
     <span class='ocr_line' id='line_1_20' title="bbox 255 1330 1549 1384; baseline 0.005 -18"><span class='ocrx_word' id='word_1_146' title='bbox 255 1331 326 1367; x_wconf 70' lang='grc' dir='ltr'>ΤΥ.</span> <span class='ocrx_word' id='word_1_147' title='bbox 358 1338 397 1367; x_wconf 92' lang='lat' dir='ltr'>at</span> <span class='ocrx_word' id='word_1_148' title='bbox 418 1330 514 1367; x_wconf 88' lang='lat' dir='ltr'>nihil</span> <span class='ocrx_word' id='word_1_149' title='bbox 535 1338 593 1368; x_wconf 85' lang='lat' dir='ltr'>est</span> <span class='ocrx_word' id='word_1_150' title='bbox 613 1330 791 1380; x_wconf 85' lang='lat' dir='ltr'>ignotum</span> <span class='ocrx_word' id='word_1_151' title='bbox 812 1333 862 1370; x_wconf 90' lang='lat' dir='ltr'>ad</span> <span class='ocrx_word' id='word_1_152' title='bbox 883 1331 994 1370; x_wconf 91' lang='lat' dir='ltr'>illum</span> <span class='ocrx_word' id='word_1_153' title='bbox 1015 1332 1192 1372; x_wconf 91' lang='lat' dir='ltr'>mittere:</span> <span class='ocrx_word' id='word_1_154' title='bbox 1223 1346 1382 1384; x_wconf 86' lang='lat' dir='ltr'>operam</span> <span class='ocrx_word' id='word_1_155' title='bbox 1404 1335 1549 1373; x_wconf 85' lang='lat' dir='ltr'>luseris.</span> 
     </span>
     <span class='ocr_line' id='line_1_21' title="bbox 195 1395 1673 1448; baseline 0.005 -16"><span class='ocrx_word' id='word_1_156' title='bbox 195 1407 234 1440; x_wconf 87' lang='lat'>95</span> <span class='ocrx_word' id='word_1_157' title='bbox 256 1396 361 1433; x_wconf 90' lang='lat' dir='ltr'>hunc</span> <span class='ocrx_word' id='word_1_158' title='bbox 382 1395 503 1442; x_wconf 89' lang='lat' dir='ltr'>mitte,</span> <span class='ocrx_word' id='word_1_159' title='bbox 525 1395 590 1434; x_wconf 91' lang='lat' dir='ltr'>hic</span> <span class='ocrx_word' id='word_1_160' title='bbox 609 1403 848 1434; x_wconf 90' lang='lat' dir='ltr'>transactum</span> <span class='ocrx_word' id='word_1_161' title='bbox 869 1398 1007 1435; x_wconf 88' lang='lat' dir='ltr'>reddet</span> <span class='ocrx_word' id='word_1_162' title='bbox 1028 1411 1158 1446; x_wconf 81' lang='lat' dir='ltr'>omne,</span> <span class='ocrx_word' id='word_1_163' title='bbox 1180 1399 1211 1436; x_wconf 87' lang='lat' dir='ltr'>si</span> <span class='ocrx_word' id='word_1_164' title='bbox 1232 1399 1324 1438; x_wconf 80' lang='lat' dir='ltr'>illuc</span> <span class='ocrx_word' id='word_1_165' title='bbox 1344 1400 1503 1438; x_wconf 89' lang='lat' dir='ltr'>uenerit.</span> <span class='ocrx_word' id='word_1_166' title='bbox 1608 1411 1673 1448; x_wconf 84' lang='lat'>345</span> 
     </span>
     <span class='ocr_line' id='line_1_22' title="bbox 255 1461 1488 1515; baseline 0.005 -18"><span class='ocrx_word' id='word_1_167' title='bbox 255 1473 327 1498; x_wconf 88' lang='lat' dir='ltr'>nec</span> <span class='ocrx_word' id='word_1_168' title='bbox 348 1474 589 1510; x_wconf 84' lang='lat' dir='ltr'>quemquam</span> <span class='ocrx_word' id='word_1_169' title='bbox 610 1461 827 1500; x_wconf 89' lang='lat' dir='ltr'>fideliorem</span> <span class='ocrx_word' id='word_1_170' title='bbox 849 1475 979 1512; x_wconf 90' lang='lat' dir='ltr'>neque</span> <span class='ocrx_word' id='word_1_171' title='bbox 1000 1463 1094 1513; x_wconf 90' lang='lat' dir='ltr'>quoi</span> <span class='ocrx_word' id='word_1_172' title='bbox 1116 1465 1203 1513; x_wconf 89' lang='lat' dir='ltr'>plus</span> <span class='ocrx_word' id='word_1_173' title='bbox 1224 1465 1357 1503; x_wconf 90' lang='lat' dir='ltr'>credat</span> <span class='ocrx_word' id='word_1_174' title='bbox 1377 1473 1488 1515; x_wconf 83' lang='lat' dir='ltr'>potes</span> 
     </span>
     <span class='ocr_line' id='line_1_23' title="bbox 254 1525 1420 1578; baseline 0.005 -16"><span class='ocrx_word' id='word_1_175' title='bbox 254 1525 405 1564; x_wconf 91' lang='lat' dir='ltr'>mittere</span> <span class='ocrx_word' id='word_1_176' title='bbox 424 1527 475 1564; x_wconf 90' lang='lat' dir='ltr'>ad</span> <span class='ocrx_word' id='word_1_177' title='bbox 496 1539 587 1564; x_wconf 91' lang='lat' dir='ltr'>eum</span> <span class='ocrx_word' id='word_1_178' title='bbox 608 1540 681 1565; x_wconf 90' lang='lat' dir='ltr'>nec</span> <span class='ocrx_word' id='word_1_179' title='bbox 702 1527 768 1577; x_wconf 92' lang='lat' dir='ltr'>qui</span> <span class='ocrx_word' id='word_1_180' title='bbox 790 1528 904 1577; x_wconf 78' lang='lat' dir='ltr'>magi&#39;</span> <span class='ocrx_word' id='word_1_181' title='bbox 925 1528 973 1566; x_wconf 84' lang='lat' dir='ltr'>sit</span> <span class='ocrx_word' id='word_1_182' title='bbox 995 1543 1129 1569; x_wconf 86' lang='lat' dir='ltr'>seruos</span> <span class='ocrx_word' id='word_1_183' title='bbox 1150 1544 1197 1569; x_wconf 83' lang='lat' dir='ltr'>ex</span> <span class='ocrx_word' id='word_1_184' title='bbox 1216 1531 1420 1578; x_wconf 65' lang='lat' dir='ltr'>sententia,</span> 
     </span>
     <span class='ocr_line' id='line_1_24' title="bbox 255 1591 1494 1642; baseline 0.005 -14"><span class='ocrx_word' id='word_1_185' title='bbox 255 1604 384 1640; x_wconf 88' lang='lat' dir='ltr'>neque</span> <span class='ocrx_word' id='word_1_186' title='bbox 404 1593 505 1630; x_wconf 89' lang='lat' dir='ltr'>adeo</span> <span class='ocrx_word' id='word_1_187' title='bbox 526 1591 620 1642; x_wconf 81' lang='lat' dir='ltr'>quoi</span> <span class='ocrx_word' id='word_1_188' title='bbox 640 1606 754 1631; x_wconf 86' lang='lat' dir='ltr'>suom</span> <span class='ocrx_word' id='word_1_189' title='bbox 776 1596 989 1634; x_wconf 88' lang='lat' dir='ltr'>concredat</span> <span class='ocrx_word' id='word_1_190' title='bbox 1011 1596 1135 1634; x_wconf 79' lang='lat' dir='ltr'>fiHum</span> <span class='ocrx_word' id='word_1_191' title='bbox 1157 1596 1277 1636; x_wconf 88' lang='lat' dir='ltr'>hodie</span> <span class='ocrx_word' id='word_1_192' title='bbox 1296 1595 1494 1635; x_wconf 79' lang='lat' dir='ltr'>audacius.</span> 
     </span>
     <span class='ocr_line' id='line_1_25' title="bbox 256 1658 1348 1712; baseline 0.006 -18"><span class='ocrx_word' id='word_1_193' title='bbox 256 1670 306 1694; x_wconf 89' lang='lat' dir='ltr'>ne</span> <span class='ocrx_word' id='word_1_194' title='bbox 326 1670 494 1704; x_wconf 85' lang='lat' dir='ltr'>uereare,</span> <span class='ocrx_word' id='word_1_195' title='bbox 517 1671 607 1696; x_wconf 91' lang='lat' dir='ltr'>meo</span> <span class='ocrx_word' id='word_1_196' title='bbox 627 1658 773 1708; x_wconf 90' lang='lat' dir='ltr'>periclo</span> <span class='ocrx_word' id='word_1_197' title='bbox 794 1660 910 1698; x_wconf 79' lang='lat' dir='ltr'>huius</span> <span class='ocrx_word' id='word_1_198' title='bbox 931 1675 1004 1711; x_wconf 85' lang='lat' dir='ltr'>ego</span> <span class='ocrx_word' id='word_1_199' title='bbox 1024 1662 1198 1712; x_wconf 86' lang='lat' dir='ltr'>experiar</span> <span class='ocrx_word' id='word_1_200' title='bbox 1217 1663 1348 1709; x_wconf 82' lang='lat' dir='ltr'>fidem,</span> 
     </span>
     <span class='ocr_line' id='line_1_26' title="bbox 177 1723 1676 1778; baseline 0.005 -19"><span class='ocrx_word' id='word_1_201' title='bbox 177 1737 238 1760; x_wconf 93' lang='lat'>100</span> <span class='ocrx_word' id='word_1_202' title='bbox 257 1723 375 1760; x_wconf 89' lang='lat' dir='ltr'>fretus</span> <span class='ocrx_word' id='word_1_203' title='bbox 396 1723 554 1773; x_wconf 86' lang='lat' dir='ltr'>ingenio</span> <span class='ocrx_word' id='word_1_204' title='bbox 574 1723 668 1771; x_wconf 89' lang='lat' dir='ltr'>eius,</span> <span class='ocrx_word' id='word_1_205' title='bbox 691 1727 799 1775; x_wconf 88' lang='lat' dir='ltr'>quod</span> <span class='ocrx_word' id='word_1_206' title='bbox 822 1739 885 1764; x_wconf 89' lang='lat' dir='ltr'>me</span> <span class='ocrx_word' id='word_1_207' title='bbox 905 1740 990 1765; x_wconf 88' lang='lat' dir='ltr'>esse</span> <span class='ocrx_word' id='word_1_208' title='bbox 1010 1727 1083 1765; x_wconf 86' lang='lat' dir='ltr'>scit</span> <span class='ocrx_word' id='word_1_209' title='bbox 1102 1729 1191 1778; x_wconf 77' lang='lat' dir='ltr'>erga</span> <span class='ocrx_word' id='word_1_210' title='bbox 1212 1741 1295 1766; x_wconf 85' lang='lat' dir='ltr'>sese</span> <span class='ocrx_word' id='word_1_211' title='bbox 1315 1727 1557 1766; x_wconf 90' lang='lat' dir='ltr'>beniuolum.</span> <span class='ocrx_word' id='word_1_212' title='bbox 1607 1738 1676 1776; x_wconf 83' lang='lat'>350</span> 
     </span>
     <span class='ocr_line' id='line_1_27' title="bbox 258 1787 1584 1840; baseline 0.006 -16"><span class='ocrx_word' id='word_1_213' title='bbox 258 1788 337 1825; x_wconf 83' lang='lat' dir='ltr'>HE.</span> <span class='ocrx_word' id='word_1_214' title='bbox 370 1787 523 1827; x_wconf 89' lang='lat' dir='ltr'>mittam</span> <span class='ocrx_word' id='word_1_215' title='bbox 555 1790 739 1840; x_wconf 88' lang='lat' dir='ltr'>equidem</span> <span class='ocrx_word' id='word_1_216' title='bbox 774 1792 902 1831; x_wconf 86' lang='lat' dir='ltr'>istunc</span> <span class='ocrx_word' id='word_1_217' title='bbox 933 1800 1195 1832; x_wconf 87' lang='lat' dir='ltr'>aestumatum</span> <span class='ocrx_word' id='word_1_218' title='bbox 1230 1801 1297 1831; x_wconf 86' lang='lat' dir='ltr'>tua</span> <span class='ocrx_word' id='word_1_219' title='bbox 1327 1795 1417 1840; x_wconf 88' lang='lat' dir='ltr'>fide,</span> <span class='ocrx_word' id='word_1_220' title='bbox 1453 1793 1483 1832; x_wconf 90' lang='lat' dir='ltr'>si</span> <span class='ocrx_word' id='word_1_221' title='bbox 1515 1793 1584 1832; x_wconf 84' lang='lat' dir='ltr'>uis.</span> 
     </span>
     <span class='ocr_line' id='line_1_28' title="bbox 1365 1861 1587 1907; baseline 0 -10"><span class='ocrx_word' id='word_1_222' title='bbox 1365 1861 1437 1897; x_wconf 68' lang='grc' dir='ltr'>ΤΥ.</span> <span class='ocrx_word' id='word_1_223' title='bbox 1470 1861 1562 1897; x_wconf 87' lang='lat' dir='ltr'>uolo</span> <span class='ocrx_word' id='word_1_224' title='bbox 1577 1874 1587 1907; x_wconf 76' lang='lat'><em>3</em></span> 
     </span>
     <span class='ocr_line' id='line_1_29' title="bbox 255 1921 1475 1975; baseline 0.007 -18"><span class='ocrx_word' id='word_1_225' title='bbox 255 1933 374 1970; x_wconf 87' lang='lat' dir='ltr'>quam</span> <span class='ocrx_word' id='word_1_226' title='bbox 395 1921 595 1963; x_wconf 86' lang='lat' dir='ltr'>citissume</span> <span class='ocrx_word' id='word_1_227' title='bbox 615 1933 755 1975; x_wconf 88' lang='lat' dir='ltr'>potest,</span> <span class='ocrx_word' id='word_1_228' title='bbox 775 1934 855 1965; x_wconf 89' lang='lat' dir='ltr'>tam</span> <span class='ocrx_word' id='word_1_229' title='bbox 876 1928 953 1966; x_wconf 91' lang='lat' dir='ltr'>hoc</span> <span class='ocrx_word' id='word_1_230' title='bbox 974 1928 1114 1966; x_wconf 88' lang='lat' dir='ltr'>cedere</span> <span class='ocrx_word' id='word_1_231' title='bbox 1133 1929 1184 1966; x_wconf 86' lang='lat' dir='ltr'>ad</span> <span class='ocrx_word' id='word_1_232' title='bbox 1204 1929 1351 1966; x_wconf 90' lang='lat' dir='ltr'>factum</span> <span class='ocrx_word' id='word_1_233' title='bbox 1373 1929 1475 1966; x_wconf 89' lang='lat' dir='ltr'>uolo.</span> 
     </span>
     <span class='ocr_line' id='line_1_30' title="bbox 257 1986 1587 2044; baseline 0.007 -22"><span class='ocrx_word' id='word_1_234' title='bbox 257 1986 336 2023; x_wconf 83' lang='lat' dir='ltr'>HE.</span> <span class='ocrx_word' id='word_1_235' title='bbox 370 1999 464 2024; x_wconf 87' lang='lat' dir='ltr'>num</span> <span class='ocrx_word' id='word_1_236' title='bbox 480 2001 580 2038; x_wconf 89' lang='lat' dir='ltr'>quae</span> <span class='ocrx_word' id='word_1_237' title='bbox 601 2004 739 2030; x_wconf 83' lang='lat' dir='ltr'>caussa</span> <span class='ocrx_word' id='word_1_238' title='bbox 761 1999 818 2030; x_wconf 87' lang='lat' dir='ltr'>est</span> <span class='ocrx_word' id='word_1_239' title='bbox 833 1992 940 2042; x_wconf 88' lang='lat' dir='ltr'>quin,</span> <span class='ocrx_word' id='word_1_240' title='bbox 960 1992 990 2030; x_wconf 89' lang='lat' dir='ltr'>si</span> <span class='ocrx_word' id='word_1_241' title='bbox 1008 1994 1071 2030; x_wconf 84' lang='lat' dir='ltr'>ille</span> <span class='ocrx_word' id='word_1_242' title='bbox 1087 1994 1165 2030; x_wconf 91' lang='lat' dir='ltr'>huc</span> <span class='ocrx_word' id='word_1_243' title='bbox 1186 2006 1266 2031; x_wconf 89' lang='lat' dir='ltr'>non</span> <span class='ocrx_word' id='word_1_244' title='bbox 1288 1994 1435 2042; x_wconf 87' lang='lat' dir='ltr'>redeat,</span> <span class='ocrx_word' id='word_1_245' title='bbox 1449 1993 1587 2044; x_wconf 85' lang='lat' dir='ltr'>uiginti</span> 
     </span>
     <span class='ocr_line' id='line_1_31' title="bbox 1462 2073 1587 2097; baseline 0 0"><span class='ocrx_word' id='word_1_246' title='bbox 1462 2073 1587 2097; x_wconf 87' lang='lat' dir='ltr'>mmas</span> 
     </span>
    </p>
   </div>
   <div class='ocr_carea' id='block_1_3' title="bbox 299 2154 1585 2197">
    <p class='ocr_par' dir='ltr' id='par_1_3' title="bbox 299 2154 1585 2197">
     <span class='ocr_line' id='line_1_32' title="bbox 299 2154 1585 2197; baseline 0.006 -14"><span class='ocrx_word' id='word_1_247' title='bbox 299 2163 362 2193; x_wconf 81' lang='lat'>332</span> <span class='ocrx_word' id='word_1_248' title='bbox 387 2154 436 2184; x_wconf 80' lang='lat' dir='ltr'>vel</span> <span class='ocrx_word' id='word_1_249' title='bbox 461 2155 517 2186; x_wconf 89' lang='lat' dir='ltr'>ted</span> <span class='ocrx_word' id='word_1_250' title='bbox 652 2167 715 2196; x_wconf 81' lang='lat'>333</span> <span class='ocrx_word' id='word_1_251' title='bbox 738 2157 840 2188; x_wconf 90' lang='lat' dir='ltr'>homo</span> <span class='ocrx_word' id='word_1_252' title='bbox 858 2168 894 2188; x_wconf 85' lang='lat' dir='ltr'>es</span> <span class='ocrx_word' id='word_1_253' title='bbox 916 2169 995 2190; x_wconf 83' lang='lat' dir='ltr'>corr.</span> <span class='ocrx_word' id='word_1_254' title='bbox 1018 2169 1055 2189; x_wconf 85' lang='lat' dir='ltr'>es</span> <span class='ocrx_word' id='word_1_255' title='bbox 1073 2159 1174 2189; x_wconf 87' lang='lat' dir='ltr'>homo</span> <span class='ocrx_word' id='word_1_256' title='bbox 1199 2162 1236 2189; x_wconf 85' lang='lat' dir='ltr'>ut</span> <span class='ocrx_word' id='word_1_257' title='bbox 1258 2158 1320 2190; x_wconf 77' lang='lat' dir='ltr'>vid.</span> <span class='ocrx_word' id='word_1_258' title='bbox 1350 2160 1383 2197; x_wconf 74' lang='grc' dir='ltr'>(ἕ</span> <span class='ocrx_word' id='word_1_259' title='bbox 1400 2160 1501 2190; x_wconf 90' lang='lat' dir='ltr'>homo</span> <span class='ocrx_word' id='word_1_260' title='bbox 1519 2160 1585 2196; x_wconf 62' lang='lat' dir='ltr'>PE&gt;</span> 
     </span>
    </p>
   </div>
   <div class='ocr_carea' id='block_1_4' title="bbox 257 2197 1588 2286">
    <p class='ocr_par' dir='ltr' id='par_1_4' title="bbox 257 2197 1588 2286">
     <span class='ocr_line' id='line_1_33' title="bbox 257 2197 1588 2243; baseline 0.005 -16"><span class='ocrx_word' id='word_1_261' title='bbox 257 2207 320 2236; x_wconf 83' lang='lat'>335</span> <span class='ocrx_word' id='word_1_262' title='bbox 346 2197 510 2239; x_wconf 78' lang='lat' dir='ltr'>Pmmc.]</span> <span class='ocrx_word' id='word_1_263' title='bbox 530 2198 590 2230; x_wconf 74' lang='grc' dir='ltr'>ΤΥ.</span> <span class='ocrx_word' id='word_1_264' title='bbox 607 2199 679 2231; x_wconf 75' lang='lat' dir='ltr'>Ital.</span> <span class='ocrx_word' id='word_1_265' title='bbox 730 2200 774 2241; x_wconf 86' lang='lat' dir='ltr'>is]</span> <span class='ocrx_word' id='word_1_266' title='bbox 793 2201 847 2231; x_wconf 91' lang='lat' dir='ltr'>hic</span> <span class='ocrx_word' id='word_1_267' title='bbox 858 2200 922 2232; x_wconf 86' lang='lat' dir='ltr'>cod.</span> <span class='ocrx_word' id='word_1_268' title='bbox 994 2212 1057 2242; x_wconf 84' lang='lat'>337</span> <span class='ocrx_word' id='word_1_269' title='bbox 1082 2203 1142 2233; x_wconf 87' lang='lat' dir='ltr'>sed</span> <span class='ocrx_word' id='word_1_270' title='bbox 1156 2203 1212 2232; x_wconf 85' lang='lat' dir='ltr'>ted</span> <span class='ocrx_word' id='word_1_271' title='bbox 1224 2213 1285 2233; x_wconf 90' lang='lat' dir='ltr'>oro</span> <span class='ocrx_word' id='word_1_272' title='bbox 1298 2204 1361 2234; x_wconf 89' lang='lat' dir='ltr'>hoc</span> <span class='ocrx_word' id='word_1_273' title='bbox 1373 2203 1457 2234; x_wconf 79' lang='lat' dir='ltr'>Brz&#39;x</span> <span class='ocrx_word' id='word_1_274' title='bbox 1522 2214 1588 2243; x_wconf 85' lang='lat'>340</span> 
     </span>
     <span class='ocr_line' id='line_1_34' title="bbox 257 2240 1586 2286; baseline 0.006 -16"><span class='ocrx_word' id='word_1_275' title='bbox 257 2245 291 2271; x_wconf 81' lang='lat' dir='ltr'>te</span> <span class='ocrx_word' id='word_1_276' title='bbox 304 2240 361 2271; x_wconf 83' lang='lat' dir='ltr'>del.</span> <span class='ocrx_word' id='word_1_277' title='bbox 375 2241 478 2272; x_wconf 77' lang='lat' dir='ltr'>Brix:</span> <span class='ocrx_word' id='word_1_278' title='bbox 504 2246 539 2272; x_wconf 88' lang='lat' dir='ltr'>ut</span> <span class='ocrx_word' id='word_1_279' title='bbox 553 2242 610 2273; x_wconf 83' lang='lat' dir='ltr'>del.</span> <span class='ocrx_word' id='word_1_280' title='bbox 623 2243 767 2274; x_wconf 79' lang='lat' dir='ltr'>Bosscha</span> <span class='ocrx_word' id='word_1_281' title='bbox 860 2255 924 2283; x_wconf 87' lang='lat'>342</span> <span class='ocrx_word' id='word_1_282' title='bbox 949 2247 1109 2276; x_wconf 89' lang='lat' dir='ltr'>conuenit</span> <span class='ocrx_word' id='word_1_283' title='bbox 1126 2245 1191 2278; x_wconf 87' lang='lat' dir='ltr'>cod.</span> <span class='ocrx_word' id='word_1_284' title='bbox 1279 2256 1343 2286; x_wconf 84' lang='lat'>345</span> <span class='ocrx_word' id='word_1_285' title='bbox 1368 2258 1467 2278; x_wconf 88' lang='lat' dir='ltr'>omne</span> <span class='ocrx_word' id='word_1_286' title='bbox 1478 2252 1586 2278; x_wconf 83' lang='lat' dir='ltr'>trans-</span> 
     </span>
    </p>
   </div>
   <div class='ocr_carea' id='block_1_5' title="bbox 257 2285 1585 2417">
    <p class='ocr_par' dir='ltr' id='par_1_5' title="bbox 257 2285 1585 2417">
     <span class='ocr_line' id='line_1_35' title="bbox 257 2285 1584 2330; baseline 0.005 -16"><span class='ocrx_word' id='word_1_287' title='bbox 257 2289 367 2315; x_wconf 89' lang='lat' dir='ltr'>actum</span> <span class='ocrx_word' id='word_1_288' title='bbox 384 2285 502 2315; x_wconf 86' lang='lat' dir='ltr'>reddet</span> <span class='ocrx_word' id='word_1_289' title='bbox 518 2285 584 2316; x_wconf 84' lang='lat' dir='ltr'>cod.</span> <span class='ocrx_word' id='word_1_290' title='bbox 599 2297 604 2316; x_wconf 78' lang='grc' dir='ltr'>ε</span> <span class='ocrx_word' id='word_1_291' title='bbox 631 2287 845 2318; x_wconf 78' lang='lat' dir='ltr'>trai.Guietus</span> <span class='ocrx_word' id='word_1_292' title='bbox 912 2290 975 2327; x_wconf 85' lang='lat'>346</span> <span class='ocrx_word' id='word_1_293' title='bbox 990 2294 1245 2329; x_wconf 62' lang='lat' dir='ltr'>‘nequemquam</span> <span class='ocrx_word' id='word_1_294' title='bbox 1263 2290 1326 2321; x_wconf 81' lang='lat' dir='ltr'><em>cod.</em></span> <span class='ocrx_word' id='word_1_295' title='bbox 1395 2301 1458 2330; x_wconf 86' lang='lat'>347</span> <span class='ocrx_word' id='word_1_296' title='bbox 1484 2292 1584 2330; x_wconf 86' lang='lat' dir='ltr'>nequi</span> 
     </span>
     <span class='ocr_line' id='line_1_36' title="bbox 257 2328 1585 2373; baseline 0.006 -16"><span class='ocrx_word' id='word_1_297' title='bbox 257 2328 321 2359; x_wconf 90' lang='lat' dir='ltr'>cod.</span> <span class='ocrx_word' id='word_1_298' title='bbox 369 2328 420 2358; x_wconf 79' lang='lat' dir='ltr'>vel</span> <span class='ocrx_word' id='word_1_299' title='bbox 433 2338 529 2367; x_wconf 87' lang='lat' dir='ltr'>mage</span> <span class='ocrx_word' id='word_1_300' title='bbox 603 2331 666 2369; x_wconf 82' lang='lat'>348</span> <span class='ocrx_word' id='word_1_301' title='bbox 690 2336 784 2361; x_wconf 87' lang='lat' dir='ltr'>tuum</span> <span class='ocrx_word' id='word_1_302' title='bbox 795 2331 868 2362; x_wconf 79' lang='lat' dir='ltr'>Ital.</span> <span class='ocrx_word' id='word_1_303' title='bbox 938 2342 1002 2372; x_wconf 86' lang='lat'>349</span> <span class='ocrx_word' id='word_1_304' title='bbox 1025 2333 1074 2364; x_wconf 81' lang='lat' dir='ltr'>vel</span> <span class='ocrx_word' id='word_1_305' title='bbox 1088 2333 1238 2373; x_wconf 87' lang='lat' dir='ltr'>periculo</span> <span class='ocrx_word' id='word_1_306' title='bbox 1285 2334 1386 2364; x_wconf 87' lang='lat' dir='ltr'>fidem</span> <span class='ocrx_word' id='word_1_307' title='bbox 1396 2335 1469 2365; x_wconf 81' lang='lat' dir='ltr'>Ital.</span> <span class='ocrx_word' id='word_1_308' title='bbox 1487 2346 1493 2365; x_wconf 74' lang='grc' dir='ltr'><em>ι</em></span> <span class='ocrx_word' id='word_1_309' title='bbox 1511 2335 1585 2365; x_wconf 87' lang='lat' dir='ltr'>uice</span> 
     </span>
     <span class='ocr_line' id='line_1_37' title="bbox 258 2371 1573 2417; baseline 0.005 -16"><span class='ocrx_word' id='word_1_310' title='bbox 258 2371 358 2402; x_wconf 87' lang='lat' dir='ltr'>fidem</span> <span class='ocrx_word' id='word_1_311' title='bbox 382 2371 445 2403; x_wconf 87' lang='lat' dir='ltr'>cod.</span> <span class='ocrx_word' id='word_1_312' title='bbox 461 2372 519 2413; x_wconf 85' lang='lat' dir='ltr'>(iv.</span> <span class='ocrx_word' id='word_1_313' title='bbox 541 2372 577 2413; x_wconf 87' lang='grc'>3)</span> <span class='ocrx_word' id='word_1_314' title='bbox 709 2383 774 2413; x_wconf 86' lang='grc'>350</span> <span class='ocrx_word' id='word_1_315' title='bbox 797 2374 848 2405; x_wconf 81' lang='lat' dir='ltr'>vel</span> <span class='ocrx_word' id='word_1_316' title='bbox 860 2373 925 2405; x_wconf 85' lang='lat' dir='ltr'>ess&#39;</span> <span class='ocrx_word' id='word_1_317' title='bbox 1014 2387 1095 2416; x_wconf 85' lang='lat' dir='ltr'>erga</span> <span class='ocrx_word' id='word_1_318' title='bbox 1119 2386 1156 2408; x_wconf 83' lang='lat' dir='ltr'>se</span> <span class='ocrx_word' id='word_1_319' title='bbox 1180 2376 1234 2408; x_wconf 84' lang='lat' dir='ltr'>B:</span> <span class='ocrx_word' id='word_1_320' title='bbox 1258 2387 1335 2408; x_wconf 83' lang='lat' dir='ltr'>sese</span> <span class='ocrx_word' id='word_1_321' title='bbox 1351 2388 1433 2417; x_wconf 85' lang='lat' dir='ltr'>erga</span> <span class='ocrx_word' id='word_1_322' title='bbox 1448 2376 1573 2408; x_wconf 74' lang='lat' dir='ltr'>Sclzoell</span> 
     </span>
    </p>
   </div>
  </div>
 </body>
</html>
