1742 2718
686 98 958 137 ASINARIA
1407 99 1484 135 ΙΙΙ.
1505 99 1549 134 iii

160 211 313 251 datisne
341 212 575 261 argentum?
632 211 691 248 L1.
725 209 755 248 si
785 209 947 259 quidem
983 207 1079 246 mihi
1113 216 1280 245 statuam
1316 217 1352 246 et
1381 222 1487 245 aram

1354 273 1488 310 statuis

160 350 278 392 atque
298 348 340 380 ut
357 342 433 380 deo
450 340 503 378 mi
517 340 580 378 hic
594 340 775 378 immolas
789 340 936 377 bouem
954 353 960 376 z
981 351 1072 376 nam
1090 351 1162 387 ego
1179 337 1249 375 tibi
1264 338 1374 375 Salus
1389 350 1486 374 sum.

163 409 232 445 LE.
265 406 382 445 etiam
417 413 469 453 tu,
507 418 580 452 ere,
619 405 746 443 istunc
779 417 942 442 amoues
976 416 1045 452 aps
1086 410 1123 440 te
1157 409 1275 451 atque
1311 401 1392 450 ipse'
1428 415 1489 438 me

1277 466 1489 516 adgredere

75 556 140 592 715
160 545 279 587 atque
300 537 364 574 illa
384 535 458 574 sibi
479 549 580 586 quae
600 535 664 573 hic
685 535 847 573 iusserat
869 533 965 571 mihi
986 532 1122 571 statuis
1144 531 1449 582 supplieasque?
1513 547 1570 578 125

162 605 265 641 ARG.
299 614 417 652 quern
451 609 490 639 te
523 608 656 639 autem
691 599 827 638 diuom
864 598 1095 637 nominem?
1157 599 1223 635 Le.
1262 598 1486 643 Fortunam,

1035 670 1154 712 atque
1176 663 1485 712 Opsequentem.

162 736 266 771 ΑΗΘ.
299 732 375 770 iam
405 732 501 770 istoc
529 744 569 769 es
598 730 743 769 melior.
805 731 864 767 L1.
897 742 947 767 an
975 728 1070 778 quid
1099 735 1156 765 est
1185 725 1312 779 [olim]
1338 727 1488 765 homini

1170 794 1302 831 Salute
1323 792 1491 830 melius?

162 866 266 901 ARG.
299 862 388 901 lieet
409 863 566 900 laudem
590 863 816 906 Fortunam,
838 867 971 898 tamen
992 866 1034 896 ut
1055 872 1104 896 ne
1126 859 1298 896 Salutem
1321 858 1487 907 culpem.

164 931 236 967 PH.
269 935 421 967 ecastor
439 927 581 966 ambae
601 934 692 965 sunt
712 926 851 964 bonae.
911 927 1016 962 ARG.
1049 923 1169 962 sciam
1191 923 1259 961 ubi
1280 923 1372 960 boni
1395 922 1490 972 quid

1297 987 1488 1026 dederint.

75 1071 145 1107 720
164 1061 233 1097 LE.
266 1066 359 1109 opta
397 1058 437 1097 id
475 1058 583 1108 quod
622 1064 664 1095 ut
702 1056 904 1106 contingat
942 1054 1013 1094 tibi
1051 1054 1120 1093 uis.
1188 1056 1294 1092 ARG.
1326 1053 1422 1103 quid
1461 1052 1490 1090 si
1516 1067 1576 1098 130

994 1121 1162 1170 optaro?
1219 1121 1288 1156 LE.
1322 1118 1488 1156 eueniet.

162 1192 268 1227 ARG.
300 1196 396 1239 opto
433 1201 582 1226 annum
625 1188 732 1225 hunc
770 1193 1002 1237 perpetuom
1047 1184 1142 1222 mihi
1187 1184 1301 1221 huius
1340 1196 1488 1233 operas

1161 1251 1231 1286 LE.
1263 1248 1489 1297 impetrasti.

161 1322 265 1357 ARG.
296 1318 361 1357 ain
378 1319 501 1357 uero?
548 1319 619 1356 LE.
651 1325 755 1356 certe
776 1316 948 1366 inquam.
1000 1316 1060 1353 L1.
1091 1315 1142 1353 ad
1160 1327 1222 1352 me
1237 1313 1302 1352 adi
1319 1313 1492 1351 uicissim

1167 1387 1286 1429 atque
1307 1379 1491 1429 experire.

163 1457 305 1500 exopta
324 1448 365 1488 id
386 1450 495 1499 quod
515 1448 574 1487 uis
595 1460 778 1486 maxume
798 1446 870 1485 tibi
891 1446 1048 1485 euenire
1066 1461 1072 1484 :
1102 1446 1180 1484 fiet.

163 1517 268 1553 ARG.
322 1514 418 1565 quid
453 1527 526 1564 ego
559 1513 667 1552 aliud
699 1520 882 1563 exoptem
913 1511 1082 1562 amplius
1114 1510 1188 1548 nisi
1222 1510 1319 1549 illud
1351 1510 1492 1560 quoius

1310 1575 1490 1625 inopiast‚

77 1655 142 1692 725
164 1644 302 1695 uiginti
320 1644 469 1695 argenti
489 1645 721 1683 commodas
743 1643 884 1690 minas,
903 1642 1020 1680 huius
1040 1654 1137 1692 quas
1158 1642 1250 1680 dem
1272 1640 1414 1679 matri?
1517 1657 1574 1689 135

164 1711 223 1748 L1.
256 1710 464 1756 dabuntur,
487 1710 622 1748 animo
644 1710 695 1748 sis
716 1710 824 1748 bono
845 1710 941 1755 face,
964 1714 1146 1758 exoptata
1166 1706 1383 1757 optingent.

163 1777 269 1813 ARG.
302 1782 344 1813 ut
365 1788 618 1822 consumere,
642 1774 825 1813 homines
847 1775 958 1813 Salus
980 1774 1183 1811 frustratur
1202 1779 1241 1810 et
1263 1773 1445 1810 Fortuna.

164 1841 234 1878 LE.
267 1853 340 1890 ego
360 1847 478 1890 caput
499 1839 591 1878 huic
611 1847 773 1890 argento
794 1838 849 1877 fui
868 1837 976 1890 (tibi)
995 1838 1115 1877 hodie
1136 1837 1383 1888 reperiundo.

164 1906 225 1943 L1.
257 1918 330 1955 ego
363 1918 432 1955 pes
466 1905 531 1943 fui.
590 1907 695 1943 Aac.
727 1904 822 1954 quin
857 1917 931 1943 nec
965 1912 1083 1954 caput
1117 1916 1191 1941 nee
1224 1915 1293 1953 pes
1322 1902 1493 1941 sermoni

1319 1975 1490 2017 apparet.

77 2046 146 2082 730
164 2048 238 2074 nec
258 2035 353 2085 quid
374 2035 512 2074 dicatis
533 2035 631 2074 scire
651 2048 724 2074 nec
746 2048 808 2073 me
829 2048 901 2085 qur
922 2034 1064 2073 ludatis
1085 2047 1257 2084 possum.
1516 2050 1575 2082 140

207 2148 269 2179 714
293 2139 312 2169 i.
330 2139 372 2169 ad
385 2149 438 2169 me
454 2139 592 2179 Langen
608 2150 614 2168 :
632 2139 741 2178 ipsum
755 2148 808 2169 me
818 2137 993 2168 Acidalius
1046 2138 1094 2168 vel
1108 2137 1169 2177 ips'
1183 2138 1260 2168 med
1314 2139 1493 2177 adgredire

163 2182 198 2212 D
222 2186 296 2213 ante
318 2193 398 2215 corr.
541 2184 604 2222 716
628 2183 729 2213 deum
754 2180 820 2212 cod.
847 2182 950 2221 (tepro
968 2181 1119 2222 deinum)
1243 2191 1303 2221 717
1329 2182 1407 2213 olim
1434 2182 1491 2212 del.

162 2225 237 2258 Ital.
251 2226 306 2266 (ex
320 2226 446 2257 homini
463 2225 650 2266 compendio
665 2226 779 2266 scripio
795 2226 928 2256 ortum?
943 2237 951 2263 ;
979 2225 1022 2256 iv,
1037 2226 1072 2263 3)
1229 2234 1292 2265 725
1319 2226 1492 2256 commoda

163 2268 251 2300 codd.
270 2268 373 2300 Nonii
385 2271 451 2300 266
548 2279 609 2308 727
634 2279 800 2300 consuere
816 2268 883 2300 cod.
904 2269 969 2308 (Le.
986 2273 1075 2298 -sue-
1089 2268 1116 2308 2>
1216 2270 1279 2308 728
1295 2267 1398 2311 (tibi)
1415 2267 1490 2299 add.

165 2312 339 2343 Fleckeisen
429 2324 492 2353 729
515 2313 663 2343 sermoni
687 2312 842 2351 Bentley:
876 2311 1044 2342 sermonis
1064 2311 1128 2343 cod.
1231 2322 1294 2352 730
1318 2313 1406 2343 scire
1420 2315 1493 2342 ante

166 2366 304 2395 possum
319 2355 385 2388 cod.
404 2368 410 2386 :
437 2367 516 2388 corr.
534 2357 713 2387 Hermann
