<?xml version="1.0" encoding="UTF-8"?>
<!DOCTYPE html PUBLIC "-//W3C//DTD XHTML 1.0 Transitional//EN"
    "http://www.w3.org/TR/xhtml1/DTD/xhtml1-transitional.dtd">
<html xmlns="http://www.w3.org/1999/xhtml" xml:lang="en" lang="en">
 <head>
  <title>
</title>
<meta http-equiv="Content-Type" content="text/html;charset=utf-8" />
  <meta name='ocr-system' content='tesseract 3.04.00' />
  <meta name='ocr-capabilities' content='ocr_page ocr_carea ocr_par ocr_line ocrx_word'/>
</head>
<body>
  <div class='ocr_page' id='page_1' title='image "./tmacciplauticomo01plauuoft_0364.png"; bbox 0 0 1814 2723; ppageno 0'>
   <div class='ocr_carea' id='block_1_1' title="bbox 194 51 1196 97">
    <p class='ocr_par' dir='ltr' id='par_1_1' title="bbox 194 51 1196 97">
     <span class='ocr_line' id='line_1_1' title="bbox 194 51 1196 97; baseline -0.01 0"><span class='ocrx_word' id='word_1_1' title='bbox 194 60 263 97; x_wconf 88' lang='lat' dir='ltr'>IV.</span> <span class='ocrx_word' id='word_1_2' title='bbox 284 59 329 95; x_wconf 87' lang='lat' dir='ltr'>iii</span> <span class='ocrx_word' id='word_1_3' title='bbox 697 55 744 92; x_wconf 92' lang='lat' dir='ltr'>T.</span> <span class='ocrx_word' id='word_1_4' title='bbox 778 52 959 92; x_wconf 87' lang='lat' dir='ltr'><strong>MACCI</strong></span> <span class='ocrx_word' id='word_1_5' title='bbox 992 51 1196 89; x_wconf 90' lang='lat' dir='ltr'><strong>PLAVTI</strong></span> 
     </span>
    </p>
   </div>
   <div class='ocr_carea' id='block_1_2' title="bbox 228 156 1706 862">
    <p class='ocr_par' dir='ltr' id='par_1_2' title="bbox 228 156 1704 471">
     <span class='ocr_line' id='line_1_2' title="bbox 228 156 1474 214; baseline -0.01 -9"><span class='ocrx_word' id='word_1_6' title='bbox 228 183 264 214; x_wconf 83' lang='lat'>15</span> <span class='ocrx_word' id='word_1_7' title='bbox 286 179 359 205; x_wconf 88' lang='lat' dir='ltr'>nec</span> <span class='ocrx_word' id='word_1_8' title='bbox 381 164 475 203; x_wconf 90' lang='lat' dir='ltr'>mihi</span> <span class='ocrx_word' id='word_1_9' title='bbox 496 163 658 214; x_wconf 82' lang='lat' dir='ltr'>quidem</span> <span class='ocrx_word' id='word_1_10' title='bbox 679 161 840 200; x_wconf 89' lang='lat' dir='ltr'>libertus</span> <span class='ocrx_word' id='word_1_11' title='bbox 862 161 990 198; x_wconf 86' lang='lat' dir='ltr'>ullust.</span> <span class='ocrx_word' id='word_1_12' title='bbox 1051 161 1121 197; x_wconf 82' lang='lat' dir='ltr'>Lv.</span> <span class='ocrx_word' id='word_1_13' title='bbox 1153 157 1238 196; x_wconf 87' lang='lat' dir='ltr'>faci&#39;</span> <span class='ocrx_word' id='word_1_14' title='bbox 1260 156 1474 207; x_wconf 86' lang='lat' dir='ltr'>sapientius</span> 
     </span>
     <span class='ocr_line' id='line_1_3' title="bbox 286 222 1539 282; baseline -0.009 -13"><span class='ocrx_word' id='word_1_15' title='bbox 286 244 404 282; x_wconf 88' lang='lat' dir='ltr'>quarn</span> <span class='ocrx_word' id='word_1_16' title='bbox 425 243 512 280; x_wconf 86' lang='lat' dir='ltr'>pars</span> <span class='ocrx_word' id='word_1_17' title='bbox 533 230 734 274; x_wconf 88' lang='lat' dir='ltr'>lenonum,</span> <span class='ocrx_word' id='word_1_18' title='bbox 757 225 917 264; x_wconf 86' lang='lat' dir='ltr'>libertos</span> <span class='ocrx_word' id='word_1_19' title='bbox 939 225 1006 274; x_wconf 83' lang='lat' dir='ltr'>qui</span> <span class='ocrx_word' id='word_1_20' title='bbox 1027 224 1176 262; x_wconf 85' lang='lat' dir='ltr'>habent</span> <span class='ocrx_word' id='word_1_21' title='bbox 1196 230 1234 261; x_wconf 81' lang='lat' dir='ltr'>et</span> <span class='ocrx_word' id='word_1_22' title='bbox 1254 235 1322 260; x_wconf 89' lang='lat' dir='ltr'>eos</span> <span class='ocrx_word' id='word_1_23' title='bbox 1343 222 1539 260; x_wconf 86' lang='lat' dir='ltr'>deserunt.</span> 
     </span>
     <span class='ocr_line' id='line_1_4' title="bbox 286 284 1613 345; baseline -0.01 -10"><span class='ocrx_word' id='word_1_24' title='bbox 286 298 365 334; x_wconf 86' lang='lat' dir='ltr'>TH.</span> <span class='ocrx_word' id='word_1_25' title='bbox 389 294 485 345; x_wconf 88' lang='lat' dir='ltr'>quid</span> <span class='ocrx_word' id='word_1_26' title='bbox 506 295 641 332; x_wconf 85' lang='lat' dir='ltr'>nunc?</span> <span class='ocrx_word' id='word_1_27' title='bbox 692 293 764 329; x_wconf 82' lang='lat' dir='ltr'>LY.</span> <span class='ocrx_word' id='word_1_28' title='bbox 787 291 896 341; x_wconf 85' lang='lat' dir='ltr'>quod</span> <span class='ocrx_word' id='word_1_29' title='bbox 916 287 1112 327; x_wconf 81' lang='lat' dir='ltr'>mandasti</span> <span class='ocrx_word' id='word_1_30' title='bbox 1134 286 1218 334; x_wconf 91' lang='lat' dir='ltr'>feci,</span> <span class='ocrx_word' id='word_1_31' title='bbox 1235 286 1291 324; x_wconf 87' lang='lat' dir='ltr'>tui</span> <span class='ocrx_word' id='word_1_32' title='bbox 1306 285 1467 324; x_wconf 77' lang='lat' dir='ltr'>honoris</span> <span class='ocrx_word' id='word_1_33' title='bbox 1482 284 1613 336; x_wconf 85' lang='lat' dir='ltr'>gratia,</span> 
     </span>
     <span class='ocr_line' id='line_1_5' title="bbox 287 352 1704 410; baseline -0.006 -11"><span class='ocrx_word' id='word_1_34' title='bbox 287 369 397 399; x_wconf 90' lang='lat' dir='ltr'>tuom</span> <span class='ocrx_word' id='word_1_35' title='bbox 418 359 485 410; x_wconf 89' lang='lat' dir='ltr'>qui</span> <span class='ocrx_word' id='word_1_36' title='bbox 506 358 660 408; x_wconf 88' lang='lat' dir='ltr'>signum</span> <span class='ocrx_word' id='word_1_37' title='bbox 680 357 732 395; x_wconf 92' lang='lat' dir='ltr'>ad</span> <span class='ocrx_word' id='word_1_38' title='bbox 753 369 816 394; x_wconf 92' lang='lat' dir='ltr'>me</span> <span class='ocrx_word' id='word_1_39' title='bbox 836 354 1039 401; x_wconf 79' lang='lat' dir='ltr'>attulisset,</span> <span class='ocrx_word' id='word_1_40' title='bbox 1062 352 1245 391; x_wconf 84' lang='lat' dir='ltr'>nuntium</span> <span class='ocrx_word' id='word_1_41' title='bbox 1267 366 1317 390; x_wconf 92' lang='lat' dir='ltr'>ne</span> <span class='ocrx_word' id='word_1_42' title='bbox 1337 364 1570 402; x_wconf 84' lang='lat' dir='ltr'>spernerem.</span> <span class='ocrx_word' id='word_1_43' title='bbox 1637 364 1704 402; x_wconf 83' lang='lat'>550</span> 
     </span>
     <span class='ocr_line' id='line_1_6' title="bbox 288 419 1343 471; baseline -0.009 -6"><span class='ocrx_word' id='word_1_44' title='bbox 288 428 367 465; x_wconf 90' lang='grc' dir='ltr'>ΤΗ.</span> <span class='ocrx_word' id='word_1_45' title='bbox 400 424 552 464; x_wconf 86' lang='lat' dir='ltr'>stultior</span> <span class='ocrx_word' id='word_1_46' title='bbox 572 424 692 462; x_wconf 91' lang='lat' dir='ltr'>stulto</span> <span class='ocrx_word' id='word_1_47' title='bbox 712 421 818 460; x_wconf 88' lang='lat' dir='ltr'>fuisti</span> <span class='ocrx_word' id='word_1_48' title='bbox 839 420 907 471; x_wconf 90' lang='lat' dir='ltr'>qui</span> <span class='ocrx_word' id='word_1_49' title='bbox 927 420 958 458; x_wconf 88' lang='lat' dir='ltr'>is</span> <span class='ocrx_word' id='word_1_50' title='bbox 979 419 1132 458; x_wconf 86' lang='lat' dir='ltr'>tabellis</span> <span class='ocrx_word' id='word_1_51' title='bbox 1152 419 1343 457; x_wconf 86' lang='lat' dir='ltr'>crederes.</span> 
     </span>
    </p>

    <p class='ocr_par' dir='ltr' id='par_1_3' title="bbox 231 482 1621 672">
     <span class='ocr_line' id='line_1_7' title="bbox 231 482 1596 541; baseline -0.01 -9"><span class='ocrx_word' id='word_1_52' title='bbox 231 511 272 532; x_wconf 85' lang='lat'>20</span> <span class='ocrx_word' id='word_1_53' title='bbox 291 494 361 531; x_wconf 82' lang='lat' dir='ltr'>Lv.</span> <span class='ocrx_word' id='word_1_54' title='bbox 393 490 479 541; x_wconf 87' lang='lat' dir='ltr'>quis</span> <span class='ocrx_word' id='word_1_55' title='bbox 501 503 559 528; x_wconf 87' lang='lat' dir='ltr'>res</span> <span class='ocrx_word' id='word_1_56' title='bbox 580 487 739 539; x_wconf 91' lang='lat' dir='ltr'>publica</span> <span class='ocrx_word' id='word_1_57' title='bbox 759 494 797 525; x_wconf 91' lang='lat' dir='ltr'>et</span> <span class='ocrx_word' id='word_1_58' title='bbox 817 485 969 537; x_wconf 89' lang='lat' dir='ltr'>priuata</span> <span class='ocrx_word' id='word_1_59' title='bbox 988 484 1141 536; x_wconf 86' lang='lat' dir='ltr'>geritur,</span> <span class='ocrx_word' id='word_1_60' title='bbox 1160 496 1295 522; x_wconf 91' lang='lat' dir='ltr'>nonne</span> <span class='ocrx_word' id='word_1_61' title='bbox 1314 482 1346 520; x_wconf 92' lang='lat' dir='ltr'>is</span> <span class='ocrx_word' id='word_1_62' title='bbox 1367 482 1596 521; x_wconf 87' lang='lat' dir='ltr'>crederem?</span> 
     </span>
     <span class='ocr_line' id='line_1_8' title="bbox 290 549 1344 608; baseline -0.011 -11"><span class='ocrx_word' id='word_1_63' title='bbox 290 571 363 608; x_wconf 86' lang='lat' dir='ltr'>ego</span> <span class='ocrx_word' id='word_1_64' title='bbox 382 557 493 602; x_wconf 89' lang='lat' dir='ltr'>abeo,</span> <span class='ocrx_word' id='word_1_65' title='bbox 516 554 588 593; x_wconf 90' lang='lat' dir='ltr'>tibi</span> <span class='ocrx_word' id='word_1_66' title='bbox 607 567 666 592; x_wconf 89' lang='lat' dir='ltr'>res</span> <span class='ocrx_word' id='word_1_67' title='bbox 689 555 853 592; x_wconf 85' lang='lat' dir='ltr'>solutast</span> <span class='ocrx_word' id='word_1_68' title='bbox 873 558 987 590; x_wconf 91' lang='lat' dir='ltr'>recte.</span> <span class='ocrx_word' id='word_1_69' title='bbox 1048 551 1222 596; x_wconf 84' lang='lat' dir='ltr'>bellator,</span> <span class='ocrx_word' id='word_1_70' title='bbox 1246 549 1344 586; x_wconf 92' lang='lat' dir='ltr'>uale.</span> 
     </span>
     <span class='ocr_line' id='line_1_9' title="bbox 290 612 1621 672; baseline -0.009 -11"><span class='ocrx_word' id='word_1_71' title='bbox 290 625 369 661; x_wconf 87' lang='grc' dir='ltr'>ΤΗ.</span> <span class='ocrx_word' id='word_1_72' title='bbox 402 621 509 672; x_wconf 89' lang='lat' dir='ltr'>quid,</span> <span class='ocrx_word' id='word_1_73' title='bbox 525 621 708 658; x_wconf 85' lang='lat' dir='ltr'>ualeam?</span> <span class='ocrx_word' id='word_1_74' title='bbox 765 620 834 656; x_wconf 76' lang='lat' dir='ltr'>LY.</span> <span class='ocrx_word' id='word_1_75' title='bbox 867 625 906 655; x_wconf 88' lang='lat' dir='ltr'>at</span> <span class='ocrx_word' id='word_1_76' title='bbox 927 624 968 655; x_wconf 90' lang='lat' dir='ltr'>tu</span> <span class='ocrx_word' id='word_1_77' title='bbox 989 622 1147 665; x_wconf 85' lang='lat' dir='ltr'>aegrota</span> <span class='ocrx_word' id='word_1_78' title='bbox 1166 621 1346 661; x_wconf 88' lang='lat' dir='ltr'>aetatem,</span> <span class='ocrx_word' id='word_1_79' title='bbox 1366 612 1397 652; x_wconf 88' lang='lat' dir='ltr'>si</span> <span class='ocrx_word' id='word_1_80' title='bbox 1416 612 1536 658; x_wconf 90' lang='lat' dir='ltr'>lubet,</span> <span class='ocrx_word' id='word_1_81' title='bbox 1552 624 1621 661; x_wconf 91' lang='lat' dir='ltr'>per</span> 
     </span>
    </p>

    <p class='ocr_par' dir='ltr' id='par_1_4' title="bbox 1307 677 1621 728">
     <span class='ocr_line' id='line_1_10' title="bbox 1307 677 1621 728; baseline -0.013 -11"><span class='ocrx_word' id='word_1_82' title='bbox 1307 692 1370 717; x_wconf 88' lang='lat' dir='ltr'>me</span> <span class='ocrx_word' id='word_1_83' title='bbox 1391 677 1621 728; x_wconf 73' lang='lat' dir='ltr'>quidem—-</span> 
     </span>
    </p>

    <p class='ocr_par' dir='ltr' id='par_1_5' title="bbox 290 741 1706 862">
     <span class='ocr_line' id='line_1_11' title="bbox 290 741 1706 802; baseline -0.01 -10"><span class='ocrx_word' id='word_1_84' title='bbox 290 755 370 792; x_wconf 88' lang='grc' dir='ltr'>ΤΗ.</span> <span class='ocrx_word' id='word_1_85' title='bbox 403 751 499 802; x_wconf 89' lang='lat' dir='ltr'>quid</span> <span class='ocrx_word' id='word_1_86' title='bbox 520 764 592 800; x_wconf 86' lang='lat' dir='ltr'>ego</span> <span class='ocrx_word' id='word_1_87' title='bbox 613 763 718 788; x_wconf 90' lang='lat' dir='ltr'>nunc</span> <span class='ocrx_word' id='word_1_88' title='bbox 740 748 911 787; x_wconf 88' lang='lat' dir='ltr'>faciam?</span> <span class='ocrx_word' id='word_1_89' title='bbox 940 746 1036 797; x_wconf 86' lang='lat' dir='ltr'>quid</span> <span class='ocrx_word' id='word_1_90' title='bbox 1057 746 1171 784; x_wconf 87' lang='lat' dir='ltr'>refert</span> <span class='ocrx_word' id='word_1_91' title='bbox 1191 758 1256 783; x_wconf 90' lang='lat' dir='ltr'>me</span> <span class='ocrx_word' id='word_1_92' title='bbox 1277 743 1414 782; x_wconf 89' lang='lat' dir='ltr'>fecisse</span> <span class='ocrx_word' id='word_1_93' title='bbox 1434 741 1589 792; x_wconf 87' lang='lat' dir='ltr'>regibus</span> <span class='ocrx_word' id='word_1_94' title='bbox 1643 754 1706 791; x_wconf 87' lang='grc'>555</span> 
     </span>
     <span class='ocr_line' id='line_1_12' title="bbox 291 807 1525 862; baseline -0.009 -5"><span class='ocrx_word' id='word_1_95' title='bbox 291 826 334 858; x_wconf 93' lang='lat' dir='ltr'>ut</span> <span class='ocrx_word' id='word_1_96' title='bbox 355 817 408 856; x_wconf 90' lang='lat' dir='ltr'>mi</span> <span class='ocrx_word' id='word_1_97' title='bbox 429 816 672 862; x_wconf 88' lang='lat' dir='ltr'>oboedirent,</span> <span class='ocrx_word' id='word_1_98' title='bbox 696 814 727 853; x_wconf 91' lang='lat' dir='ltr'>si</span> <span class='ocrx_word' id='word_1_99' title='bbox 748 814 812 852; x_wconf 85' lang='lat' dir='ltr'>hic</span> <span class='ocrx_word' id='word_1_100' title='bbox 833 827 896 852; x_wconf 90' lang='lat' dir='ltr'>me</span> <span class='ocrx_word' id='word_1_101' title='bbox 916 812 1037 851; x_wconf 90' lang='lat' dir='ltr'>hodie</span> <span class='ocrx_word' id='word_1_102' title='bbox 1058 810 1299 850; x_wconf 88' lang='lat' dir='ltr'>umbraticus</span> <span class='ocrx_word' id='word_1_103' title='bbox 1320 807 1525 848; x_wconf 87' lang='lat' dir='ltr'>deriserit?</span> 
     </span>
    </p>
   </div>
   <div class='ocr_carea' id='block_1_3' title="bbox 228 924 1462 968">
    <p class='ocr_par' dir='ltr' id='par_1_6' title="bbox 228 924 1462 968">
     <span class='ocr_line' id='line_1_13' title="bbox 228 924 1462 968; baseline -0.011 1"><span class='ocrx_word' id='word_1_104' title='bbox 228 931 275 968; x_wconf 88' lang='lat' dir='ltr'>iv</span> <span class='ocrx_word' id='word_1_105' title='bbox 456 929 760 968; x_wconf 77' lang='lat' dir='ltr'>CAPPADOX</span> <span class='ocrx_word' id='word_1_106' title='bbox 890 924 1462 960; x_wconf 84' lang='lat' dir='ltr'>THERAPONTIGONVS</span> 
     </span>
    </p>
   </div>
   <div class='ocr_carea' id='block_1_4' title="bbox 241 1000 1714 1968">
    <p class='ocr_par' dir='ltr' id='par_1_7' title="bbox 241 1000 1714 1968">
     <span class='ocr_line' id='line_1_14' title="bbox 295 1000 1566 1060; baseline -0.01 -9"><span class='ocrx_word' id='word_1_107' title='bbox 295 1013 366 1052; x_wconf 87' lang='lat' dir='ltr'>CA.</span> <span class='ocrx_word' id='word_1_108' title='bbox 400 1011 506 1060; x_wconf 87' lang='lat' dir='ltr'>Quoi</span> <span class='ocrx_word' id='word_1_109' title='bbox 527 1007 678 1048; x_wconf 86' lang='lat' dir='ltr'>homini</span> <span class='ocrx_word' id='word_1_110' title='bbox 699 1006 739 1046; x_wconf 89' lang='lat' dir='ltr'>di</span> <span class='ocrx_word' id='word_1_111' title='bbox 760 1013 851 1044; x_wconf 85' lang='lat' dir='ltr'>sunt</span> <span class='ocrx_word' id='word_1_112' title='bbox 871 1003 1040 1056; x_wconf 90' lang='lat' dir='ltr'>propitii,</span> <span class='ocrx_word' id='word_1_113' title='bbox 1059 1003 1094 1042; x_wconf 91' lang='lat' dir='ltr'>ei</span> <span class='ocrx_word' id='word_1_114' title='bbox 1116 1016 1196 1041; x_wconf 90' lang='lat' dir='ltr'>non</span> <span class='ocrx_word' id='word_1_115' title='bbox 1217 1015 1302 1040; x_wconf 89' lang='lat' dir='ltr'>esse</span> <span class='ocrx_word' id='word_1_116' title='bbox 1323 1000 1440 1040; x_wconf 90' lang='lat' dir='ltr'>iratos</span> <span class='ocrx_word' id='word_1_117' title='bbox 1460 1007 1566 1051; x_wconf 86' lang='lat' dir='ltr'>puto.</span> 
     </span>
     <span class='ocr_line' id='line_1_15' title="bbox 294 1065 1430 1127; baseline -0.011 -12"><span class='ocrx_word' id='word_1_118' title='bbox 294 1084 505 1127; x_wconf 86' lang='lat' dir='ltr'>postquam</span> <span class='ocrx_word' id='word_1_119' title='bbox 526 1087 608 1113; x_wconf 91' lang='lat' dir='ltr'>rem</span> <span class='ocrx_word' id='word_1_120' title='bbox 629 1072 805 1112; x_wconf 90' lang='lat' dir='ltr'>diuinam</span> <span class='ocrx_word' id='word_1_121' title='bbox 826 1070 911 1117; x_wconf 90' lang='lat' dir='ltr'>feci,</span> <span class='ocrx_word' id='word_1_122' title='bbox 936 1069 1045 1108; x_wconf 89' lang='lat' dir='ltr'>uenit</span> <span class='ocrx_word' id='word_1_123' title='bbox 1065 1068 1106 1106; x_wconf 91' lang='lat' dir='ltr'>in</span> <span class='ocrx_word' id='word_1_124' title='bbox 1128 1074 1301 1106; x_wconf 88' lang='lat' dir='ltr'>mentem</span> <span class='ocrx_word' id='word_1_125' title='bbox 1322 1065 1430 1113; x_wconf 90' lang='lat' dir='ltr'>mihi,</span> 
     </span>
     <span class='ocr_line' id='line_1_16' title="bbox 294 1135 1389 1191; baseline -0.01 -11"><span class='ocrx_word' id='word_1_126' title='bbox 294 1156 344 1180; x_wconf 91' lang='lat' dir='ltr'>ne</span> <span class='ocrx_word' id='word_1_127' title='bbox 365 1139 548 1191; x_wconf 84' lang='lat' dir='ltr'>tarpezita</span> <span class='ocrx_word' id='word_1_128' title='bbox 568 1139 767 1177; x_wconf 83' lang='lat' dir='ltr'>exulatum</span> <span class='ocrx_word' id='word_1_129' title='bbox 787 1135 936 1182; x_wconf 84' lang='lat' dir='ltr'>abierit,</span> <span class='ocrx_word' id='word_1_130' title='bbox 959 1140 1162 1184; x_wconf 84' lang='lat' dir='ltr'>argentum</span> <span class='ocrx_word' id='word_1_131' title='bbox 1184 1139 1226 1171; x_wconf 90' lang='lat' dir='ltr'>ut</span> <span class='ocrx_word' id='word_1_132' title='bbox 1247 1139 1389 1183; x_wconf 90' lang='lat' dir='ltr'>petam,</span> 
     </span>
     <span class='ocr_line' id='line_1_17' title="bbox 295 1197 1714 1256; baseline -0.008 -11"><span class='ocrx_word' id='word_1_133' title='bbox 295 1214 338 1245; x_wconf 88' lang='lat' dir='ltr'>ut</span> <span class='ocrx_word' id='word_1_134' title='bbox 358 1219 430 1256; x_wconf 85' lang='lat' dir='ltr'>ego</span> <span class='ocrx_word' id='word_1_135' title='bbox 451 1204 581 1256; x_wconf 88' lang='lat' dir='ltr'>potius</span> <span class='ocrx_word' id='word_1_136' title='bbox 602 1202 801 1242; x_wconf 83' lang='lat' dir='ltr'>comedim</span> <span class='ocrx_word' id='word_1_137' title='bbox 822 1214 941 1251; x_wconf 88' lang='lat' dir='ltr'>quarn</span> <span class='ocrx_word' id='word_1_138' title='bbox 963 1199 1037 1238; x_wconf 88' lang='lat' dir='ltr'>ille.</span> <span class='ocrx_word' id='word_1_139' title='bbox 1093 1201 1172 1236; x_wconf 77' lang='grc' dir='ltr'>ΤΗ.</span> <span class='ocrx_word' id='word_1_140' title='bbox 1196 1197 1383 1236; x_wconf 90' lang='lat' dir='ltr'>iusseram</span> <span class='ocrx_word' id='word_1_141' title='bbox 1405 1198 1553 1236; x_wconf 90' lang='lat' dir='ltr'>saluere</span> <span class='ocrx_word' id='word_1_142' title='bbox 1575 1203 1622 1235; x_wconf 90' lang='lat' dir='ltr'>te.</span> <span class='ocrx_word' id='word_1_143' title='bbox 1647 1203 1714 1249; x_wconf 85' lang='lat'>560</span> 
     </span>
     <span class='ocr_line' id='line_1_18' title="bbox 259 1261 1626 1320; baseline -0.009 -9"><span class='ocrx_word' id='word_1_144' title='bbox 259 1286 276 1318; x_wconf 87' lang='lat'>5</span> <span class='ocrx_word' id='word_1_145' title='bbox 297 1273 367 1312; x_wconf 86' lang='lat' dir='ltr'>CA.</span> <span class='ocrx_word' id='word_1_146' title='bbox 387 1268 734 1320; x_wconf 87' lang='lat' dir='ltr'>Therapontigone</span> <span class='ocrx_word' id='word_1_147' title='bbox 752 1265 1012 1316; x_wconf 82' lang='lat' dir='ltr'>Platagidore,</span> <span class='ocrx_word' id='word_1_148' title='bbox 1026 1266 1133 1303; x_wconf 88' lang='lat' dir='ltr'>salue</span> <span class='ocrx_word' id='word_1_149' title='bbox 1148 1279 1158 1312; x_wconf 81' lang='lat'><em>3</em></span> <span class='ocrx_word' id='word_1_150' title='bbox 1178 1265 1308 1302; x_wconf 87' lang='lat' dir='ltr'>saluos</span> <span class='ocrx_word' id='word_1_151' title='bbox 1324 1276 1444 1313; x_wconf 87' lang='lat' dir='ltr'>quom</span> <span class='ocrx_word' id='word_1_152' title='bbox 1461 1261 1626 1301; x_wconf 89' lang='lat' dir='ltr'>aduenis</span> 
     </span>
     <span class='ocr_line' id='line_1_19' title="bbox 295 1327 1624 1386; baseline -0.008 -11"><span class='ocrx_word' id='word_1_153' title='bbox 295 1337 336 1375; x_wconf 91' lang='lat' dir='ltr'>in</span> <span class='ocrx_word' id='word_1_154' title='bbox 351 1335 605 1386; x_wconf 86' lang='lat' dir='ltr'>Epidaurum,</span> <span class='ocrx_word' id='word_1_155' title='bbox 621 1333 685 1371; x_wconf 89' lang='lat' dir='ltr'>hic</span> <span class='ocrx_word' id='word_1_156' title='bbox 698 1332 817 1371; x_wconf 92' lang='lat' dir='ltr'>hodie</span> <span class='ocrx_word' id='word_1_157' title='bbox 831 1332 937 1382; x_wconf 88' lang='lat' dir='ltr'>apud</span> <span class='ocrx_word' id='word_1_158' title='bbox 951 1342 1290 1379; x_wconf 89' lang='lat' dir='ltr'>me—numquam</span> <span class='ocrx_word' id='word_1_159' title='bbox 1304 1327 1480 1378; x_wconf 85' lang='lat' dir='ltr'>delinges</span> <span class='ocrx_word' id='word_1_160' title='bbox 1491 1328 1624 1365; x_wconf 86' lang='lat' dir='ltr'>salem.</span> 
     </span>
     <span class='ocr_line' id='line_1_20' title="bbox 296 1392 1521 1446; baseline -0.008 -6"><span class='ocrx_word' id='word_1_161' title='bbox 296 1404 375 1440; x_wconf 84' lang='lat' dir='ltr'>TH.</span> <span class='ocrx_word' id='word_1_162' title='bbox 408 1402 510 1440; x_wconf 89' lang='lat' dir='ltr'>bene</span> <span class='ocrx_word' id='word_1_163' title='bbox 530 1412 660 1446; x_wconf 90' lang='lat' dir='ltr'>uocas,</span> <span class='ocrx_word' id='word_1_164' title='bbox 684 1411 821 1436; x_wconf 90' lang='lat' dir='ltr'>uerum</span> <span class='ocrx_word' id='word_1_165' title='bbox 842 1399 970 1435; x_wconf 87' lang='lat' dir='ltr'>locata</span> <span class='ocrx_word' id='word_1_166' title='bbox 990 1409 1049 1434; x_wconf 85' lang='lat' dir='ltr'>res</span> <span class='ocrx_word' id='word_1_167' title='bbox 1071 1402 1228 1434; x_wconf 84' lang='lat' dir='ltr'>est—ut</span> <span class='ocrx_word' id='word_1_168' title='bbox 1249 1395 1351 1432; x_wconf 90' lang='lat' dir='ltr'>male</span> <span class='ocrx_word' id='word_1_169' title='bbox 1372 1393 1420 1431; x_wconf 89' lang='lat' dir='ltr'>sit</span> <span class='ocrx_word' id='word_1_170' title='bbox 1440 1392 1521 1432; x_wconf 89' lang='lat' dir='ltr'>tibi.</span> 
     </span>
     <span class='ocr_line' id='line_1_21' title="bbox 297 1459 1629 1516; baseline -0.007 -10"><span class='ocrx_word' id='word_1_171' title='bbox 297 1468 367 1505; x_wconf 87' lang='lat' dir='ltr'>sed</span> <span class='ocrx_word' id='word_1_172' title='bbox 389 1466 484 1516; x_wconf 82' lang='lat' dir='ltr'>quid</span> <span class='ocrx_word' id='word_1_173' title='bbox 505 1464 582 1515; x_wconf 86' lang='lat' dir='ltr'>agit</span> <span class='ocrx_word' id='word_1_174' title='bbox 603 1477 736 1502; x_wconf 91' lang='lat' dir='ltr'>meum</span> <span class='ocrx_word' id='word_1_175' title='bbox 763 1460 1064 1501; x_wconf 89' lang='lat' dir='ltr'>mercimonium</span> <span class='ocrx_word' id='word_1_176' title='bbox 1093 1461 1198 1510; x_wconf 89' lang='lat' dir='ltr'>apud</span> <span class='ocrx_word' id='word_1_177' title='bbox 1220 1461 1287 1498; x_wconf 88' lang='lat' dir='ltr'>te?</span> <span class='ocrx_word' id='word_1_178' title='bbox 1344 1460 1415 1499; x_wconf 87' lang='lat' dir='ltr'>CA.</span> <span class='ocrx_word' id='word_1_179' title='bbox 1449 1459 1502 1497; x_wconf 88' lang='lat' dir='ltr'>nil</span> <span class='ocrx_word' id='word_1_180' title='bbox 1522 1459 1629 1509; x_wconf 89' lang='lat' dir='ltr'>apud</span> 
     </span>
     <span class='ocr_line' id='line_1_22' title="bbox 1370 1524 1627 1575; baseline -0.004 -12"><span class='ocrx_word' id='word_1_181' title='bbox 1370 1524 1433 1563; x_wconf 74' lang='lat' dir='ltr'>me</span> <span class='ocrx_word' id='word_1_182' title='bbox 1454 1524 1627 1575; x_wconf 86' lang='lat' dir='ltr'>quidem,</span> 
     </span>
     <span class='ocr_line' id='line_1_23' title="bbox 298 1590 1713 1644; baseline -0.005 -8"><span class='ocrx_word' id='word_1_183' title='bbox 298 1610 349 1637; x_wconf 88' lang='lat' dir='ltr'>ne</span> <span class='ocrx_word' id='word_1_184' title='bbox 387 1596 504 1636; x_wconf 90' lang='lat' dir='ltr'>facias</span> <span class='ocrx_word' id='word_1_185' title='bbox 543 1595 662 1642; x_wconf 77' lang='lat' dir='ltr'>testis,</span> <span class='ocrx_word' id='word_1_186' title='bbox 699 1607 828 1644; x_wconf 86' lang='lat' dir='ltr'>neque</span> <span class='ocrx_word' id='word_1_187' title='bbox 868 1592 1076 1643; x_wconf 66' lang='lat' dir='ltr'>equidem2</span> <span class='ocrx_word' id='word_1_188' title='bbox 1090 1592 1218 1631; x_wconf 90' lang='lat' dir='ltr'>debeo</span> <span class='ocrx_word' id='word_1_189' title='bbox 1254 1590 1476 1642; x_wconf 86' lang='lat' dir='ltr'>quicquam.</span> <span class='ocrx_word' id='word_1_190' title='bbox 1547 1591 1626 1628; x_wconf 86' lang='grc' dir='ltr'>ΤΗ.</span> <span class='ocrx_word' id='word_1_191' title='bbox 1649 1595 1713 1639; x_wconf 86' lang='grc'>565</span> 
     </span>
     <span class='ocr_line' id='line_1_24' title="bbox 1427 1656 1630 1706; baseline -0.005 -12"><span class='ocrx_word' id='word_1_192' title='bbox 1427 1656 1523 1706; x_wconf 86' lang='lat' dir='ltr'>quid</span> <span class='ocrx_word' id='word_1_193' title='bbox 1544 1657 1630 1694; x_wconf 87' lang='lat' dir='ltr'>est?</span> 
     </span>
     <span class='ocr_line' id='line_1_25' title="bbox 241 1721 1587 1778; baseline -0.005 -11"><span class='ocrx_word' id='word_1_194' title='bbox 241 1745 281 1767; x_wconf 93' lang='lat'>10</span> <span class='ocrx_word' id='word_1_195' title='bbox 300 1730 371 1769; x_wconf 88' lang='lat' dir='ltr'>CA.</span> <span class='ocrx_word' id='word_1_196' title='bbox 405 1728 513 1778; x_wconf 90' lang='lat' dir='ltr'>quod</span> <span class='ocrx_word' id='word_1_197' title='bbox 533 1726 588 1765; x_wconf 86' lang='lat' dir='ltr'>fui</span> <span class='ocrx_word' id='word_1_198' title='bbox 608 1726 766 1772; x_wconf 87' lang='lat' dir='ltr'>iuratus,</span> <span class='ocrx_word' id='word_1_199' title='bbox 789 1724 874 1764; x_wconf 88' lang='lat' dir='ltr'>feci.</span> <span class='ocrx_word' id='word_1_200' title='bbox 935 1727 1013 1763; x_wconf 88' lang='grc' dir='ltr'>ΤΗ.</span> <span class='ocrx_word' id='word_1_201' title='bbox 1049 1724 1189 1763; x_wconf 90' lang='lat' dir='ltr'>reddin</span> <span class='ocrx_word' id='word_1_202' title='bbox 1210 1738 1261 1762; x_wconf 91' lang='lat' dir='ltr'>an</span> <span class='ocrx_word' id='word_1_203' title='bbox 1283 1736 1364 1762; x_wconf 91' lang='lat' dir='ltr'>non</span> <span class='ocrx_word' id='word_1_204' title='bbox 1385 1721 1587 1771; x_wconf 87' lang='lat' dir='ltr'>uirginem,</span> 
     </span>
     <span class='ocr_line' id='line_1_26' title="bbox 299 1787 1486 1845; baseline -0.005 -13"><span class='ocrx_word' id='word_1_205' title='bbox 299 1793 395 1845; x_wconf 91' lang='lat' dir='ltr'>priu’</span> <span class='ocrx_word' id='word_1_206' title='bbox 416 1806 535 1843; x_wconf 85' lang='lat' dir='ltr'>quam</span> <span class='ocrx_word' id='word_1_207' title='bbox 555 1799 593 1830; x_wconf 88' lang='lat' dir='ltr'>te</span> <span class='ocrx_word' id='word_1_208' title='bbox 613 1790 706 1829; x_wconf 87' lang='lat' dir='ltr'>huic</span> <span class='ocrx_word' id='word_1_209' title='bbox 726 1804 838 1829; x_wconf 87' lang='lat' dir='ltr'>meae</span> <span class='ocrx_word' id='word_1_210' title='bbox 860 1792 1091 1829; x_wconf 89' lang='lat' dir='ltr'>machaerae</span> <span class='ocrx_word' id='word_1_211' title='bbox 1114 1789 1255 1835; x_wconf 80' lang='lat' dir='ltr'>obicio,</span> <span class='ocrx_word' id='word_1_212' title='bbox 1279 1787 1486 1838; x_wconf 86' lang='lat' dir='ltr'>mastigia?</span> 
     </span>
     <span class='ocr_line' id='line_1_27' title="bbox 301 1851 1529 1908; baseline -0.006 -11"><span class='ocrx_word' id='word_1_213' title='bbox 301 1861 372 1899; x_wconf 87' lang='lat' dir='ltr'>CA.</span> <span class='ocrx_word' id='word_1_214' title='bbox 405 1858 590 1908; x_wconf 88' lang='lat' dir='ltr'>uapulare</span> <span class='ocrx_word' id='word_1_215' title='bbox 611 1869 683 1906; x_wconf 86' lang='lat' dir='ltr'>ego</span> <span class='ocrx_word' id='word_1_216' title='bbox 704 1863 742 1894; x_wconf 92' lang='lat' dir='ltr'>te</span> <span class='ocrx_word' id='word_1_217' title='bbox 763 1857 1020 1894; x_wconf 90' lang='lat' dir='ltr'>uehementer</span> <span class='ocrx_word' id='word_1_218' title='bbox 1041 1854 1160 1893; x_wconf 89' lang='lat' dir='ltr'>iubeo</span> <span class='ocrx_word' id='word_1_219' title='bbox 1177 1870 1183 1892; x_wconf 91' lang='lat'>:</span> <span class='ocrx_word' id='word_1_220' title='bbox 1215 1867 1264 1892; x_wconf 88' lang='lat' dir='ltr'>ne</span> <span class='ocrx_word' id='word_1_221' title='bbox 1286 1867 1349 1891; x_wconf 90' lang='lat' dir='ltr'>me</span> <span class='ocrx_word' id='word_1_222' title='bbox 1369 1851 1529 1891; x_wconf 90' lang='lat' dir='ltr'>territes.</span> 
     </span>
     <span class='ocr_line' id='line_1_28' title="bbox 300 1917 1445 1968; baseline -0.006 -6"><span class='ocrx_word' id='word_1_223' title='bbox 300 1924 365 1962; x_wconf 89' lang='lat' dir='ltr'>illa</span> <span class='ocrx_word' id='word_1_224' title='bbox 384 1924 602 1968; x_wconf 87' lang='lat' dir='ltr'>abductast,</span> <span class='ocrx_word' id='word_1_225' title='bbox 626 1929 668 1960; x_wconf 90' lang='lat' dir='ltr'>tu</span> <span class='ocrx_word' id='word_1_226' title='bbox 688 1923 862 1960; x_wconf 89' lang='lat' dir='ltr'>auferere</span> <span class='ocrx_word' id='word_1_227' title='bbox 884 1920 976 1959; x_wconf 89' lang='lat' dir='ltr'>hinc</span> <span class='ocrx_word' id='word_1_228' title='bbox 998 1934 1020 1958; x_wconf 88' lang='lat' dir='ltr'>a</span> <span class='ocrx_word' id='word_1_229' title='bbox 1041 1934 1115 1966; x_wconf 90' lang='lat' dir='ltr'>me,</span> <span class='ocrx_word' id='word_1_230' title='bbox 1140 1919 1171 1957; x_wconf 91' lang='lat' dir='ltr'>si</span> <span class='ocrx_word' id='word_1_231' title='bbox 1192 1932 1328 1968; x_wconf 87' lang='lat' dir='ltr'>perges</span> <span class='ocrx_word' id='word_1_232' title='bbox 1349 1917 1445 1956; x_wconf 90' lang='lat' dir='ltr'>mihi</span> 
     </span>
    </p>
   </div>
   <div class='ocr_carea' id='block_1_5' title="bbox 276 2021 1636 2373">
    <p class='ocr_par' dir='ltr' id='par_1_8' title="bbox 302 2021 1636 2241">
     <span class='ocr_line' id='line_1_29' title="bbox 345 2021 1630 2066; baseline -0.004 -9"><span class='ocrx_word' id='word_1_233' title='bbox 345 2029 408 2066; x_wconf 87' lang='lat'>548</span> <span class='ocrx_word' id='word_1_234' title='bbox 433 2027 686 2066; x_wconf 69' lang='lat' dir='ltr'>parslatronum</span> <span class='ocrx_word' id='word_1_235' title='bbox 705 2025 824 2056; x_wconf 81' lang='lat' dir='ltr'>Dousa</span> <span class='ocrx_word' id='word_1_236' title='bbox 950 2033 1014 2064; x_wconf 88' lang='lat'>549</span> <span class='ocrx_word' id='word_1_237' title='bbox 1038 2024 1126 2062; x_wconf 83' lang='lat' dir='ltr'>Quid</span> <span class='ocrx_word' id='word_1_238' title='bbox 1150 2032 1235 2053; x_wconf 89' lang='lat' dir='ltr'>nunc</span> <span class='ocrx_word' id='word_1_239' title='bbox 1254 2022 1297 2062; x_wconf 68' lang='grc' dir='ltr'>(ἓ)</span> <span class='ocrx_word' id='word_1_240' title='bbox 1318 2021 1432 2053; x_wconf 69' lang='lat' dir='ltr'>Goetz:</span> <span class='ocrx_word' id='word_1_241' title='bbox 1459 2021 1549 2061; x_wconf 83' lang='lat' dir='ltr'>Quid</span> <span class='ocrx_word' id='word_1_242' title='bbox 1567 2022 1630 2053; x_wconf 86' lang='lat' dir='ltr'>feci</span> 
     </span>
     <span class='ocr_line' id='line_1_30' title="bbox 302 2065 1632 2110; baseline -0.005 -8"><span class='ocrx_word' id='word_1_243' title='bbox 302 2071 366 2103; x_wconf 87' lang='lat' dir='ltr'>cod.</span> <span class='ocrx_word' id='word_1_244' title='bbox 382 2069 561 2110; x_wconf 85' lang='lat' dir='ltr'>(fecistiJ¹</span> <span class='ocrx_word' id='word_1_245' title='bbox 579 2074 617 2100; x_wconf 82' lang='lat' dir='ltr'>ut</span> <span class='ocrx_word' id='word_1_246' title='bbox 630 2069 727 2107; x_wconf 62' lang='lat' dir='ltr'>vid).</span> <span class='ocrx_word' id='word_1_247' title='bbox 739 2070 799 2109; x_wconf 85' lang='lat' dir='ltr'>qui</span> <span class='ocrx_word' id='word_1_248' title='bbox 808 2073 915 2100; x_wconf 78' lang='lat' dir='ltr'>totum</span> <span class='ocrx_word' id='word_1_249' title='bbox 929 2078 1060 2099; x_wconf 79' lang='lat' dir='ltr'>versum</span> <span class='ocrx_word' id='word_1_250' title='bbox 1070 2066 1196 2106; x_wconf 83' lang='lat' dir='ltr'>Lyconi</span> <span class='ocrx_word' id='word_1_251' title='bbox 1205 2065 1283 2096; x_wconf 87' lang='lat' dir='ltr'>dare</span> <span class='ocrx_word' id='word_1_252' title='bbox 1296 2066 1361 2096; x_wconf 77' lang='lat' dir='ltr'>vid.</span> <span class='ocrx_word' id='word_1_253' title='bbox 1377 2067 1421 2106; x_wconf 92' lang='lat' dir='ltr'>(v.</span> <span class='ocrx_word' id='word_1_254' title='bbox 1443 2066 1473 2103; x_wconf 72' lang='grc' dir='ltr'>Ι)</span> <span class='ocrx_word' id='word_1_255' title='bbox 1569 2066 1632 2096; x_wconf 88' lang='lat' dir='ltr'>feci</span> 
     </span>
     <span class='ocr_line' id='line_1_31' title="bbox 303 2108 1636 2153; baseline -0.006 -7"><span class='ocrx_word' id='word_1_256' title='bbox 303 2116 357 2147; x_wconf 80' lang='lat' dir='ltr'>alt.</span> <span class='ocrx_word' id='word_1_257' title='bbox 377 2114 436 2145; x_wconf 80' lang='lat' dir='ltr'>del.</span> <span class='ocrx_word' id='word_1_258' title='bbox 466 2113 607 2153; x_wconf 84' lang='lat' dir='ltr'>Pylades</span> <span class='ocrx_word' id='word_1_259' title='bbox 694 2114 835 2152; x_wconf 84' lang='lat' dir='ltr'>gratiam</span> <span class='ocrx_word' id='word_1_260' title='bbox 862 2112 926 2143; x_wconf 83' lang='lat' dir='ltr'><em>cod.</em></span> <span class='ocrx_word' id='word_1_261' title='bbox 961 2113 1035 2153; x_wconf 76' lang='lat' dir='ltr'>(pro</span> <span class='ocrx_word' id='word_1_262' title='bbox 1062 2110 1158 2149; x_wconf 68' lang='lat' dir='ltr'>gr53)</span> <span class='ocrx_word' id='word_1_263' title='bbox 1294 2119 1353 2148; x_wconf 78' lang='grc'>551</span> <span class='ocrx_word' id='word_1_264' title='bbox 1381 2109 1409 2140; x_wconf 85' lang='lat' dir='ltr'>is</span> <span class='ocrx_word' id='word_1_265' title='bbox 1434 2108 1491 2140; x_wconf 83' lang='lat' dir='ltr'>del.</span> <span class='ocrx_word' id='word_1_266' title='bbox 1515 2109 1636 2149; x_wconf 77' lang='lat' dir='ltr'>Ussing</span> 
     </span>
     <span class='ocr_line' id='line_1_32' title="bbox 303 2152 1636 2199; baseline -0.005 -11"><span class='ocrx_word' id='word_1_267' title='bbox 303 2169 366 2199; x_wconf 83' lang='lat'>553</span> <span class='ocrx_word' id='word_1_268' title='bbox 390 2157 517 2188; x_wconf 87' lang='lat' dir='ltr'>solutas</span> <span class='ocrx_word' id='word_1_269' title='bbox 539 2157 604 2187; x_wconf 85' lang='lat' dir='ltr'>cod.</span> <span class='ocrx_word' id='word_1_270' title='bbox 740 2166 804 2196; x_wconf 84' lang='lat'>554</span> <span class='ocrx_word' id='word_1_271' title='bbox 828 2156 879 2186; x_wconf 63' lang='lat' dir='ltr'>at]</span> <span class='ocrx_word' id='word_1_272' title='bbox 902 2160 960 2186; x_wconf 88' lang='lat' dir='ltr'>aut</span> <span class='ocrx_word' id='word_1_273' title='bbox 981 2155 1011 2193; x_wconf 91' lang='lat' dir='ltr'><em>J</em></span> <span class='ocrx_word' id='word_1_274' title='bbox 1031 2154 1075 2195; x_wconf 78' lang='lat' dir='ltr'>(et</span> <span class='ocrx_word' id='word_1_275' title='bbox 1088 2154 1168 2193; x_wconf 82' lang='lat' dir='ltr'>fort.</span> <span class='ocrx_word' id='word_1_276' title='bbox 1192 2152 1258 2192; x_wconf 76' lang='lat' dir='ltr'>PE)</span> <span class='ocrx_word' id='word_1_277' title='bbox 1349 2157 1493 2183; x_wconf 77' lang='lat' dir='ltr'>aetatem</span> <span class='ocrx_word' id='word_1_278' title='bbox 1516 2153 1548 2183; x_wconf 82' lang='lat' dir='ltr'>in</span> <span class='ocrx_word' id='word_1_279' title='bbox 1564 2154 1636 2192; x_wconf 81' lang='lat' dir='ltr'>fine</span> 
     </span>
     <span class='ocr_line' id='line_1_33' title="bbox 303 2195 1634 2241; baseline -0.006 -7"><span class='ocrx_word' id='word_1_280' title='bbox 303 2212 416 2234; x_wconf 79' lang='lat' dir='ltr'>versus</span> <span class='ocrx_word' id='word_1_281' title='bbox 429 2202 462 2231; x_wconf 84' lang='lat' dir='ltr'>in</span> <span class='ocrx_word' id='word_1_282' title='bbox 480 2201 546 2232; x_wconf 88' lang='lat' dir='ltr'>cod.</span> <span class='ocrx_word' id='word_1_283' title='bbox 565 2200 612 2241; x_wconf 78' lang='lat' dir='ltr'>(ii.</span> <span class='ocrx_word' id='word_1_284' title='bbox 634 2200 690 2239; x_wconf 74' lang='lat'>4):</span> <span class='ocrx_word' id='word_1_285' title='bbox 716 2211 795 2231; x_wconf 81' lang='lat' dir='ltr'>corr.</span> <span class='ocrx_word' id='word_1_286' title='bbox 816 2199 956 2230; x_wconf 79' lang='lat' dir='ltr'>Redslob</span> <span class='ocrx_word' id='word_1_287' title='bbox 1089 2197 1181 2227; x_wconf 85' lang='lat' dir='ltr'>lubet</span> <span class='ocrx_word' id='word_1_288' title='bbox 1201 2196 1435 2227; x_wconf 78' lang='lat' dir='ltr'>Camerarius:</span> <span class='ocrx_word' id='word_1_289' title='bbox 1459 2197 1551 2226; x_wconf 86' lang='lat' dir='ltr'>uiuet</span> <span class='ocrx_word' id='word_1_290' title='bbox 1567 2195 1634 2227; x_wconf 87' lang='lat' dir='ltr'>cod.</span> 
     </span>
    </p>

    <p class='ocr_par' dir='ltr' id='par_1_9' title="bbox 276 2240 1635 2373">
     <span class='ocr_line' id='line_1_34' title="bbox 276 2240 1634 2287; baseline -0.006 -10"><span class='ocrx_word' id='word_1_291' title='bbox 276 2252 284 2261; x_wconf 57' lang='lat'>⁸</span> <span class='ocrx_word' id='word_1_292' title='bbox 305 2249 353 2287; x_wconf 88' lang='lat' dir='ltr'>(v.</span> <span class='ocrx_word' id='word_1_293' title='bbox 369 2256 420 2284; x_wconf 77' lang='lat'>12,</span> <span class='ocrx_word' id='word_1_294' title='bbox 432 2255 465 2284; x_wconf 89' lang='lat' dir='ltr'>p.</span> <span class='ocrx_word' id='word_1_295' title='bbox 478 2245 533 2284; x_wconf 81' lang='grc'>75)</span> <span class='ocrx_word' id='word_1_296' title='bbox 618 2246 681 2283; x_wconf 85' lang='grc'>563</span> <span class='ocrx_word' id='word_1_297' title='bbox 698 2244 806 2274; x_wconf 90' lang='lat' dir='ltr'>locata</span> <span class='ocrx_word' id='word_1_298' title='bbox 819 2243 990 2273; x_wconf 82' lang='lat' dir='ltr'>Fleckeisen</span> <span class='ocrx_word' id='word_1_299' title='bbox 1006 2253 1012 2272; x_wconf 88' lang='lat'>:</span> <span class='ocrx_word' id='word_1_300' title='bbox 1030 2246 1148 2271; x_wconf 88' lang='lat' dir='ltr'>uocata</span> <span class='ocrx_word' id='word_1_301' title='bbox 1159 2240 1224 2270; x_wconf 81' lang='lat' dir='ltr'>cod.</span> <span class='ocrx_word' id='word_1_302' title='bbox 1244 2241 1338 2279; x_wconf 62' lang='lat' dir='ltr'>&lt;Cepro</span> <span class='ocrx_word' id='word_1_303' title='bbox 1348 2244 1569 2270; x_wconf 82' lang='lat' dir='ltr'>uocata—res</span> <span class='ocrx_word' id='word_1_304' title='bbox 1582 2243 1634 2270; x_wconf 87' lang='lat' dir='ltr'>est</span> 
     </span>
     <span class='ocr_line' id='line_1_35' title="bbox 305 2283 1635 2330; baseline -0.006 -10"><span class='ocrx_word' id='word_1_305' title='bbox 305 2295 350 2328; x_wconf 88' lang='lat' dir='ltr'>ut,</span> <span class='ocrx_word' id='word_1_306' title='bbox 368 2288 438 2330; x_wconf 83' lang='lat' dir='ltr'><em>etc.)</em></span> <span class='ocrx_word' id='word_1_307' title='bbox 530 2289 592 2327; x_wconf 87' lang='lat'>564</span> <span class='ocrx_word' id='word_1_308' title='bbox 602 2289 684 2327; x_wconf 79' lang='lat' dir='ltr'>fort.</span> <span class='ocrx_word' id='word_1_309' title='bbox 704 2287 792 2327; x_wconf 75' lang='lat' dir='ltr'>apud</span> <span class='ocrx_word' id='word_1_310' title='bbox 810 2291 844 2317; x_wconf 86' lang='lat' dir='ltr'>te</span> <span class='ocrx_word' id='word_1_311' title='bbox 861 2296 942 2317; x_wconf 89' lang='lat' dir='ltr'>mer.</span> <span class='ocrx_word' id='word_1_312' title='bbox 1006 2300 1029 2310; x_wconf 63' lang='grc' dir='ltr'><em>ι</em></span> <span class='ocrx_word' id='word_1_313' title='bbox 1045 2286 1110 2323; x_wconf 88' lang='lat'>566</span> <span class='ocrx_word' id='word_1_314' title='bbox 1133 2283 1315 2323; x_wconf 76' lang='lat' dir='ltr'>uirginem]</span> <span class='ocrx_word' id='word_1_315' title='bbox 1335 2283 1507 2313; x_wconf 84' lang='lat' dir='ltr'>mulierem</span> <span class='ocrx_word' id='word_1_316' title='bbox 1522 2283 1635 2313; x_wconf 81' lang='lat' dir='ltr'>Festus</span> 
     </span>
     <span class='ocr_line' id='line_1_36' title="bbox 305 2325 1629 2373; baseline -0.005 -10"><span class='ocrx_word' id='word_1_317' title='bbox 305 2344 368 2373; x_wconf 83' lang='lat'>372</span> <span class='ocrx_word' id='word_1_318' title='bbox 467 2333 532 2371; x_wconf 87' lang='lat'>568</span> <span class='ocrx_word' id='word_1_319' title='bbox 556 2332 677 2370; x_wconf 89' lang='lat' dir='ltr'>uapula</span> <span class='ocrx_word' id='word_1_320' title='bbox 697 2341 778 2370; x_wconf 78' lang='lat' dir='ltr'>ergo</span> <span class='ocrx_word' id='word_1_321' title='bbox 795 2335 828 2361; x_wconf 85' lang='lat' dir='ltr'>te</span> <span class='ocrx_word' id='word_1_322' title='bbox 845 2329 910 2361; x_wconf 87' lang='lat' dir='ltr'>cod.</span> <span class='ocrx_word' id='word_1_323' title='bbox 930 2328 1019 2360; x_wconf 80' lang='lat' dir='ltr'>Festi</span> <span class='ocrx_word' id='word_1_324' title='bbox 1032 2337 1095 2367; x_wconf 87' lang='grc'>375</span> <span class='ocrx_word' id='word_1_325' title='bbox 1151 2327 1249 2357; x_wconf 91' lang='lat' dir='ltr'>iubeo</span> <span class='ocrx_word' id='word_1_326' title='bbox 1265 2326 1401 2357; x_wconf 82' lang='lat' dir='ltr'>Festus:</span> <span class='ocrx_word' id='word_1_327' title='bbox 1426 2327 1546 2357; x_wconf 91' lang='lat' dir='ltr'>iubebo</span> <span class='ocrx_word' id='word_1_328' title='bbox 1563 2325 1629 2356; x_wconf 85' lang='lat' dir='ltr'>cod-</span> 
     </span>
    </p>
   </div>
  </div>
 </body>
</html>
