1742 2718
663 69 981 109 MERCATOR
1408 70 1484 107 ΙΙΙ.
1506 70 1536 106 ii

159 184 356 225 certumst,
379 176 541 227 antiqua
560 178 730 215 recolam
752 185 790 216 et
810 177 967 216 seruibo
987 177 1094 216 mihi.

159 242 278 279 breue
300 241 375 279 iam
397 241 584 280 relicuom
605 241 709 280 uitae
730 242 960 292 spatiumst:
990 242 1086 293 quin
1107 256 1180 293 ego

159 307 373 356 uoluptate,
396 305 490 344 uino
510 313 548 344 et
568 320 702 345 amore
722 308 982 346 delectauero.

159 384 251 408 nam
273 372 374 408 hanc
395 384 435 409 se
455 371 558 409 bene
579 371 723 409 habere
743 380 911 410 aetatem
934 372 1094 411 nimiost
1112 371 1287 423 aequius.

74 445 142 482 550
158 436 391 473 adulescens
412 449 533 485 quom
554 435 620 484 sis,
640 443 723 474 tum
745 450 866 487 quom
887 445 946 476 est
966 438 1123 488 sanguis
1144 438 1306 488 integer,

159 499 212 538 rei
234 508 323 538 tuae
344 502 596 550 quaerundae
617 501 805 540 conuenit
826 515 986 553 operam
1007 504 1100 541 dare
1116 518 1125 550 ;

158 567 320 603 demum
342 565 456 615 igitur
476 579 596 615 quom
619 566 670 604 sis
692 566 769 604 iam
791 580 919 614 senex,
943 575 1026 605 tum
1048 567 1087 605 in
1110 567 1235 605 otium

158 638 196 669 te
215 632 411 679 conloces,
433 632 530 669 dum
549 638 680 681 potest
701 645 832 670 ames:
862 632 903 670 id
924 632 1001 670 iam
1022 634 1212 670 lucrumst

157 697 267 746 quod
287 695 398 734 uiuis.
458 697 534 734 hoc
555 704 598 734 ut
618 695 744 743 deico‚
767 697 901 735 facteis
922 710 1143 747 persequar.

74 774 136 810 555
157 775 264 799 nunc
284 768 416 799 tamen
436 760 585 815 interea
604 763 655 799 ad
678 762 769 800 med
791 763 869 800 huc
889 762 1057 800 inuisam
1078 763 1268 801 domum:

158 839 256 864 uxor
275 839 338 864 me
359 833 558 876 exspectat
579 825 656 864 iam
678 828 831 865 dudum
852 826 1047 866 essuriens
1068 827 1177 866 domi
1191 842 1202 875 3

157 889 234 928 iam
255 890 378 941 iurgio
398 890 580 938 enicabit,
604 891 636 930 si
657 891 759 930 intro
779 892 941 931 redier0.

157 969 294 993 uerum
315 957 445 994 hercle
465 964 677 1006 postremo,
700 964 787 995 utut
807 965 875 1004 est,
900 971 980 996 non
1001 958 1069 997 ibo
1089 966 1231 1005 tamen,

157 1021 227 1059 sed
248 1021 354 1059 hunc
374 1020 550 1060 uicinum
571 1022 669 1074 priu'
691 1022 927 1061 conueniam
949 1037 1067 1073 quam
1089 1024 1254 1062 domum

72 1089 139 1133 560
157 1086 315 1123 redeam
332 1101 341 1133 5
370 1093 412 1123 ut
433 1086 529 1124 mihi
548 1086 658 1125 aedis
678 1087 828 1138 aliquas
850 1089 1048 1126 conducat
1068 1090 1162 1126 uolo

158 1150 225 1188 ubi
246 1150 396 1190 habitet
417 1150 536 1190 istaec
558 1152 706 1190 mulier.
765 1160 884 1202 atque
904 1166 1042 1191 eccum
1064 1152 1092 1190 it
1112 1154 1214 1191 foras

444 1307 811 1345 LYSIMACHVS
923 1308 1195 1346 DEMIPHO

159 1405 228 1442 Lv.
259 1405 469 1444 Adducam
490 1418 563 1455 ego
584 1405 692 1443 illum
713 1404 791 1443 iam
810 1406 861 1443 ad
882 1412 931 1452 te,
954 1405 985 1443 si
1005 1418 1240 1444 conuenero.

160 1470 234 1507 DE.
268 1483 331 1507 me
360 1469 466 1508 dicit.
532 1472 601 1508 Lv.
634 1470 730 1520 quid
760 1469 827 1517 ais,
862 1470 1093 1520 Demipho?
1155 1472 1231 1508 DE.
1264 1478 1322 1508 est
1352 1470 1491 1509 mulier

1306 1526 1315 1529 ”
1351 1536 1490 1574 domi?

160 1600 229 1637 Lv.
265 1600 362 1650 quid
396 1601 563 1639 censes?
634 1602 712 1639 DE.
747 1600 844 1651 quid
878 1599 910 1639 si
943 1600 1099 1639 uisam?
1168 1602 1239 1639 Lv.
1276 1601 1372 1651 quid
1406 1615 1490 1651 pro-

1157 1668 1298 1716 peras?
1325 1665 1491 1719 (mane.)

73 1730 137 1775 565
161 1731 236 1768 DE.
269 1730 366 1780 quid
385 1730 557 1769 faciam?
614 1732 684 1769 Lv.
717 1732 826 1781 quod
847 1738 964 1781 opust
984 1732 1089 1769 facto
1110 1730 1228 1769 facito
1247 1739 1290 1769 ut
1310 1731 1468 1781 cogites.

162 1796 237 1833 DE.
261 1795 357 1844 quid
373 1795 541 1845 cogitem
556 1797 573 1834 Ρ
601 1795 787 1846 equidem
804 1798 935 1834 hercle
951 1809 1050 1846 opus
1067 1798 1143 1835 hoc
1159 1797 1263 1835 facto
1281 1796 1485 1845 existumo,
1507 1811 1525 1841 5

159 1867 201 1897 ut
222 1859 288 1897 illo
309 1861 411 1898 intro
431 1874 528 1899 eam.
590 1862 659 1898 Lv.
693 1860 798 1899 itane
818 1874 923 1908 uero,
947 1862 1122 1899 ueruex?
1151 1861 1253 1899 intro
1273 1875 1337 1899 eas
1350 1864 1367 1899 ?

161 1926 236 1962 DE.
277 1924 374 1974 quid
406 1925 513 1963 aliud
544 1925 714 1963 faciam?
797 1927 867 1963 Lv.
909 1925 1014 1975 prius
1046 1927 1122 1964 hoc
1160 1927 1338 1964 ausculta
1370 1935 1490 1977 atque

1369 1994 1464 2031 ades
1480 2008 1488 2032 :

201 2105 263 2134 547
290 2094 441 2126 Decurso
467 2095 611 2134 inspatio
638 2097 712 2135 (pro
736 2095 867 2134 spatio;
899 2105 928 2125 v.
948 2105 980 2133 9,
997 2094 1032 2133 8)
1061 2094 1163 2125 breue
1188 2097 1278 2134 quod
1302 2096 1391 2127 uitae
1415 2097 1489 2127 reli-

157 2143 287 2169 cuomst
303 2138 336 2168 P
444 2148 520 2179 550,
539 2147 602 2177 552
626 2138 694 2168 seis
710 2138 742 2168 A
850 2147 914 2177 552
938 2138 985 2168 sis
1008 2138 1089 2179 iam]
1116 2139 1144 2169 si
1165 2139 1228 2170 sim
1245 2139 1278 2169 P
1365 2144 1442 2170 tunc
1458 2140 1491 2170 Ρ

157 2191 221 2221 553
244 2186 344 2222 potes
363 2182 396 2212 A
486 2192 568 2213 aues
583 2181 617 2211 P
702 2181 827 2214 lucrost
843 2181 878 2211 P
1005 2191 1070 2221 554
1094 2182 1200 2224 uiuis]
1220 2183 1275 2213 uni
1293 2184 1345 2214 uis
1361 2182 1396 2213 P
1411 2186 1489 2224 (pro

158 2226 269 2256 uuiuis
285 2236 292 2263 ;
316 2236 347 2257 ν.
367 2225 419 2265 10)
532 2234 595 2265 555
618 2226 652 2255 in
669 2224 977 2265 Psequiturversus
992 2225 1121 2256 interea
1137 2231 1250 2256 tamen
1265 2228 1328 2257 huc
1341 2227 1429 2256 intro
1444 2228 1486 2258 ad

158 2279 212 2299 me
228 2269 370 2299 inuisam
383 2269 527 2309 domum,
547 2269 606 2308 qui
620 2269 833 2299 relractaton‘s
847 2279 912 2299 esse
926 2269 1055 2299 videtur
1177 2271 1306 2308 556—89
1331 2270 1489 2309 m'lzilsere

156 2312 276 2352 legitur
287 2312 320 2342 A
455 2314 519 2351 563
543 2313 625 2343 dicis
641 2311 673 2341 Β
759 2312 832 2351 agis
847 2312 987 2343 Skutsch
1001 2312 1133 2353 (Herm.
1152 2322 1204 2351 32,
1223 2315 1280 2351 92)
1423 2314 1486 2352 564

157 2365 256 2385 mane
272 2354 346 2387 add.
366 2354 508 2394 Pylades
