1742 2718
690 91 1006 131 MERCATOR
1466 90 1512 125 V.
1534 88 1562 123 ii

101 215 166 259 885
189 223 237 247 ne
258 223 370 260 paue,
393 207 593 247 restituam
614 208 692 244 iam
713 219 786 255 ego
807 213 844 243 te
865 203 903 243 in
924 203 1071 255 gaudio
1090 202 1255 252 antiquo
1276 210 1315 240 ut
1339 202 1423 240 sies.
1539 216 1578 247 45

188 287 370 311 maxume
390 273 498 323 quod
520 271 580 310 uis
599 270 746 317 audire,
769 270 809 307 id
829 269 977 315 audies,
1001 269 1109 318 quod
1130 269 1313 318 gaudeas.

188 346 247 376 sta
267 338 370 384 iiico,
389 335 518 388 (nam)
531 335 682 374 amicus
702 332 867 387 (amico)
883 332 1057 372 aduenio
1074 334 1241 370 multum
1262 332 1518 369 beneuolcns.

189 412 295 442 tuam
315 403 617 441 amicam—CH.
642 399 738 451 quid
757 399 875 437 eam?
933 400 1004 436 Ev.
1027 397 1095 436 ubi
1117 397 1165 435 sit
1196 411 1268 447 ego
1297 396 1388 433 scio.
1441 397 1518 434 CH.

1197 469 1302 507 tune,
1327 461 1521 510 opsecro?

191 535 262 571 Εν.
294 546 427 570 sanam
459 538 498 570 et
533 532 692 569 saluam.
759 531 835 568 CH.
868 527 934 566 ubi
971 541 1057 566 eam
1093 528 1272 564 saluam?
1345 527 1415 562 Ev.
1448 538 1521 574 ego

878 593 970 631 scio.
1033 594 1109 631 CH.
1142 605 1215 641 ego
1237 604 1300 628 me
1322 588 1517 627 mauelim.

103 666 171 709 890
191 665 262 701 Ev.
295 662 404 713 potin
428 669 468 699 ut
489 662 623 700 animo
643 660 694 699 sis
715 659 956 710 tranquillo?
1013 659 1090 697 CH.
1123 656 1219 706 quid
1240 655 1270 693 si
1293 655 1344 692 mi
1365 654 1519 692 animus
1539 663 1582 695 50

1329 721 1492 758 fluctuat
1505 721 1521 757 ?

191 796 261 831 Ev.
295 806 368 842 ego
388 791 505 830 istum
527 790 808 840 intranquillo,
833 788 979 839 quieto,
1002 795 1088 826 tuto
1109 786 1243 825 sistam
1261 801 1267 823 :
1298 799 1348 823 ne
1369 784 1473 823 time.

190 860 267 897 CH.
300 871 465 907 opsecro
485 864 534 902 te,
557 857 718 905 loquere
737 852 939 906 (propere)
958 852 1025 890 ubi
1047 852 1107 899 sit,
1130 851 1198 890 ubi
1219 865 1306 890 eam
1327 850 1483 889 uideris.

188 922 285 972 quid
306 923 440 960 taces?
469 921 567 959 dice.
623 919 754 958 enicas
776 932 839 956 me
860 918 1046 956 miserum
1068 924 1136 955 tua
1155 915 1368 954 reticentia.

190 989 262 1025 Ev.
295 1000 375 1025 non
396 987 512 1036 longe
539 985 631 1023 hinc
655 985 766 1023 abest
791 997 816 1022 a
843 982 969 1022 nobis.
1031 984 1108 1022 CH.
1141 981 1236 1031 quin
1266 979 1389 1033 [ergo]
1418 994 1522 1018 com-

1106 1054 1283 1094 mostras,
1304 1045 1359 1084 sei
1381 1045 1522 1084 uides?

106 1122 170 1166 895
193 1120 265 1157 Ev.
297 1131 377 1156 non
404 1116 524 1156 uideo
550 1117 680 1154 hercle
709 1129 826 1162 nunc,
848 1115 919 1153 sed
946 1113 1027 1152 uidi
1058 1114 1189 1151 modo.
1250 1113 1327 1151 CH.
1360 1111 1427 1161 qui
1448 1113 1521 1161 e'go
1540 1124 1581 1158 55

1220 1176 1378 1215 uideam
1399 1176 1523 1215 facis?

194 1250 266 1287 Ev.
285 1247 437 1286 faciam.
489 1248 566 1287 CH.
585 1248 747 1296 longum
764 1245 864 1284 istuc
879 1243 1074 1283 amantist.
1127 1245 1198 1281 Ev.
1218 1242 1335 1281 etiam
1352 1241 1524 1280 metuis?

1390 1306 1524 1345 omnia

193 1378 497 1418 commostrabo.
556 1376 720 1415 amicior
740 1374 837 1414 mihi
857 1376 988 1413 nullus
1009 1373 1107 1412 uiuit
1127 1380 1246 1423 atque
1266 1372 1298 1411 is
1318 1379 1377 1411 est

193 1444 261 1495 qui
299 1444 405 1482 illam
443 1443 563 1482 habet
601 1455 732 1492 neque
770 1448 829 1479 est
862 1439 957 1491 quoi
995 1438 1109 1489 magi'
1148 1452 1211 1476 me
1250 1437 1389 1476 melius
1423 1438 1525 1476 uelle

1246 1515 1417 1552 aequom
1439 1501 1522 1541 siet.

195 1575 274 1615 CH.
305 1587 385 1612 non
406 1586 501 1612 curo
527 1572 667 1618 istunc,
690 1572 742 1611 de
762 1570 827 1609 illa
852 1582 1010 1621 quaero.
1070 1569 1142 1606 Ev.
1175 1568 1226 1607 de
1252 1567 1317 1606 illa
1341 1581 1432 1617 ergo
1451 1581 1526 1618 ego

1329 1631 1420 1671 dico
1441 1631 1522 1670 tibi.

239 1745 303 1782 885
339 1742 460 1782 gaudio
489 1741 628 1781 antiquo
658 1740 792 1771 Luchs:
825 1738 1068 1779 gaudiantique
1097 1737 1161 1769 cod.
1320 1736 1386 1766 886
1408 1736 1527 1767 audies

198 1787 422 1819 Camerarius:
442 1786 540 1816 audis
553 1784 618 1815 md.
708 1785 772 1823 887
797 1793 874 1814 nam
891 1781 967 1813 add.
982 1781 1109 1812 Rz'lsclzl
1194 1779 1301 1810 amico
1318 1779 1447 1819 adam)
1460 1778 1527 1810 Leo

739 1836 757 1852 n

198 1866 285 1895 bene
302 1862 397 1894 uoles
414 1861 478 1894 cod.
603 1862 668 1892 888
691 1866 783 1892 turne
801 1859 866 1890 cod.
886 1863 922 1889 ut
936 1858 1000 1890 vid.
1021 1857 1124 1899 (unde
1138 1862 1229 1888 tume
1248 1855 1417 1898 [atumne]
1434 1855 1525 1896 PCD)

198 1909 257 1949 (iv.
277 1908 309 1947 1)
407 1907 472 1946 889
497 1905 596 1949 [quo]
624 1915 688 1945 ego
703 1904 737 1934 B
749 1904 806 1944 (iv.
826 1904 862 1944 3)
955 1903 1022 1941 890
1045 1899 1258 1940 tranquillam
1275 1899 1339 1930 cod.
1357 1900 1454 1942 (corr.
1464 1899 1525 1939 32)

196 1952 226 1982 si
252 1950 297 1981 mi
316 1949 447 1981 animus
467 1949 653 1980 Buecheler:
678 1949 746 1979 sint
771 1947 919 1977 antimus
935 1946 1081 1986 (animus
1105 1943 1168 1984 D2)
1195 1943 1278 1975 cod.:
1301 1944 1364 1974 sist
1384 1954 1413 1974 a.
1435 1945 1525 1983 (cum

197 1995 373 2029 fluctuans)
401 1992 538 2034 Seyffert
641 1993 802 2023 fluctuant
828 1990 894 2021 cod.
924 1989 999 2030 (vix
1017 1994 1079 2030 pro
1104 1989 1296 2025 fluctuanst)
1404 1988 1465 2025 891
1490 1987 1526 2017 in

197 2038 408 2077 transquieto
421 2041 493 2068 tuto
504 2037 620 2068 sistam
632 2035 700 2067 cod.
715 2047 722 2066 ε
748 2044 826 2066 corr.
837 2033 973 2074 Seyffert
1058 2032 1121 2072 892
1145 2041 1292 2071 propere
1308 2029 1386 2061 add.
1403 2029 1529 2060 Ritschl

197 2082 261 2120 893
286 2080 462 2112 reticentia
472 2079 602 2111 Merula
618 2091 625 2110 z
649 2079 800 2110 recentia
816 2076 885 2108 cod.
900 2078 944 2117 (v.
960 2075 995 2116 8)
1101 2076 1165 2114 894
1190 2085 1209 2105 a
1225 2074 1323 2105 nobis
1339 2073 1395 2104 del.
1412 2073 1526 2104 Came-

197 2125 308 2155 rarius
380 2134 462 2163 ergo
473 2123 531 2155 del.
543 2123 677 2155 Guz'etus
750 2121 779 2152 si
796 2121 839 2151 ui.
858 2120 994 2151 Gur'etus
1008 2119 1050 2159 (si
1066 2123 1100 2150 tu
1111 2120 1158 2149 ui.
1170 2118 1262 2158 Ital„
1277 2116 1500 2154 Camerarius)
1519 2127 1526 2146 ε

196 2172 250 2199 set
287 2166 357 2209 [ut]
392 2167 436 2198 ui.
470 2166 533 2198 cod.
569 2166 630 2206 (iv.
663 2165 698 2205 3)
845 2165 909 2203 895
943 2163 1004 2195 sed
1031 2163 1102 2193 uidi
1127 2162 1202 2194 Ital.
1221 2173 1228 2192 :
1261 2162 1304 2192 sit
1327 2161 1431 2192 uidim
1458 2159 1525 2190 cod.

197 2211 256 2252 qui
266 2210 390 2252 scripsi:
410 2221 511 2250 quem
522 2209 588 2241 cod.
602 2210 637 2250 (i.
649 2214 703 2249 9):
729 2207 810 2248 quin
823 2206 897 2238 Ital.
989 2206 1088 2237 uidea
1103 2205 1168 2236 cod.
1261 2206 1328 2244 896
1351 2203 1527 2234 faciamlon

1434 2255 1450 2271 Ε

197 2298 274 2320 cum
294 2287 403 2319 istunc
425 2286 516 2319 cod.:
539 2297 619 2317 corr.
639 2285 766 2317 Pareus
868 2284 1004 2324 metuis]
1026 2283 1174 2314 emutuis
1197 2281 1271 2312 PCD
1297 2281 1372 2322 (pro
1389 2285 1474 2311 mut·
1484 2279 1524 2320 2),

198 2330 285 2362 unde
299 2331 416 2362 muttis
432 2329 648 2362 Studemund
731 2330 794 2369 897
819 2327 1107 2360 commonstrabor
1122 2325 1186 2357 cod.
1279 2325 1344 2364 898
1368 2324 1417 2355 vel
1430 2333 1526 2363 mage

197 2385 251 2406 me
263 2374 352 2406 uelle
366 2374 452 2417 [me]
469 2374 590 2406 melius
605 2372 670 2405 cod.
688 2384 696 2403 ε
718 2383 797 2405 corr.
819 2371 952 2403 Guietus
1050 2370 1139 2401 sient
1155 2369 1219 2400 cod.
1325 2369 1390 2408 899
1413 2377 1526 2399 curam

198 2419 241 2450 de
258 2418 343 2450 istuc
360 2418 427 2449 ulla
443 2417 526 2450 cod.:
549 2427 626 2450 corr.
646 2416 773 2448 Ritschl
