1742 2718
663 66 952 105 CVRCVLIO
1421 67 1465 104 V.
1487 67 1532 104 iii

58 184 121 219 705
144 175 222 212 TH.
254 175 415 223 quodne
453 173 660 224 promisti?
735 175 806 215 CA.
844 175 911 225 qui
950 174 1140 225 promisi?
1215 177 1288 213 PH.
1327 175 1467 224 lingua.

960 240 1031 279 CA.
1068 240 1207 277 eadem
1229 253 1335 277 nunc
1355 253 1468 290 nego.

143 303 311 350 dicendi,
336 317 415 342 non
437 317 518 342 rem
539 303 730 354 perdendi
751 304 872 354 gratia
893 305 989 342 haec
1011 311 1102 342 nata
1123 311 1180 342 est
1201 304 1307 342 mihi.

145 370 217 406 PH.
242 368 339 406 nihil
354 368 442 418 agit,
458 370 603 407 collum
620 368 818 419 opstringe
834 368 996 408 homini.
1048 369 1119 408 CA.
1143 368 1221 406 iam
1238 368 1314 406 iam
1331 368 1471 407 faciam

1240 441 1283 471 ut
1303 433 1468 472 iusseris.

144 500 178 535 T
182 510 221 536 H.
254 500 415 548 quando
436 499 495 537 uir
520 499 648 538 bonus
675 513 727 546 es,
752 501 947 549 responde
974 500 1083 549 quod
1111 512 1215 549 rogo.
1275 500 1347 538 CA.
1380 513 1471 548 roga
1492 513 1534 543 30

1221 565 1329 614 quod
1350 564 1469 602 lubet.

143 630 176 665 T
182 640 219 666 H.
252 629 468 678 proxnisffln,
492 629 522 667 si
544 629 692 667 liberali
714 630 922 680 quisquam
944 631 1045 668 hanc
1065 631 1260 668 adsereret
1281 643 1411 676 manu,

57 706 125 739 710
143 701 180 731 te
197 706 314 732 omne
330 702 534 744 argentum
550 695 825 733 redditurum?
866 696 937 734 CA.
962 708 1041 732 non
1058 695 1313 732 commemini
1329 695 1469 733 dicere.

143 759 221 795 TH.
245 758 370 807 quid?
399 761 547 809 negas?
605 761 676 798 CA.
701 773 802 809 nego
823 761 952 797 hercle
974 772 1079 797 uero.
1139 773 1219 809 quo
1240 762 1473 809 praesente?

572 822 575 825 ’
1195 825 1274 874 quo
1295 824 1335 862 in
1356 826 1474 863 loco?

142 889 221 926 TH.
245 902 308 927 me
329 888 414 939 ipso
436 897 641 938 praesente
662 897 700 928 et
717 891 878 939 Lycone
898 889 1092 940 tarpezita.
1145 890 1217 929 CA.
1242 903 1323 928 non
1339 892 1474 928 taces?

142 954 220 990 TH.
244 967 324 992 non
345 962 468 992 taceo.
519 956 591 994 CA.
616 969 697 993 non
719 969 792 1005 ego
807 963 846 993 te
866 954 980 993 flocci
999 954 1125 1003 facio;
1156 968 1206 993 ne
1227 968 1291 993 me
1312 955 1472 993 territes.
1497 967 1535 999 35

143 1019 221 1055 TH.
254 1031 317 1056 me
351 1018 436 1068 ipso
470 1028 675 1069 praesente
708 1027 746 1058 et
776 1021 937 1069 Lycone
969 1021 1116 1058 factum
1151 1027 1218 1058 est.
1284 1021 1358 1057 ΡΗ.
1392 1020 1474 1057 sati'

1250 1086 1369 1123 credo
1389 1085 1470 1123 tibi.

56 1157 122 1193 715
144 1160 249 1185 nunc
269 1149 381 1195 adeo,
405 1156 447 1186 ut
467 1156 509 1186 tu
530 1148 627 1187 scire
647 1149 786 1198 possis,
808 1151 909 1196 leno,
932 1163 1062 1187 meam
1083 1149 1319 1187 sententiam
1336 1166 1343 1188 :

141 1213 262 1251 libera
282 1214 380 1251 haec
401 1221 469 1260 est,
493 1214 556 1252 hic
577 1214 694 1252 huius
713 1216 829 1253 frater
848 1223 916 1261 est,
940 1216 1038 1253 haec
1057 1223 1191 1253 autem
1211 1214 1313 1253 illius
1334 1228 1453 1263 soror,

141 1279 238 1317 haec
265 1278 361 1316 mihi
388 1280 534 1318 nubet:
565 1287 606 1318 tu
637 1279 728 1318 huic
754 1288 959 1330 argentum
986 1281 1118 1319 redde.
1180 1281 1256 1319 hoc
1284 1280 1473 1319 iudicium

1248 1359 1380 1384 meum
1402 1354 1471 1384 est.

144 1410 223 1447 TH.
242 1417 283 1447 tu
296 1417 428 1448 autem
441 1410 481 1448 in
497 1424 620 1449 neruo
637 1411 714 1449 iam
730 1411 886 1458 iacebis,
903 1410 977 1449 nisi
994 1411 1047 1449 mi
1063 1418 1267 1461 argentum
1283 1411 1469 1450 redditur.
1492 1422 1533 1452 40

145 1474 216 1513 CA.
249 1475 379 1513 hercle
399 1475 512 1513 istam
534 1489 615 1513 rem
636 1475 816 1514 iudicasti
836 1476 1057 1526 perfidiose,
1082 1478 1340 1525 Phaedrome.

57 1554 126 1588 720
144 1547 182 1578 et
202 1540 273 1578 tibi
293 1541 419 1579 oberit
440 1550 477 1579 et
498 1550 546 1588 te,
570 1542 692 1590 miles,
714 1543 756 1582 di
776 1544 954 1593 deaeque
974 1542 1170 1593 perduint.

143 1612 184 1643 tu
215 1619 278 1644 me
308 1620 481 1656 sequere.
540 1609 619 1646 ΤΗ.
652 1622 732 1658 quo
762 1622 902 1658 sequar
931 1610 999 1646 te?
1057 1608 1129 1647 CA.
1167 1608 1218 1646 ad
1247 1606 1472 1658 tarpezitam

1339 1686 1472 1710 meum

142 1737 192 1773 ad
212 1743 442 1785 praetorem.
504 1751 596 1775 narn
617 1738 710 1776 inde
730 1752 812 1777 rem
833 1740 946 1777 soluo
967 1737 1152 1776 omnibus
1174 1737 1309 1787 quibu’
1330 1737 1469 1776 debeo.

142 1801 220 1838 TH.
254 1815 325 1851 ego
346 1809 384 1840 te
404 1802 444 1839 in
471 1816 645 1850 neruom,
670 1804 777 1841 haud
803 1804 854 1841 ad
880 1811 1100 1853 praetorem
1127 1802 1220 1840 hinc
1250 1802 1409 1852 rapiam,
1432 1802 1472 1839 ni
1493 1812 1532 1843 45

1116 1875 1320 1918 argentum
1341 1869 1468 1905 refers.

144 1932 217 1970 CA.
248 1945 321 1982 ego
341 1940 379 1970 te
399 1935 654 1973 uehementer
673 1934 798 1984 perire
818 1934 947 1985 cupio,
969 1948 1019 1973 ne
1040 1942 1082 1972 tu
1103 1932 1200 1987 [me]
1222 1933 1383 1972 nescias.

58 2010 123 2047 725
144 1998 223 2035 ΤΗ.
256 1996 361 2036 itane
385 2001 508 2037 uero?
565 2001 636 2040 CA.
669 2000 722 2038 ita
748 2001 879 2038 hercle
902 2013 1006 2038 uero.
1066 2001 1145 2037 TH.
1177 1998 1272 2037 noui
1300 2012 1372 2048 ego
1399 2002 1471 2037 hos

1174 2077 1327 2115 pugnos
1348 2077 1469 2102 meOS.

188 2169 252 2206 706
275 2167 359 2198 haee
375 2167 410 2198 in
427 2178 533 2209 marg.
555 2168 618 2200 cod.
641 2168 732 2208 (ante
746 2169 854 2208 gratia
870 2168 934 2208 PE,
949 2179 1013 2199 om.
1032 2168 1078 2208 Β)
1192 2169 1256 2207 708
1278 2168 1361 2208 quid
1377 2167 1471 2198 iubet

144 2211 199 2241 PE
220 2212 298 2251 (pro
314 2212 377 2252 1u·)
511 2213 574 2251 716
587 2213 669 2251 fort.
689 2213 804 2243 huiust
820 2212 859 2243 fr.
950 2212 1053 2242 libera
1069 2212 1165 2251 haec,
1184 2212 1238 2243 hic
1255 2212 1354 2243 huius
1370 2212 1471 2242 frater

145 2259 205 2293 est,
233 2254 316 2284 haec
343 2259 452 2286 autem
477 2256 576 2286 huius
601 2261 652 2286 est
674 2266 770 2286 soror
783 2256 825 2297 (¹3)
841 2254 909 2285 Leo
1041 2265 1104 2295 723
1127 2266 1233 2286 neruo
1250 2255 1314 2287 cod.
1407 2266 1469 2295 724

144 2309 197 2329 me
214 2298 271 2328 del.
295 2297 429 2328 Guietus
447 2300 504 2340 (iv.
524 2301 558 2340 3)
