1742 2718
693 34 1068 73 CISTELLARIA
1507 32 1536 71 1.
1556 33 1572 71 i

321 160 439 186 nemo
458 146 608 185 alienus
630 145 693 184 hic
714 153 781 184 est.
842 146 931 184 SEL.
965 145 1104 184 merito
1125 152 1258 184 uostro
1278 158 1369 184 amo
1390 159 1472 192 UOS‚
1564 166 1603 187 20

213 211 305 263 quia
343 226 406 250 me
437 211 574 258 colitis,
605 208 676 263 [et]
708 209 839 260 magni
873 209 1008 248 facitis.
1082 211 1152 248 LE.
1189 211 1304 249 decet
1342 211 1419 260 pol,
1456 223 1543 248 mea

1329 273 1540 322 Selenium,

319 343 425 380 hunc
445 355 531 380 esse
551 341 730 380 ordinem
752 340 1017 379 beniuolentis
1038 339 1137 378 inter
1157 353 1199 378 se

427 407 608 456 beneque
628 406 800 444 amicitia
820 406 929 454 utier‚

148 484 189 520 25
212 471 279 509 ubi
301 471 391 509 istas
413 471 547 510 uideas
569 485 725 509 summo
745 471 887 521 genere
907 478 1053 521 gnatas,
1077 470 1282 509 summatis
1304 477 1515 517 matronas,

212 544 252 574 ut
283 536 494 574 amicitiam
530 538 665 575 colunt
698 544 817 586 atque
849 544 890 574 ut
925 550 1011 575 eam
1044 536 1217 575 iunctam
1253 536 1354 574 bene
1393 536 1539 573 habent
1561 552 1600 583 25

1367 601 1465 638 inter
1486 614 1536 639 se.

264 666 294 704 si
327 667 431 706 idem
454 667 553 705 istuc
574 681 646 706 nos
667 667 866 715 faciamus,
890 666 920 705 si
943 665 1084 720 [idem]
1106 667 1313 713 imitemur,
1336 666 1389 704 ita
1409 674 1538 704 tamen

1285 745 1349 769 uix
1370 744 1541 769 u1u1mus

263 810 354 834 cum
376 796 525 835 inuidia
545 808 709 835 summa.
761 811 918 836 suarum
940 810 1062 847 opum
1085 810 1157 835 nos
1179 797 1318 834 uolunt
1339 809 1424 834 esse
1445 795 1542 833 indi-

1402 860 1539 910 gentis.

77 938 130 973 29,
146 940 192 974 30
372 934 504 966 nostra
524 927 639 978 copia
660 927 713 966 nil
734 929 874 966 uolunt
895 941 967 965 nos
988 935 1145 977 potesse

370 992 510 1042 suique
530 993 709 1032 omniurn
730 1006 859 1031 rerum
879 1006 952 1030 nos
974 992 1159 1041 indigere,

422 1066 466 1097 ut
485 1058 559 1096 sibi
579 1058 701 1097 simus
721 1058 928 1109 supplices.
1559 1073 1599 1104 30

261 1136 328 1162 eas
347 1122 379 1161 si
399 1124 529 1172 adeas,
551 1123 702 1162 abitum
724 1137 843 1173 quarn
863 1123 1015 1162 aditum
1037 1123 1163 1170 malis,
1183 1121 1236 1160 ita
1256 1129 1390 1160 nostro
1409 1121 1537 1160 ordini

369 1189 499 1238 palam
520 1188 788 1235 blandiuntur,
812 1189 925 1235 clam,
949 1188 980 1226 si
1000 1187 1157 1226 occasio
1177 1200 1345 1237 usquam
1367 1194 1436 1234 est,

146 1269 187 1306 35
423 1267 567 1304 aquam
588 1254 767 1303 frigidam
788 1255 956 1292 subdole
977 1254 1220 1292 suffundunt.

368 1319 462 1357 uiris
482 1332 573 1357 cum
593 1319 671 1357 suis
693 1318 921 1369 praedicant
942 1332 1014 1357 nos
1035 1320 1170 1366 solere,

367 1398 456 1422 suas
476 1383 646 1434 paelices
667 1397 752 1422 esse
772 1384 892 1430 aiunt,
917 1391 1011 1422 eunt
1031 1385 1273 1434 depressum.
1556 1396 1598 1428 35

259 1448 351 1498 quia
371 1462 444 1487 nos
465 1448 669 1487 libertinae
691 1462 838 1496 sumus,
861 1456 899 1487 et
919 1462 992 1499 ego
1013 1456 1051 1487 et
1072 1456 1138 1487 tua
1159 1457 1291 1496 mater,
1314 1449 1456 1488 ambae

260 1513 482 1551 meretrices
503 1513 647 1552 fuimus
665 1529 671 1551 :
703 1514 767 1552 illa
786 1513 836 1561 te,
859 1527 932 1563 ego
953 1515 1056 1552 hanc
1077 1514 1173 1552 mihi
1194 1514 1363 1553 educaui

142 1596 189 1629 40
259 1592 306 1617 ex
326 1577 501 1628 patribus
522 1578 792 1617 conuenticiis.
852 1592 982 1628 neque
1003 1591 1076 1628 ego
1097 1580 1199 1617 hanc
1220 1579 1417 1629 superbiai

259 1643 535 1693 caussapepuli
548 1644 599 1682 ad
614 1643 875 1682 meretricium
891 1651 1110 1694 quaestum,
1121 1643 1195 1682 nisi
1203 1651 1245 1682 ut
1259 1657 1309 1682 ne
1316 1643 1531 1683 e‘ssurirem.

258 1709 348 1748 SEL.
363 1716 402 1746 at
415 1708 535 1747 satius
542 1710 667 1747 fuerat
680 1722 767 1747 eam
782 1709 866 1747 uiro
880 1710 974 1747 dare
987 1716 1156 1759 nuptum
1170 1709 1311 1759 potius.
1346 1711 1416 1747 LE.
1427 1709 1533 1748 heia!
1553 1724 1596 1755 40

257 1773 355 1811 haec
376 1773 538 1823 quidem
559 1781 711 1812 ecastor
732 1774 894 1813 cottidie
915 1774 1001 1812 uiro
1022 1773 1146 1822 nubit,
1170 1773 1382 1824 nupsitque
1401 1774 1531 1821 hodie,

257 1838 381 1876 nubet
401 1852 492 1877 mox
505 1847 626 1878 noctu
642 1855 649 1877 :
674 1853 892 1890 numquam
908 1853 981 1890 ego
994 1841 1097 1878 hanc
1113 1839 1275 1877 uiduam
1292 1839 1435 1877 cubare
1449 1839 1533 1877 siui.

140 1916 184 1952 45
258 1916 350 1941 nam
371 1902 402 1941 si
423 1905 519 1942 haec
540 1917 621 1942 non
642 1904 776 1952 nubat,
800 1905 954 1955 lugubri
974 1906 1078 1943 fame
1098 1904 1244 1942 familia
1264 1912 1406 1954 pereat.

259 1969 333 2007 GY.
356 1982 516 2009 necesse
532 1978 590 2008 est
610 1984 691 2020 quo
712 1978 753 2009 tu
774 1984 838 2008 me
859 1971 981 2009 modo
997 1972 1107 2009 uoles
1122 1970 1206 2008 esse
1220 1970 1272 2008 ita
1285 1983 1380 2019 esse,
1400 1978 1532 2010 mater.

247 2082 289 2102 22
312 2077 347 2103 et
374 2073 433 2105 del.
463 2073 614 2115 Spengel,
642 2074 782 2116 §Jib‘gren
813 2074 851 2105 de
872 2078 958 2115 part.
993 2079 1055 2114 cop.
1079 2079 1113 2114 p.
1147 2084 1206 2113 104
1310 2075 1441 2114 magnis
1465 2075 1532 2106 cod.

206 2117 335 2156 (magni
357 2116 400 2157 J)
532 2128 572 2157 27
598 2117 769 2149 imitamur
796 2117 884 2150 cod.:
913 2128 991 2149 corr.
1022 2117 1233 2148 Camerarius
1323 2119 1413 2149 idem
1439 2118 1540 2149 delevi

204 2159 261 2198 (iv.
286 2162 331 2198 3),
353 2170 435 2190 nam
455 2161 604 2192 uiuimus
627 2162 729 2202 bzlsyll.
759 2164 874 2202 (anap.
901 2162 1047 2202 tetram.)
1073 2161 1212 2201 dzsplicet
1341 2172 1392 2202 29,
1419 2172 1462 2201 30
1486 2162 1534 2192 nil

202 2201 364 2242 Pylades:
388 2204 497 2235 nihilo
508 2205 574 2238 cod.
680 2215 722 2244 33
747 2205 776 2236 si
793 2215 852 2235 eas
867 2204 1008 2235 Mueller
1107 2214 1150 2244 39
1173 2205 1224 2236 vel
1236 2205 1292 2236 ted
1388 2216 1432 2245 40
1455 2216 1532 2236 con-

203 2246 288 2277 ticus
305 2257 380 2277 cum
397 2253 478 2279 uent
494 2254 652 2289 suprascr.
665 2248 730 2280 cod.
745 2249 782 2288 (u
795 2253 857 2288 pro
873 2248 911 2288 ii)
1003 2258 1113 2287 neque
1131 2258 1194 2287 ego
1210 2247 1284 2280 Ital.
1304 2261 1311 2280 ε
1338 2259 1403 2288 ego
1421 2260 1532 2288 neque

201 2289 267 2321 cod.
399 2301 437 2329 41
464 2292 579 2332 pepuli
596 2291 756 2332 Spengel:
782 2291 890 2331 repuli
911 2291 975 2322 cod.
1112 2300 1153 2329 45
1176 2292 1314 2323 lucubre
1330 2292 1395 2323 cod.
1417 2293 1457 2334 (C
1470 2297 1532 2332 pro

202 2333 246 2374 G)
265 2337 336 2373 (vix
351 2334 491 2375 adverb.)
