<?xml version="1.0" encoding="UTF-8"?>
<!DOCTYPE html PUBLIC "-//W3C//DTD XHTML 1.0 Transitional//EN"
    "http://www.w3.org/TR/xhtml1/DTD/xhtml1-transitional.dtd">
<html xmlns="http://www.w3.org/1999/xhtml" xml:lang="en" lang="en">
 <head>
  <title>
</title>
<meta http-equiv="Content-Type" content="text/html;charset=utf-8" />
  <meta name='ocr-system' content='tesseract 3.04.00' />
  <meta name='ocr-capabilities' content='ocr_page ocr_carea ocr_par ocr_line ocrx_word'/>
</head>
<body>
  <div class='ocr_page' id='page_1' title='image "./tmacciplauticomo01plauuoft_0264.png"; bbox 0 0 1814 2723; ppageno 0'>
   <div class='ocr_carea' id='block_1_1' title="bbox 151 46 1202 89">
    <p class='ocr_par' dir='ltr' id='par_1_1' title="bbox 151 46 1202 89">
     <span class='ocr_line' id='line_1_1' title="bbox 151 46 1202 89; baseline -0.007 0"><span class='ocrx_word' id='word_1_1' title='bbox 151 62 268 89; x_wconf 84' lang='lat' dir='ltr'>PROL.</span> <span class='ocrx_word' id='word_1_2' title='bbox 705 50 751 85; x_wconf 92' lang='lat' dir='ltr'>T.</span> <span class='ocrx_word' id='word_1_3' title='bbox 786 47 966 86; x_wconf 87' lang='lat' dir='ltr'><strong>MACCI</strong></span> <span class='ocrx_word' id='word_1_4' title='bbox 1000 46 1202 83; x_wconf 91' lang='lat' dir='ltr'><strong>PLAVTI</strong></span> 
     </span>
    </p>
   </div>
   <div class='ocr_carea' id='block_1_2' title="bbox 232 157 1336 2031">
    <p class='ocr_par' dir='ltr' id='par_1_2' title="bbox 294 157 1092 210">
     <span class='ocr_line' id='line_1_2' title="bbox 294 157 1092 210; baseline -0.008 -12"><span class='ocrx_word' id='word_1_5' title='bbox 294 173 343 198; x_wconf 93' lang='lat' dir='ltr'>ne</span> <span class='ocrx_word' id='word_1_6' title='bbox 364 159 450 210; x_wconf 86' lang='lat' dir='ltr'>quis</span> <span class='ocrx_word' id='word_1_7' title='bbox 472 158 656 198; x_wconf 88' lang='lat' dir='ltr'>formidet</span> <span class='ocrx_word' id='word_1_8' title='bbox 677 157 933 207; x_wconf 84' lang='lat' dir='ltr'>flagitatorem</span> <span class='ocrx_word' id='word_1_9' title='bbox 955 169 1067 193; x_wconf 91' lang='lat' dir='ltr'>suom</span> <span class='ocrx_word' id='word_1_10' title='bbox 1085 170 1092 192; x_wconf 90' lang='lat'><strong>:</strong></span> 
     </span>
    </p>

    <p class='ocr_par' dir='ltr' id='par_1_3' title="bbox 233 219 1335 528">
     <span class='ocr_line' id='line_1_3' title="bbox 233 219 1120 271; baseline -0.007 -8"><span class='ocrx_word' id='word_1_11' title='bbox 233 240 272 271; x_wconf 86' lang='lat'>25</span> <span class='ocrx_word' id='word_1_12' title='bbox 291 224 374 263; x_wconf 90' lang='lat' dir='ltr'>ludi</span> <span class='ocrx_word' id='word_1_13' title='bbox 395 231 496 271; x_wconf 90' lang='lat' dir='ltr'>sunt,</span> <span class='ocrx_word' id='word_1_14' title='bbox 519 225 636 263; x_wconf 88' lang='lat' dir='ltr'>ludus</span> <span class='ocrx_word' id='word_1_15' title='bbox 657 224 771 261; x_wconf 80' lang='lat' dir='ltr'>datus</span> <span class='ocrx_word' id='word_1_16' title='bbox 792 229 850 259; x_wconf 84' lang='lat' dir='ltr'>est</span> <span class='ocrx_word' id='word_1_17' title='bbox 870 219 1094 271; x_wconf 79' lang='lat' dir='ltr'>argentariis</span> <span class='ocrx_word' id='word_1_18' title='bbox 1111 234 1120 267; x_wconf 83' lang='lat'>;</span> 
     </span>
     <span class='ocr_line' id='line_1_4' title="bbox 292 285 1335 339; baseline -0.007 -11"><span class='ocrx_word' id='word_1_19' title='bbox 292 289 545 339; x_wconf 86' lang='lat' dir='ltr'>tranquillum</span> <span class='ocrx_word' id='word_1_20' title='bbox 568 296 636 335; x_wconf 81' lang='lat' dir='ltr'>est,</span> <span class='ocrx_word' id='word_1_21' title='bbox 662 285 881 325; x_wconf 81' lang='lat' dir='ltr'>Alcedonia</span> <span class='ocrx_word' id='word_1_22' title='bbox 902 293 992 323; x_wconf 87' lang='lat' dir='ltr'>sunt</span> <span class='ocrx_word' id='word_1_23' title='bbox 1013 285 1161 323; x_wconf 90' lang='lat' dir='ltr'>circum</span> <span class='ocrx_word' id='word_1_24' title='bbox 1182 286 1335 323; x_wconf 86' lang='lat' dir='ltr'>forum:</span> 
     </span>
     <span class='ocr_line' id='line_1_5' title="bbox 292 349 1183 401; baseline -0.008 -8"><span class='ocrx_word' id='word_1_25' title='bbox 292 354 441 393; x_wconf 85' lang='lat' dir='ltr'>ratione</span> <span class='ocrx_word' id='word_1_26' title='bbox 462 362 635 400; x_wconf 84' lang='lat' dir='ltr'>utuntur,</span> <span class='ocrx_word' id='word_1_27' title='bbox 658 351 760 390; x_wconf 92' lang='lat' dir='ltr'>ludis</span> <span class='ocrx_word' id='word_1_28' title='bbox 782 358 951 401; x_wconf 89' lang='lat' dir='ltr'>poscunt</span> <span class='ocrx_word' id='word_1_29' title='bbox 972 349 1183 396; x_wconf 89' lang='lat' dir='ltr'>neminem,</span> 
     </span>
     <span class='ocr_line' id='line_1_6' title="bbox 292 414 1174 458; baseline -0.008 0"><span class='ocrx_word' id='word_1_30' title='bbox 292 421 511 458; x_wconf 87' lang='lat' dir='ltr'>secundum</span> <span class='ocrx_word' id='word_1_31' title='bbox 533 420 648 456; x_wconf 87' lang='lat' dir='ltr'>ludos</span> <span class='ocrx_word' id='word_1_32' title='bbox 670 418 840 455; x_wconf 88' lang='lat' dir='ltr'>reddunt</span> <span class='ocrx_word' id='word_1_33' title='bbox 861 423 992 454; x_wconf 85' lang='lat' dir='ltr'>autem</span> <span class='ocrx_word' id='word_1_34' title='bbox 1016 414 1174 453; x_wconf 91' lang='lat' dir='ltr'>nemini.</span> 
     </span>
     <span class='ocr_line' id='line_1_7' title="bbox 291 479 1202 528; baseline -0.007 -5"><span class='ocrx_word' id='word_1_35' title='bbox 291 498 403 523; x_wconf 85' lang='lat' dir='ltr'>aures</span> <span class='ocrx_word' id='word_1_36' title='bbox 425 483 589 522; x_wconf 81' lang='lat' dir='ltr'>uociuae</span> <span class='ocrx_word' id='word_1_37' title='bbox 610 482 642 520; x_wconf 88' lang='lat' dir='ltr'>si</span> <span class='ocrx_word' id='word_1_38' title='bbox 662 489 764 528; x_wconf 79' lang='lat' dir='ltr'>sunt,</span> <span class='ocrx_word' id='word_1_39' title='bbox 786 481 962 519; x_wconf 88' lang='lat' dir='ltr'>animum</span> <span class='ocrx_word' id='word_1_40' title='bbox 984 479 1202 518; x_wconf 85' lang='lat' dir='ltr'>aduortite:</span> 
     </span>
    </p>

    <p class='ocr_par' dir='ltr' id='par_1_4' title="bbox 232 545 1202 847">
     <span class='ocr_line' id='line_1_8' title="bbox 232 545 1057 592; baseline -0.002 -8"><span class='ocrx_word' id='word_1_41' title='bbox 232 562 273 592; x_wconf 85' lang='lat'>30</span> <span class='ocrx_word' id='word_1_42' title='bbox 293 548 514 587; x_wconf 84' lang='lat' dir='ltr'>comoediai</span> <span class='ocrx_word' id='word_1_43' title='bbox 536 560 682 585; x_wconf 90' lang='lat' dir='ltr'>nomen</span> <span class='ocrx_word' id='word_1_44' title='bbox 704 548 796 585; x_wconf 91' lang='lat' dir='ltr'>dare</span> <span class='ocrx_word' id='word_1_45' title='bbox 818 545 932 584; x_wconf 86' lang='lat' dir='ltr'>uobis</span> <span class='ocrx_word' id='word_1_46' title='bbox 953 546 1057 583; x_wconf 90' lang='lat' dir='ltr'>uolo.</span> 
     </span>
     <span class='ocr_line' id='line_1_9' title="bbox 292 609 1089 662; baseline -0.004 -12"><span class='ocrx_word' id='word_1_47' title='bbox 292 614 553 662; x_wconf 83' lang='grc' dir='ltr'>Κληρούμενοι</span> <span class='ocrx_word' id='word_1_48' title='bbox 577 618 740 650; x_wconf 88' lang='lat' dir='ltr'>uocatur</span> <span class='ocrx_word' id='word_1_49' title='bbox 760 612 858 649; x_wconf 91' lang='lat' dir='ltr'>haec</span> <span class='ocrx_word' id='word_1_50' title='bbox 879 609 1089 648; x_wconf 79' lang='lat' dir='ltr'>comoedia</span> 
     </span>
     <span class='ocr_line' id='line_1_10' title="bbox 291 674 1075 729; baseline -0.006 -12"><span class='ocrx_word' id='word_1_51' title='bbox 291 692 439 729; x_wconf 82' lang='lat' dir='ltr'>graece,</span> <span class='ocrx_word' id='word_1_52' title='bbox 462 677 581 715; x_wconf 88' lang='lat' dir='ltr'>latine</span> <span class='ocrx_word' id='word_1_53' title='bbox 603 675 828 715; x_wconf 76' lang='lat' dir='ltr'>Sortientes.</span> <span class='ocrx_word' id='word_1_54' title='bbox 890 674 1075 724; x_wconf 86' lang='lat' dir='ltr'>Diphilus</span> 
     </span>
     <span class='ocr_line' id='line_1_11' title="bbox 292 741 1202 793; baseline -0.004 -11"><span class='ocrx_word' id='word_1_55' title='bbox 292 746 394 782; x_wconf 89' lang='lat' dir='ltr'>hanc</span> <span class='ocrx_word' id='word_1_56' title='bbox 414 756 551 793; x_wconf 78' lang='lat' dir='ltr'>graece</span> <span class='ocrx_word' id='word_1_57' title='bbox 572 742 736 792; x_wconf 83' lang='lat' dir='ltr'>scripsit,</span> <span class='ocrx_word' id='word_1_58' title='bbox 759 741 892 791; x_wconf 86' lang='lat' dir='ltr'>postid</span> <span class='ocrx_word' id='word_1_59' title='bbox 913 755 1046 779; x_wconf 91' lang='lat' dir='ltr'>rusum</span> <span class='ocrx_word' id='word_1_60' title='bbox 1069 741 1202 779; x_wconf 91' lang='lat' dir='ltr'>denuo</span> 
     </span>
     <span class='ocr_line' id='line_1_12' title="bbox 292 805 1076 847; baseline -0.006 0"><span class='ocrx_word' id='word_1_61' title='bbox 292 808 411 847; x_wconf 83' lang='lat' dir='ltr'>latine</span> <span class='ocrx_word' id='word_1_62' title='bbox 434 809 594 845; x_wconf 88' lang='lat' dir='ltr'>Plautus</span> <span class='ocrx_word' id='word_1_63' title='bbox 615 820 705 845; x_wconf 88' lang='lat' dir='ltr'>cum</span> <span class='ocrx_word' id='word_1_64' title='bbox 727 805 882 844; x_wconf 86' lang='lat' dir='ltr'>latranti</span> <span class='ocrx_word' id='word_1_65' title='bbox 903 805 1076 844; x_wconf 91' lang='lat' dir='ltr'>nomine.</span> 
     </span>
    </p>

    <p class='ocr_par' dir='ltr' id='par_1_5' title="bbox 232 869 1336 1180">
     <span class='ocr_line' id='line_1_13' title="bbox 232 869 1151 920; baseline -0.005 -8"><span class='ocrx_word' id='word_1_66' title='bbox 232 888 270 920; x_wconf 79' lang='lat'>35</span> <span class='ocrx_word' id='word_1_67' title='bbox 293 887 412 912; x_wconf 80' lang='lat' dir='ltr'>senex</span> <span class='ocrx_word' id='word_1_68' title='bbox 433 873 496 910; x_wconf 76' lang='lat' dir='ltr'>hic</span> <span class='ocrx_word' id='word_1_69' title='bbox 518 871 678 910; x_wconf 88' lang='lat' dir='ltr'>maritus</span> <span class='ocrx_word' id='word_1_70' title='bbox 699 870 875 917; x_wconf 76' lang='lat' dir='ltr'>habitat3</span> <span class='ocrx_word' id='word_1_71' title='bbox 904 869 938 908; x_wconf 89' lang='lat' dir='ltr'>ei</span> <span class='ocrx_word' id='word_1_72' title='bbox 961 877 1018 908; x_wconf 92' lang='lat' dir='ltr'>est</span> <span class='ocrx_word' id='word_1_73' title='bbox 1039 869 1151 916; x_wconf 89' lang='lat' dir='ltr'>filius,</span> 
     </span>
     <span class='ocr_line' id='line_1_14' title="bbox 292 933 1233 992; baseline -0.005 -16"><span class='ocrx_word' id='word_1_74' title='bbox 292 938 322 976; x_wconf 91' lang='lat' dir='ltr'>is</span> <span class='ocrx_word' id='word_1_75' title='bbox 344 949 422 992; x_wconf 82' lang='lat' dir='ltr'>una</span> <span class='ocrx_word' id='word_1_76' title='bbox 442 950 532 975; x_wconf 90' lang='lat' dir='ltr'>cum</span> <span class='ocrx_word' id='word_1_77' title='bbox 554 943 662 987; x_wconf 89' lang='lat' dir='ltr'>patre</span> <span class='ocrx_word' id='word_1_78' title='bbox 684 937 722 973; x_wconf 92' lang='lat' dir='ltr'>1&#39;n</span> <span class='ocrx_word' id='word_1_79' title='bbox 744 935 866 973; x_wconf 88' lang='lat' dir='ltr'>illisce</span> <span class='ocrx_word' id='word_1_80' title='bbox 886 934 1038 972; x_wconf 87' lang='lat' dir='ltr'>habitat</span> <span class='ocrx_word' id='word_1_81' title='bbox 1057 933 1233 972; x_wconf 88' lang='lat' dir='ltr'>aedibus.</span> 
     </span>
     <span class='ocr_line' id='line_1_15' title="bbox 291 999 1203 1053; baseline -0.005 -11"><span class='ocrx_word' id='word_1_82' title='bbox 291 1011 348 1042; x_wconf 88' lang='lat' dir='ltr'>est</span> <span class='ocrx_word' id='word_1_83' title='bbox 369 1003 403 1041; x_wconf 90' lang='lat' dir='ltr'>ei</span> <span class='ocrx_word' id='word_1_84' title='bbox 425 1002 586 1053; x_wconf 85' lang='lat' dir='ltr'>quidam</span> <span class='ocrx_word' id='word_1_85' title='bbox 608 1015 742 1040; x_wconf 89' lang='lat' dir='ltr'>seruos</span> <span class='ocrx_word' id='word_1_86' title='bbox 763 1000 830 1050; x_wconf 87' lang='lat' dir='ltr'>qui</span> <span class='ocrx_word' id='word_1_87' title='bbox 851 999 891 1038; x_wconf 90' lang='lat' dir='ltr'>in</span> <span class='ocrx_word' id='word_1_88' title='bbox 913 1001 1053 1039; x_wconf 89' lang='lat' dir='ltr'>morbo</span> <span class='ocrx_word' id='word_1_89' title='bbox 1074 1001 1203 1045; x_wconf 86' lang='lat' dir='ltr'>cubat,</span> 
     </span>
     <span class='ocr_line' id='line_1_16' title="bbox 292 1064 1274 1115; baseline -0.004 -9"><span class='ocrx_word' id='word_1_90' title='bbox 292 1069 415 1106; x_wconf 85' lang='lat' dir='ltr'>immo</span> <span class='ocrx_word' id='word_1_91' title='bbox 435 1069 565 1106; x_wconf 88' lang='lat' dir='ltr'>hercle</span> <span class='ocrx_word' id='word_1_92' title='bbox 586 1080 680 1105; x_wconf 91' lang='lat' dir='ltr'>uero</span> <span class='ocrx_word' id='word_1_93' title='bbox 701 1066 740 1104; x_wconf 88' lang='lat' dir='ltr'>in</span> <span class='ocrx_word' id='word_1_94' title='bbox 761 1068 875 1112; x_wconf 89' lang='lat' dir='ltr'>lecto,</span> <span class='ocrx_word' id='word_1_95' title='bbox 898 1079 948 1103; x_wconf 91' lang='lat' dir='ltr'>ne</span> <span class='ocrx_word' id='word_1_96' title='bbox 969 1064 1064 1115; x_wconf 84' lang='lat' dir='ltr'>quid</span> <span class='ocrx_word' id='word_1_97' title='bbox 1086 1064 1274 1111; x_wconf 72' lang='lat' dir='ltr'>mentiar,</span> 
     </span>
     <span class='ocr_line' id='line_1_17' title="bbox 294 1129 1336 1180; baseline -0.005 -8"><span class='ocrx_word' id='word_1_98' title='bbox 294 1134 326 1172; x_wconf 91' lang='lat' dir='ltr'>is</span> <span class='ocrx_word' id='word_1_99' title='bbox 347 1147 492 1180; x_wconf 76' lang='lat' dir='ltr'>seru05‚</span> <span class='ocrx_word' id='word_1_100' title='bbox 515 1133 585 1171; x_wconf 91' lang='lat' dir='ltr'>sed</span> <span class='ocrx_word' id='word_1_101' title='bbox 605 1131 751 1171; x_wconf 84' lang='lat' dir='ltr'>abhinc</span> <span class='ocrx_word' id='word_1_102' title='bbox 771 1145 896 1169; x_wconf 87' lang='lat' dir='ltr'>annos</span> <span class='ocrx_word' id='word_1_103' title='bbox 918 1132 1063 1169; x_wconf 89' lang='lat' dir='ltr'>factum</span> <span class='ocrx_word' id='word_1_104' title='bbox 1085 1138 1143 1169; x_wconf 88' lang='lat' dir='ltr'>est</span> <span class='ocrx_word' id='word_1_105' title='bbox 1164 1129 1336 1168; x_wconf 88' lang='lat' dir='ltr'>sedecim</span> 
     </span>
    </p>

    <p class='ocr_par' dir='ltr' id='par_1_6' title="bbox 235 1196 1297 1506">
     <span class='ocr_line' id='line_1_18' title="bbox 235 1196 1149 1251; baseline -0.001 -17"><span class='ocrx_word' id='word_1_106' title='bbox 235 1212 278 1244; x_wconf 89' lang='lat'>40</span> <span class='ocrx_word' id='word_1_107' title='bbox 296 1212 417 1249; x_wconf 86' lang='lat' dir='ltr'>quom</span> <span class='ocrx_word' id='word_1_108' title='bbox 439 1197 707 1251; x_wconf 66' lang='lat' dir='ltr'>conspicatust</span> <span class='ocrx_word' id='word_1_109' title='bbox 727 1196 896 1246; x_wconf 87' lang='lat' dir='ltr'>primulo</span> <span class='ocrx_word' id='word_1_110' title='bbox 917 1197 1149 1246; x_wconf 86' lang='lat' dir='ltr'>crepusculo</span> 
     </span>
     <span class='ocr_line' id='line_1_19' title="bbox 296 1252 1297 1315; baseline -0.005 -12"><span class='ocrx_word' id='word_1_111' title='bbox 296 1266 466 1315; x_wconf 86' lang='lat' dir='ltr'>puellam</span> <span class='ocrx_word' id='word_1_112' title='bbox 489 1252 642 1314; x_wconf 82' lang='lat' dir='ltr'>exponi.</span> <span class='ocrx_word' id='word_1_113' title='bbox 700 1262 783 1301; x_wconf 87' lang='lat' dir='ltr'>adit</span> <span class='ocrx_word' id='word_1_114' title='bbox 804 1263 1001 1312; x_wconf 90' lang='lat' dir='ltr'>extemplo</span> <span class='ocrx_word' id='word_1_115' title='bbox 1021 1263 1071 1300; x_wconf 91' lang='lat' dir='ltr'>ad</span> <span class='ocrx_word' id='word_1_116' title='bbox 1094 1260 1297 1299; x_wconf 87' lang='lat' dir='ltr'>mulierem</span> 
     </span>
     <span class='ocr_line' id='line_1_20' title="bbox 295 1325 1262 1380; baseline -0.004 -12"><span class='ocrx_word' id='word_1_117' title='bbox 295 1343 396 1380; x_wconf 89' lang='lat' dir='ltr'>quae</span> <span class='ocrx_word' id='word_1_118' title='bbox 417 1329 522 1367; x_wconf 88' lang='lat' dir='ltr'>illam</span> <span class='ocrx_word' id='word_1_119' title='bbox 544 1328 778 1378; x_wconf 86' lang='lat' dir='ltr'>exponebat,</span> <span class='ocrx_word' id='word_1_120' title='bbox 802 1334 884 1366; x_wconf 89' lang='lat' dir='ltr'>orat</span> <span class='ocrx_word' id='word_1_121' title='bbox 905 1334 947 1364; x_wconf 90' lang='lat' dir='ltr'>ut</span> <span class='ocrx_word' id='word_1_122' title='bbox 968 1340 1054 1365; x_wconf 87' lang='lat' dir='ltr'>eam</span> <span class='ocrx_word' id='word_1_123' title='bbox 1076 1328 1143 1365; x_wconf 88' lang='lat' dir='ltr'>det</span> <span class='ocrx_word' id='word_1_124' title='bbox 1164 1325 1237 1365; x_wconf 87' lang='lat' dir='ltr'>sibi</span> <span class='ocrx_word' id='word_1_125' title='bbox 1255 1341 1262 1364; x_wconf 77' lang='lat'>2</span> 
     </span>
     <span class='ocr_line' id='line_1_21' title="bbox 294 1392 1102 1441; baseline -0.005 -8"><span class='ocrx_word' id='word_1_126' title='bbox 294 1402 437 1441; x_wconf 81' lang='lat' dir='ltr'>exorat,</span> <span class='ocrx_word' id='word_1_127' title='bbox 460 1395 585 1432; x_wconf 87' lang='lat' dir='ltr'>aufert</span> <span class='ocrx_word' id='word_1_128' title='bbox 600 1408 610 1441; x_wconf 77' lang='lat'><em>3</em></span> <span class='ocrx_word' id='word_1_129' title='bbox 640 1392 780 1432; x_wconf 90' lang='lat' dir='ltr'>detulit</span> <span class='ocrx_word' id='word_1_130' title='bbox 800 1400 906 1431; x_wconf 91' lang='lat' dir='ltr'>recta</span> <span class='ocrx_word' id='word_1_131' title='bbox 926 1393 1102 1439; x_wconf 88' lang='lat' dir='ltr'>domum,</span> 
     </span>
     <span class='ocr_line' id='line_1_22' title="bbox 295 1459 1191 1506; baseline -0.004 -6"><span class='ocrx_word' id='word_1_132' title='bbox 295 1463 363 1500; x_wconf 90' lang='lat' dir='ltr'>dat</span> <span class='ocrx_word' id='word_1_133' title='bbox 384 1460 470 1499; x_wconf 81' lang='lat' dir='ltr'>erae</span> <span class='ocrx_word' id='word_1_134' title='bbox 493 1474 596 1506; x_wconf 85' lang='lat' dir='ltr'>suae,</span> <span class='ocrx_word' id='word_1_135' title='bbox 620 1466 703 1497; x_wconf 87' lang='lat' dir='ltr'>orat</span> <span class='ocrx_word' id='word_1_136' title='bbox 724 1467 766 1496; x_wconf 88' lang='lat' dir='ltr'>ut</span> <span class='ocrx_word' id='word_1_137' title='bbox 787 1472 874 1497; x_wconf 90' lang='lat' dir='ltr'>eam</span> <span class='ocrx_word' id='word_1_138' title='bbox 896 1465 1014 1506; x_wconf 89' lang='lat' dir='ltr'>curet,</span> <span class='ocrx_word' id='word_1_139' title='bbox 1038 1459 1191 1497; x_wconf 89' lang='lat' dir='ltr'>educet.</span> 
     </span>
    </p>

    <p class='ocr_par' dir='ltr' id='par_1_7' title="bbox 235 1523 1314 1831">
     <span class='ocr_line' id='line_1_23' title="bbox 235 1523 1071 1574; baseline -0.005 -9"><span class='ocrx_word' id='word_1_140' title='bbox 235 1539 276 1570; x_wconf 87' lang='lat'>45</span> <span class='ocrx_word' id='word_1_141' title='bbox 296 1540 360 1565; x_wconf 87' lang='lat' dir='ltr'>era</span> <span class='ocrx_word' id='word_1_142' title='bbox 376 1526 477 1573; x_wconf 86' lang='lat' dir='ltr'>fecit,</span> <span class='ocrx_word' id='word_1_143' title='bbox 501 1524 685 1564; x_wconf 87' lang='lat' dir='ltr'>educauit</span> <span class='ocrx_word' id='word_1_144' title='bbox 706 1537 849 1574; x_wconf 84' lang='lat' dir='ltr'>magna</span> <span class='ocrx_word' id='word_1_145' title='bbox 868 1523 1071 1570; x_wconf 88' lang='lat' dir='ltr'>industria,</span> 
     </span>
     <span class='ocr_line' id='line_1_24' title="bbox 296 1590 1230 1641; baseline -0.003 -12"><span class='ocrx_word' id='word_1_146' title='bbox 296 1591 408 1641; x_wconf 84' lang='lat' dir='ltr'>quasi</span> <span class='ocrx_word' id='word_1_147' title='bbox 429 1590 460 1629; x_wconf 85' lang='lat' dir='ltr'>si</span> <span class='ocrx_word' id='word_1_148' title='bbox 481 1597 582 1629; x_wconf 89' lang='lat' dir='ltr'>esset</span> <span class='ocrx_word' id='word_1_149' title='bbox 598 1601 650 1629; x_wconf 70' lang='lat' dir='ltr'>&#39;ex</span> <span class='ocrx_word' id='word_1_150' title='bbox 670 1603 711 1628; x_wconf 85' lang='lat' dir='ltr'>se</span> <span class='ocrx_word' id='word_1_151' title='bbox 732 1597 835 1637; x_wconf 85' lang='lat' dir='ltr'>nata,</span> <span class='ocrx_word' id='word_1_152' title='bbox 858 1603 938 1628; x_wconf 90' lang='lat' dir='ltr'>non</span> <span class='ocrx_word' id='word_1_153' title='bbox 961 1591 1086 1627; x_wconf 72' lang='lat' dir='ltr'>multo</span> <span class='ocrx_word' id='word_1_154' title='bbox 1107 1602 1230 1627; x_wconf 88' lang='lat' dir='ltr'>secus.</span> 
     </span>
     <span class='ocr_line' id='line_1_25' title="bbox 297 1651 1314 1707; baseline -0.003 -13"><span class='ocrx_word' id='word_1_155' title='bbox 297 1664 507 1707; x_wconf 86' lang='lat' dir='ltr'>postquam</span> <span class='ocrx_word' id='word_1_156' title='bbox 529 1669 575 1694; x_wconf 90' lang='lat' dir='ltr'>ea</span> <span class='ocrx_word' id='word_1_157' title='bbox 594 1654 770 1694; x_wconf 87' lang='lat' dir='ltr'>adoleuit</span> <span class='ocrx_word' id='word_1_158' title='bbox 790 1656 841 1693; x_wconf 89' lang='lat' dir='ltr'>ad</span> <span class='ocrx_word' id='word_1_159' title='bbox 862 1668 949 1693; x_wconf 88' lang='lat' dir='ltr'>eam</span> <span class='ocrx_word' id='word_1_160' title='bbox 970 1661 1139 1692; x_wconf 87' lang='lat' dir='ltr'>aetatem</span> <span class='ocrx_word' id='word_1_161' title='bbox 1160 1656 1203 1692; x_wconf 77' lang='lat' dir='ltr'>ut</span> <span class='ocrx_word' id='word_1_162' title='bbox 1223 1651 1314 1691; x_wconf 87' lang='lat' dir='ltr'>uiris</span> 
     </span>
     <span class='ocr_line' id='line_1_26' title="bbox 297 1720 1142 1771; baseline -0.004 -12"><span class='ocrx_word' id='word_1_163' title='bbox 297 1723 450 1771; x_wconf 90' lang='lat' dir='ltr'>placere</span> <span class='ocrx_word' id='word_1_164' title='bbox 470 1727 613 1770; x_wconf 89' lang='lat' dir='ltr'>posset,</span> <span class='ocrx_word' id='word_1_165' title='bbox 637 1734 724 1758; x_wconf 88' lang='lat' dir='ltr'>eam</span> <span class='ocrx_word' id='word_1_166' title='bbox 745 1721 917 1770; x_wconf 85' lang='lat' dir='ltr'>puellam</span> <span class='ocrx_word' id='word_1_167' title='bbox 938 1720 1002 1757; x_wconf 79' lang='lat' dir='ltr'>hic</span> <span class='ocrx_word' id='word_1_168' title='bbox 1023 1733 1142 1757; x_wconf 85' lang='lat' dir='ltr'>senex</span> 
     </span>
     <span class='ocr_line' id='line_1_27' title="bbox 297 1784 1081 1831; baseline -0.001 -8"><span class='ocrx_word' id='word_1_169' title='bbox 297 1793 402 1823; x_wconf 84' lang='lat' dir='ltr'>amat</span> <span class='ocrx_word' id='word_1_170' title='bbox 423 1785 617 1831; x_wconf 87' lang='lat' dir='ltr'>ecflictim,</span> <span class='ocrx_word' id='word_1_171' title='bbox 641 1785 678 1823; x_wconf 81' lang='lat' dir='ltr'>et</span> <span class='ocrx_word' id='word_1_172' title='bbox 699 1784 792 1823; x_wconf 91' lang='lat' dir='ltr'>item</span> <span class='ocrx_word' id='word_1_173' title='bbox 814 1792 949 1823; x_wconf 89' lang='lat' dir='ltr'>contra</span> <span class='ocrx_word' id='word_1_174' title='bbox 970 1784 1081 1822; x_wconf 87' lang='lat' dir='ltr'>filius.</span> 
     </span>
    </p>

    <p class='ocr_par' dir='ltr' id='par_1_8' title="bbox 236 1849 1172 2031">
     <span class='ocr_line' id='line_1_28' title="bbox 236 1849 1172 1900; baseline -0.001 -12"><span class='ocrx_word' id='word_1_175' title='bbox 236 1865 280 1895; x_wconf 84' lang='lat'>50</span> <span class='ocrx_word' id='word_1_176' title='bbox 299 1864 404 1888; x_wconf 90' lang='lat' dir='ltr'>nunc</span> <span class='ocrx_word' id='word_1_177' title='bbox 425 1850 498 1888; x_wconf 87' lang='lat' dir='ltr'>sibi</span> <span class='ocrx_word' id='word_1_178' title='bbox 519 1850 683 1900; x_wconf 84' lang='lat' dir='ltr'>ute&#39;rque</span> <span class='ocrx_word' id='word_1_179' title='bbox 704 1857 840 1888; x_wconf 85' lang='lat' dir='ltr'>contra</span> <span class='ocrx_word' id='word_1_180' title='bbox 859 1849 1032 1900; x_wconf 84' lang='lat' dir='ltr'>legiones</span> <span class='ocrx_word' id='word_1_181' title='bbox 1053 1856 1172 1899; x_wconf 83' lang='lat' dir='ltr'>parat,</span> 
     </span>
     <span class='ocr_line' id='line_1_29' title="bbox 297 1915 1147 1966; baseline -0.001 -13"><span class='ocrx_word' id='word_1_182' title='bbox 297 1923 484 1966; x_wconf 86' lang='lat' dir='ltr'>paterque</span> <span class='ocrx_word' id='word_1_183' title='bbox 507 1915 697 1965; x_wconf 84' lang='lat' dir='ltr'>filiusque,</span> <span class='ocrx_word' id='word_1_184' title='bbox 721 1917 822 1953; x_wconf 91' lang='lat' dir='ltr'>clam</span> <span class='ocrx_word' id='word_1_185' title='bbox 843 1917 939 1953; x_wconf 86' lang='lat' dir='ltr'>alter</span> <span class='ocrx_word' id='word_1_186' title='bbox 958 1916 1122 1953; x_wconf 87' lang='lat' dir='ltr'>alterum</span> <span class='ocrx_word' id='word_1_187' title='bbox 1140 1929 1147 1951; x_wconf 90' lang='lat'>:</span> 
     </span>
     <span class='ocr_line' id='line_1_30' title="bbox 296 1980 1092 2031; baseline -0.001 -13"><span class='ocrx_word' id='word_1_188' title='bbox 296 1988 405 2031; x_wconf 88' lang='lat' dir='ltr'>pater</span> <span class='ocrx_word' id='word_1_189' title='bbox 425 1981 622 2030; x_wconf 84' lang='lat' dir='ltr'>adlegauit</span> <span class='ocrx_word' id='word_1_190' title='bbox 643 1980 804 2019; x_wconf 89' lang='lat' dir='ltr'>uilicum</span> <span class='ocrx_word' id='word_1_191' title='bbox 826 1980 893 2030; x_wconf 84' lang='lat' dir='ltr'>qui</span> <span class='ocrx_word' id='word_1_192' title='bbox 914 1987 1092 2030; x_wconf 88' lang='lat' dir='ltr'>posceret</span> 
     </span>
    </p>
   </div>
   <div class='ocr_carea' id='block_1_3' title="bbox 256 2079 1627 2293">
    <p class='ocr_par' dir='ltr' id='par_1_9' title="bbox 256 2079 1627 2293">
     <span class='ocr_line' id='line_1_31' title="bbox 341 2079 1624 2124; baseline -0.002 -10"><span class='ocrx_word' id='word_1_193' title='bbox 341 2093 381 2123; x_wconf 88' lang='lat'>25</span> <span class='ocrx_word' id='word_1_194' title='bbox 409 2087 483 2124; x_wconf 80' lang='lat' dir='ltr'>post</span> <span class='ocrx_word' id='word_1_195' title='bbox 508 2085 549 2114; x_wconf 85' lang='lat'>26</span> <span class='ocrx_word' id='word_1_196' title='bbox 573 2085 682 2124; x_wconf 77' lang='lat' dir='ltr'>posuit</span> <span class='ocrx_word' id='word_1_197' title='bbox 710 2084 845 2124; x_wconf 75' lang='lat' dir='ltr'>Geppert</span> <span class='ocrx_word' id='word_1_198' title='bbox 987 2094 1025 2122; x_wconf 89' lang='lat'>27</span> <span class='ocrx_word' id='word_1_199' title='bbox 1061 2082 1228 2112; x_wconf 88' lang='lat' dir='ltr'>neminem</span> <span class='ocrx_word' id='word_1_200' title='bbox 1255 2085 1399 2120; x_wconf 85' lang='lat' dir='ltr'>poscunt</span> <span class='ocrx_word' id='word_1_201' title='bbox 1424 2080 1518 2111; x_wconf 62' lang='lat' dir='ltr'>cod:</span> <span class='ocrx_word' id='word_1_202' title='bbox 1551 2079 1624 2111; x_wconf 70' lang='grc' dir='ltr'><em>[ναί.</em></span> 
     </span>
     <span class='ocr_line' id='line_1_32' title="bbox 1451 2123 1625 2163; baseline -0.017 -8"><span class='ocrx_word' id='word_1_203' title='bbox 1451 2125 1494 2163; x_wconf 84' lang='grc'>38</span> <span class='ocrx_word' id='word_1_204' title='bbox 1510 2123 1625 2154; x_wconf 82' lang='lat' dir='ltr'>accedit</span> 
     </span>
     <span class='ocr_line' id='line_1_33' title="bbox 1437 2166 1627 2206; baseline -0.011 -8"><span class='ocrx_word' id='word_1_205' title='bbox 1437 2178 1478 2206; x_wconf 85' lang='lat'>45</span> <span class='ocrx_word' id='word_1_206' title='bbox 1504 2166 1627 2197; x_wconf 87' lang='lat' dir='ltr'>sacitP</span> 
     </span>
     <span class='ocr_line' id='line_1_34' title="bbox 256 2209 1620 2256; baseline -0.004 -10"><span class='ocrx_word' id='word_1_207' title='bbox 256 2244 265 2254; x_wconf 28' lang='grc' dir='ltr'>χ</span> <span class='ocrx_word' id='word_1_208' title='bbox 298 2215 349 2256; x_wconf 84' lang='lat' dir='ltr'>(cf</span> <span class='ocrx_word' id='word_1_209' title='bbox 367 2214 548 2253; x_wconf 76' lang='lat' dir='ltr'>adAmplz.</span> <span class='ocrx_word' id='word_1_210' title='bbox 567 2215 624 2253; x_wconf 87' lang='grc'>49)</span> <span class='ocrx_word' id='word_1_211' title='bbox 757 2216 799 2253; x_wconf 88' lang='lat'>46</span> <span class='ocrx_word' id='word_1_212' title='bbox 822 2214 850 2244; x_wconf 84' lang='lat' dir='ltr'>si</span> <span class='ocrx_word' id='word_1_213' title='bbox 876 2224 939 2244; x_wconf 80' lang='lat' dir='ltr'>om.</span> <span class='ocrx_word' id='word_1_214' title='bbox 971 2213 1004 2242; x_wconf 88' lang='lat' dir='ltr'><em>A</em></span> <span class='ocrx_word' id='word_1_215' title='bbox 1040 2213 1097 2253; x_wconf 77' lang='lat' dir='ltr'>(iii.</span> <span class='ocrx_word' id='word_1_216' title='bbox 1130 2213 1161 2251; x_wconf 83' lang='grc'>1)</span> <span class='ocrx_word' id='word_1_217' title='bbox 1294 2223 1333 2250; x_wconf 88' lang='lat'>47</span> <span class='ocrx_word' id='word_1_218' title='bbox 1360 2222 1399 2241; x_wconf 87' lang='lat' dir='ltr'>ea</span> <span class='ocrx_word' id='word_1_219' title='bbox 1425 2222 1489 2241; x_wconf 82' lang='lat' dir='ltr'>om.</span> <span class='ocrx_word' id='word_1_220' title='bbox 1507 2210 1540 2240; x_wconf 85' lang='lat' dir='ltr'><em>P</em></span> <span class='ocrx_word' id='word_1_221' title='bbox 1557 2209 1620 2249; x_wconf 85' lang='lat' dir='ltr'>(iii,</span> 
     </span>
     <span class='ocr_line' id='line_1_35' title="bbox 1469 2254 1623 2293; baseline 0 -9"><span class='ocrx_word' id='word_1_222' title='bbox 1469 2264 1506 2293; x_wconf 88' lang='lat'>51</span> <span class='ocrx_word' id='word_1_223' title='bbox 1535 2254 1623 2284; x_wconf 85' lang='lat' dir='ltr'>filius</span> 
     </span>
    </p>
   </div>
   <div class='ocr_carea' id='block_1_4' title="bbox 297 2125 1372 2210">
    <p class='ocr_par' dir='ltr' id='par_1_10' title="bbox 297 2125 1372 2210">
     <span class='ocr_line' id='line_1_36' title="bbox 300 2125 1372 2167; baseline -0.004 -9"><span class='ocrx_word' id='word_1_224' title='bbox 300 2128 512 2159; x_wconf 71' lang='lat' dir='ltr'>Camerarius</span> <span class='ocrx_word' id='word_1_225' title='bbox 587 2138 629 2166; x_wconf 85' lang='lat'>30</span> <span class='ocrx_word' id='word_1_226' title='bbox 654 2128 803 2158; x_wconf 87' lang='lat' dir='ltr'>comedia</span> <span class='ocrx_word' id='word_1_227' title='bbox 819 2126 885 2158; x_wconf 82' lang='lat' dir='ltr'>cod.</span> <span class='ocrx_word' id='word_1_228' title='bbox 902 2127 936 2167; x_wconf 87' lang='lat' dir='ltr'>(i.</span> <span class='ocrx_word' id='word_1_229' title='bbox 946 2126 979 2166; x_wconf 87' lang='grc'>7)</span> <span class='ocrx_word' id='word_1_230' title='bbox 1055 2137 1096 2165; x_wconf 87' lang='lat'>32</span> <span class='ocrx_word' id='word_1_231' title='bbox 1121 2125 1290 2164; x_wconf 86' lang='lat' dir='ltr'>deiphilus</span> <span class='ocrx_word' id='word_1_232' title='bbox 1306 2125 1372 2155; x_wconf 87' lang='lat' dir='ltr'>cod.</span> 
     </span>
     <span class='ocr_line' id='line_1_37' title="bbox 297 2168 1339 2210; baseline -0.003 -9"><span class='ocrx_word' id='word_1_233' title='bbox 297 2171 330 2201; x_wconf 83' lang='lat' dir='ltr'><em>A</em></span> <span class='ocrx_word' id='word_1_234' title='bbox 431 2182 474 2210; x_wconf 92' lang='lat'>40</span> <span class='ocrx_word' id='word_1_235' title='bbox 497 2181 524 2201; x_wconf 89' lang='lat' dir='ltr'>e.</span> <span class='ocrx_word' id='word_1_236' title='bbox 543 2176 594 2201; x_wconf 88' lang='lat' dir='ltr'>est</span> <span class='ocrx_word' id='word_1_237' title='bbox 612 2172 719 2210; x_wconf 84' lang='lat' dir='ltr'>primo</span> <span class='ocrx_word' id='word_1_238' title='bbox 736 2170 775 2210; x_wconf 82' lang='lat' dir='ltr'>P,</span> <span class='ocrx_word' id='word_1_239' title='bbox 791 2170 878 2202; x_wconf 86' lang='lat' dir='ltr'>codd.</span> <span class='ocrx_word' id='word_1_240' title='bbox 897 2170 992 2201; x_wconf 85' lang='lat' dir='ltr'>sclzol.</span> <span class='ocrx_word' id='word_1_241' title='bbox 1012 2169 1097 2200; x_wconf 76' lang='lat' dir='ltr'><em>Aen.</em></span> <span class='ocrx_word' id='word_1_242' title='bbox 1118 2180 1165 2207; x_wconf 91' lang='lat'>10,</span> <span class='ocrx_word' id='word_1_243' title='bbox 1178 2170 1241 2208; x_wconf 86' lang='lat'>615</span> <span class='ocrx_word' id='word_1_244' title='bbox 1256 2168 1293 2208; x_wconf 87' lang='lat' dir='ltr'>(i.</span> <span class='ocrx_word' id='word_1_245' title='bbox 1304 2168 1339 2207; x_wconf 89' lang='grc'>8)</span> 
     </span>
    </p>
   </div>
   <div class='ocr_carea' id='block_1_5' title="bbox 296 2255 1408 2342">
    <p class='ocr_par' dir='ltr' id='par_1_11' title="bbox 296 2255 1408 2342">
     <span class='ocr_line' id='line_1_38' title="bbox 296 2255 1325 2300; baseline -0.005 -11"><span class='ocrx_word' id='word_1_246' title='bbox 296 2269 328 2298; x_wconf 92' lang='lat' dir='ltr'>p.</span> <span class='ocrx_word' id='word_1_247' title='bbox 349 2258 406 2299; x_wconf 86' lang='lat'>49)</span> <span class='ocrx_word' id='word_1_248' title='bbox 553 2259 596 2296; x_wconf 89' lang='grc'>48</span> <span class='ocrx_word' id='word_1_249' title='bbox 620 2256 684 2300; x_wconf 88' lang='lat' dir='ltr'>[at]</span> <span class='ocrx_word' id='word_1_250' title='bbox 701 2268 774 2288; x_wconf 87' lang='lat' dir='ltr'>eam</span> <span class='ocrx_word' id='word_1_251' title='bbox 792 2257 824 2287; x_wconf 90' lang='lat' dir='ltr'><em>P</em></span> <span class='ocrx_word' id='word_1_252' title='bbox 841 2258 893 2295; x_wconf 77' lang='lat' dir='ltr'>(ex</span> <span class='ocrx_word' id='word_1_253' title='bbox 905 2268 934 2288; x_wconf 87' lang='lat' dir='ltr'>v.</span> <span class='ocrx_word' id='word_1_254' title='bbox 953 2257 1010 2297; x_wconf 83' lang='lat'>47)</span> <span class='ocrx_word' id='word_1_255' title='bbox 1108 2256 1174 2286; x_wconf 90' lang='lat' dir='ltr'>illic</span> <span class='ocrx_word' id='word_1_256' title='bbox 1198 2255 1325 2285; x_wconf 79' lang='lat' dir='ltr'>Rilsclzl</span> 
     </span>
     <span class='ocr_line' id='line_1_39' title="bbox 298 2298 1408 2342; baseline -0.004 -9"><span class='ocrx_word' id='word_1_257' title='bbox 298 2303 379 2342; x_wconf 83' lang='lat' dir='ltr'>(que</span> <span class='ocrx_word' id='word_1_258' title='bbox 401 2302 434 2332; x_wconf 85' lang='lat' dir='ltr'>in</span> <span class='ocrx_word' id='word_1_259' title='bbox 457 2311 563 2342; x_wconf 78' lang='lat' dir='ltr'>marg.</span> <span class='ocrx_word' id='word_1_260' title='bbox 583 2301 697 2340; x_wconf 68' lang='lat' dir='ltr'><em>infime</em></span> <span class='ocrx_word' id='word_1_261' title='bbox 711 2302 836 2342; x_wconf 79' lang='lat' dir='ltr'>versus)</span> <span class='ocrx_word' id='word_1_262' title='bbox 854 2301 893 2340; x_wconf 83' lang='lat' dir='ltr'>P,</span> <span class='ocrx_word' id='word_1_263' title='bbox 909 2299 1221 2339; x_wconf 75' lang='lat' dir='ltr'>unde‘alterumque</span> <span class='ocrx_word' id='word_1_264' title='bbox 1238 2298 1290 2328; x_wconf 76' lang='lat' dir='ltr'>PE</span> <span class='ocrx_word' id='word_1_265' title='bbox 1309 2299 1357 2339; x_wconf 73' lang='lat' dir='ltr'>(ii.</span> <span class='ocrx_word' id='word_1_266' title='bbox 1373 2298 1408 2338; x_wconf 89' lang='grc'>4)</span> 
     </span>
    </p>
   </div>
   <div class='ocr_carea' id='block_1_6' title="bbox 1644 551 1690 585">
    <p class='ocr_par' dir='ltr' id='par_1_12' title="bbox 1644 551 1690 585">
     <span class='ocr_line' id='line_1_40' title="bbox 1644 551 1690 585; baseline 0 -10"><span class='ocrx_word' id='word_1_267' title='bbox 1644 551 1690 585; x_wconf 81' lang='lat'>30</span> 
     </span>
    </p>
   </div>
   <div class='ocr_carea' id='block_1_7' title="bbox 1644 873 1687 909">
    <p class='ocr_par' dir='ltr' id='par_1_13' title="bbox 1644 873 1687 909">
     <span class='ocr_line' id='line_1_41' title="bbox 1644 873 1687 909; baseline 0 0"><span class='ocrx_word' id='word_1_268' title='bbox 1644 873 1687 909; x_wconf 82' lang='lat'>35</span> 
     </span>
    </p>
   </div>
   <div class='ocr_carea' id='block_1_8' title="bbox 1643 1199 1691 1234">
    <p class='ocr_par' dir='ltr' id='par_1_14' title="bbox 1643 1199 1691 1234">
     <span class='ocr_line' id='line_1_42' title="bbox 1643 1199 1691 1234; baseline 0 -10"><span class='ocrx_word' id='word_1_269' title='bbox 1643 1199 1691 1234; x_wconf 80' lang='lat'>40</span> 
     </span>
    </p>
   </div>
   <div class='ocr_carea' id='block_1_9' title="bbox 1606 1530 1688 1567">
    <p class='ocr_par' dir='ltr' id='par_1_15' title="bbox 1606 1530 1688 1567">
     <span class='ocr_line' id='line_1_43' title="bbox 1606 1530 1688 1567; baseline 0.037 -3"><span class='ocrx_word' id='word_1_270' title='bbox 1606 1530 1688 1567; x_wconf 57' lang='lat'>‘45</span> 
     </span>
    </p>
   </div>
   <div class='ocr_carea' id='block_1_10' title="bbox 1647 1855 1691 1891">
    <p class='ocr_par' dir='ltr' id='par_1_16' title="bbox 1647 1855 1691 1891">
     <span class='ocr_line' id='line_1_44' title="bbox 1647 1855 1691 1891; baseline 0 -12"><span class='ocrx_word' id='word_1_271' title='bbox 1647 1855 1691 1891; x_wconf 80' lang='grc'>50</span> 
     </span>
    </p>
   </div>
  </div>
 </body>
</html>
