1742 2718
715 57 944 98 CAPTIVI
1418 55 1493 93 III.
1517 55 1563 92 iv

167 184 295 209 meam
315 184 396 209 rem
418 183 497 208 non
518 181 638 214 cure5‚
663 167 693 205 si
715 175 818 205 recte
839 166 970 205 facias.
1010 179 1105 203 num
1127 178 1199 214 ego
1220 178 1314 203 curo
1334 167 1470 202 tuam?

169 239 248 275 HE.
282 235 403 274 fuitne
424 234 515 272 huic
535 241 644 283 pater
664 230 1364 281 Thensaurochrysonicochrysides?
1522 245 1580 267 100

168 304 245 339 AR.
277 299 459 346 nonfuit,
483 312 612 349 neque
639 311 711 348 ego
739 297 839 335 istuc
864 310 1010 335 nomen
1038 309 1226 346 umquam
1253 294 1387 333 audiui
1408 301 1498 332 ante

1254 361 1360 398 hunc
1380 359 1498 397 diem.

79 435 145 479 635
169 430 379 469 Philocrati
399 429 751 468 Theodoromedes
772 427 843 464 suit
864 434 982 477 pater.
1042 428 1114 463 ΤΥ.
1147 438 1264 476 pereo
1285 425 1417 475 probe.

166 496 261 547 quin
282 495 449 546 quiescis
470 494 686 533 dierectum
708 506 774 531 cor
795 494 960 531 meum?
989 506 1034 530 ac
1056 492 1253 541 suspende
1273 498 1321 528 te.

165 570 206 600 tu
228 563 425 608 sussultas,
449 573 521 610 ego
542 560 658 597 miser
678 558 742 597 uix
763 566 848 596 asto
869 572 960 608 prae
981 557 1199 596 formidine.

167 630 246 665 HE.
279 627 379 665 satin
399 626 497 664 istuc
524 625 618 663 mihi
646 624 883 674 exquisitum
907 631 975 671 est,
1000 623 1118 661 fuisse
1145 623 1250 660 hunc
1277 635 1433 660 seruom
1460 621 1499 659 in
1524 636 1582 668 105

1384 687 1501 725 Alide

166 771 294 808 neque
316 771 400 796 esse
428 758 533 795 hunc
561 756 854 795 Philocratem?
911 757 987 793 AR.
1021 762 1100 792 tam
1131 754 1213 792 sati'
1244 767 1362 803 quam
1392 766 1502 790 num-

560 814 564 816 *
942 834 1061 871 quam
1082 821 1159 858 hoc
1179 818 1356 857 inuenies
1377 831 1499 855 secus.

79 894 150 938 640
167 890 237 928 sed
266 888 334 927 ubi
359 888 390 927 is
413 902 519 927 nunc
546 889 637 926 est?
694 889 774 925 HE.
806 886 874 924 ubi
899 899 972 935 ego
997 885 1159 923 minime
1185 892 1303 934 atque
1328 883 1434 933 ipsus
1461 896 1520 936 se-

1205 951 1287 987 uolt
1308 962 1499 986 maxume.

166 1028 251 1058 tum
272 1019 386 1069 igitur
406 1033 479 1069 ego
500 1018 791 1065 deruncinatus,
816 1019 1042 1056 deartuatus
1064 1030 1150 1055 sum
1172 1015 1288 1053 miser

167 1085 283 1123 huius
304 1084 458 1123 scelesti
479 1084 659 1132 techinis,
681 1084 748 1133 qui
770 1097 833 1121 me
854 1090 896 1121 ut
916 1082 1085 1121 lubitum
1108 1089 1165 1119 est
1186 1080 1363 1119 ductauit
1387 1079 1498 1118 dolis.

167 1151 237 1188 sed
266 1149 359 1188 uide
385 1151 446 1188 sis.
507 1151 584 1187 AR.
616 1149 712 1199 quin
740 1149 983 1198 exploratum
1013 1147 1104 1185 dico
1132 1153 1169 1184 et
1196 1145 1399 1196 prouisum
1426 1146 1502 1183 hoc
1527 1157 1585 1179 110

1418 1209 1502 1248 tibi.

169 1281 251 1318 HE.
283 1281 451 1318 certon?
507 1281 584 1317 AR.
616 1278 712 1329 quin
739 1277 849 1325 nihil,
877 1277 1050 1327 inquam,
1074 1276 1252 1315 inuenies
1281 1275 1402 1326 magis
1427 1276 1503 1313 hoc

1221 1348 1328 1380 certo
1348 1340 1501 1379 certius.

83 1415 148 1458 645
171 1410 413 1448 Philocrates
434 1409 512 1448 iam
533 1409 627 1447 inde
648 1422 773 1458 usque
793 1408 944 1447 amicus
964 1409 1036 1445 fuit
1058 1407 1153 1445 mihi
1175 1421 1197 1445 a
1217 1420 1338 1457 puero
1359 1419 1465 1456 puer.

172 1477 252 1513 HE.
286 1477 356 1514 sed
385 1489 463 1525 qua
492 1474 627 1513 faciest
654 1476 732 1513 tuo'
761 1473 906 1513 sodalis
937 1473 1210 1512 Philocrates?
1267 1474 1342 1524 AR.
1375 1471 1504 1510 dicam

1408 1536 1479 1574 tibi
1499 1550 1506 1574 :

171 1605 380 1644 macilento
402 1619 478 1652 ore,
502 1618 598 1644 naso
618 1612 745 1652 acuto,
769 1618 933 1655 corpore
952 1604 1055 1651 albo,
1078 1604 1201 1642 oculis
1223 1603 1350 1654 nigris,

171 1671 353 1709 subrufus
374 1670 629 1720 aliquantum,
652 1670 812 1720 crispus,
837 1669 1095 1708 cincinnatus.
1156 1671 1236 1707 HE.
1269 1667 1466 1707 conuenit.
1528 1679 1586 1711 115

171 1738 244 1774 Tv.
277 1744 319 1774 ut
348 1735 510 1786 quidem
534 1737 664 1774 hercle
689 1735 729 1774 in
754 1735 931 1774 medium
959 1748 1031 1785 ego
1061 1734 1181 1774 hodie
1210 1747 1393 1784 pessume
1422 1746 1508 1783 pro·

1311 1798 1506 1838 cesserim.

85 1873 157 1918 650
173 1867 247 1906 uae'
267 1867 341 1906 illis
362 1867 478 1917 uirgis
500 1867 661 1915 miseris,
685 1881 786 1917 quae
807 1867 926 1906 hodie
948 1867 987 1905 in
1009 1873 1116 1917 tergo
1137 1865 1352 1904 morientur
1373 1878 1473 1903 meo.

175 1934 256 1970 HE.
288 1933 408 1971 uerba
432 1932 528 1971 mihi
557 1934 650 1971 data
675 1946 760 1973 esse
787 1932 916 1971 uideo.
975 1934 1048 1970 ΤΥ.
1081 1931 1177 1981 quid
1204 1930 1373 1977 cessatis,
1403 1943 1508 1968 com-

1371 1996 1504 2045 pedes,

174 2076 326 2102 currere
345 2063 396 2101 ad
417 2077 481 2102 me
501 2077 668 2114 meaque
687 2063 872 2114 amplecti
892 2076 1012 2110 crura,
1036 2070 1078 2100 ut
1100 2075 1170 2101 uos
1191 2060 1441 2100 custodiam?

218 2167 282 2204 632
307 2171 365 2197 tua
380 2167 445 2198 cod.
460 2167 566 2206 (tuam
583 2167 646 2209 PJ)
735 2168 800 2206 636
825 2177 883 2197 cor
899 2168 1032 2197 meum?
1058 2167 1067 2196 i
1085 2166 1115 2196 d.
1136 2165 1178 2206 (2)
1196 2165 1262 2196 Leo
1348 2166 1424 2204 641,
1439 2166 1504 2202 642

175 2212 246 2251 ⁸§ost
259 2211 322 2248 645
339 2210 465 2241 collocat
479 2211 564 2242 Brix
693 2212 755 2250 641
782 2215 978 2241 erumnatus
994 2209 1072 2240 PBD
1090 2210 1172 2250 (non
1187 2209 1256 2245 ΡΑ)
1275 2220 1281 2239 :
1307 2209 1504 2239 deunciatus

175 2252 262 2284 codd.
283 2252 432 2293 Nom'z'95
530 2257 594 2294 644
611 2255 667 2295 qui
680 2255 745 2286 cod.
761 2255 857 2295 (quin
869 2253 928 2294 PJ)
1029 2255 1092 2292 647
1117 2252 1222 2284 oculis
1236 2252 1377 2291 Guz'etus,
1394 2262 1511 2282 secun--

175 2296 259 2327 dum
277 2307 401 2327 morem
416 2296 613 2329 Plautinum
629 2310 636 2329 :
670 2298 735 2339 [et]
754 2298 858 2329 oculis
875 2297 940 2328 cod.
