1742 2718
704 85 979 125 ASINARIA
1466 89 1494 125 I.
1517 88 1562 124 iii

171 195 331 247 remigio
352 196 521 245 ueloque
542 202 735 245 quantum
756 194 902 244 poteris
922 194 1063 232 festina
1083 202 1121 233 et
1141 196 1229 245 fuge
1247 210 1253 233 :
1523 220 1539 250 5

170 275 291 311 quam
320 260 431 310 magi’
461 259 498 298 te
526 259 565 298 in
594 261 717 298 altum
746 259 928 309 capessis,
956 266 1035 297 tam
1060 267 1190 298 aestus
1218 268 1255 298 te
1280 260 1319 298 in
1345 269 1499 311 portum

1376 327 1498 365 refert.

172 393 275 429 ARG.
308 403 381 440 ego
402 391 468 439 pol
489 388 607 428 istum
629 388 858 439 portitorem
880 389 1045 439 priuabo
1066 389 1264 440 portori0;

87 455 153 490 160
171 469 244 506 ego
261 462 298 493 te
314 453 460 493 dehinc
476 462 517 492 ut
534 453 672 492 merita
688 467 728 492 es
750 455 800 493 de
818 467 881 492 me
897 461 935 492 et
956 467 1044 492 mea
1064 468 1103 492 re
1124 461 1287 493 tractare
1304 469 1501 505 exsequar,

171 533 292 571 quom
321 527 362 558 tu
390 519 482 558 med
506 526 549 557 ut
576 518 737 557 meritus
770 532 857 557 sum
888 532 968 557 non
994 526 1135 558 tractas
1155 517 1391 571 <quom>que
1412 520 1504 559 eicis

1368 587 1500 624 domo.

171 652 242 691 CL.
274 650 396 700 magis
418 649 519 688 istuc
541 648 778 700 percipimus
798 649 931 700 lingua
951 649 1030 688 diei
1050 663 1170 699 quam
1191 649 1301 688 factis
1323 651 1414 688 sore.
1525 667 1564 690 10

171 718 275 755 ARG.
308 717 414 754 solus
435 714 650 754 solitudine
671 728 744 765 ego
765 716 832 753 ted
852 722 971 764 atque
991 714 1041 753 ab
1063 721 1235 764 egestate
1255 714 1395 765 apstuli
1413 730 1422 762 ;

171 782 277 820 solus
299 780 330 818 si
351 782 524 827 ductem,
547 781 687 822 referre
707 780 871 830 gratiam
892 793 1112 830 numquam
1132 787 1255 830 potes.

89 846 150 891 165
172 847 243 886 CL.
275 847 381 884 solus
402 847 575 892 ductam,
600 844 632 884 si
653 858 807 895 semper
827 846 933 883 solus
955 858 1057 895 quae
1077 858 1239 895 poscam
1261 845 1373 884 dabis
1389 861 1399 893 3

171 924 326 961 semper
345 909 417 949 tibi
437 910 676 961 promissum
698 910 844 948 habeto
865 911 939 948 hac
960 911 1056 959 lege,
1079 911 1175 948 dum
1198 923 1356 960 superes
1377 910 1489 950 datis.

170 977 275 1015 ARG.
308 974 376 1026 qui
400 976 543 1015 modus
564 975 716 1015 dandi?
750 989 842 1014 narn
870 988 1089 1026 numquam
1116 982 1158 1013 tu
1179 975 1341 1026 quidem
1362 976 1507 1027 expleri
1529 993 1564 1024 15

1395 1049 1479 1081 otes
1497 1057 1507 1090 3

173 1108 295 1146 modo
315 1119 438 1158 quom
458 1105 656 1157 accepisti,
680 1107 758 1145 hau
789 1107 914 1145 multo
945 1113 1035 1157 post
1062 1105 1212 1157 aliquid
1234 1108 1343 1156 quod
1367 1055 1506 1157 {oscas

1381 1185 1505 1221 paras.

173 1240 243 1278 CL.
276 1238 372 1289 quid
402 1237 549 1277 modist
576 1238 790 1284 ductando,
819 1237 1022 1276 amando?
1061 1251 1332 1288 numquamne
1362 1237 1507 1288 expleri

1364 1304 1507 1353 potes?

91 1380 155 1415 170
174 1370 295 1408 modo
316 1366 507 1415 remisisti,
532 1366 723 1406 continuo
744 1367 821 1405 iam
843 1374 885 1405 ut
906 1366 1102 1406 remittam
1122 1368 1174 1406 ad
1194 1375 1233 1406 te
1253 1381 1375 1419 rogas.

172 1437 278 1473 ARG.
310 1434 404 1474 dedi
433 1434 621 1485 equidem
652 1435 760 1484 quod
791 1446 949 1472 mecum
979 1431 1101 1483 egisti.
1162 1433 1233 1472 CL.
1266 1440 1305 1472 et
1334 1432 1404 1472 tibi
1434 1446 1507 1483 ego

1169 1497 1257 1536 misi
1278 1497 1482 1537 mulierem
1499 1514 1506 1537 :

173 1578 241 1615 par
261 1564 342 1615 pari
363 1566 500 1603 datum
521 1564 856 1610 hostimentumst‚
879 1576 999 1614 opera
1018 1576 1090 1614 pro
1110 1563 1288 1614 pecunia.
1529 1579 1569 1600 20

173 1631 278 1668 ARG.
311 1630 412 1668 male
445 1629 526 1680 agis
566 1642 734 1668 mecum.
795 1629 865 1668 CL.
899 1628 995 1679 quid
1030 1642 1093 1667 me
1127 1642 1299 1676 accusas,
1336 1628 1367 1667 si
1406 1628 1508 1667 facio

1151 1693 1324 1733 officium
1344 1696 1508 1733 meum?

175 1774 265 1799 nam
286 1774 416 1811 neque
437 1762 572 1800 fictum
601 1767 807 1812 usquamst
836 1773 968 1811 neque
992 1759 1141 1810 pictum
1170 1773 1300 1810 neque
1321 1759 1508 1809 scripturn

1254 1824 1293 1863 in
1315 1824 1508 1875 poematis

91 1902 154 1939 175
174 1891 242 1930 ubi
268 1893 358 1931 lena
384 1893 487 1932 bene
516 1900 605 1943 agat
629 1905 720 1931 cum
748 1891 940 1943 quiquam
969 1897 1128 1930 amante
1159 1903 1261 1941 quae
1292 1889 1391 1940 frugi
1422 1903 1508 1928 esse

1410 1956 1503 1993 uolt.

174 2023 279 2061 ARG.
312 2022 408 2061 mihi
442 2022 605 2073 quidem
644 2029 682 2061 te
716 2035 875 2073 parcere
908 2028 1118 2072 aequomst
1152 2021 1324 2067 tandem,
1361 2027 1403 2058 ut
1437 2019 1508 2058 tibi

1266 2086 1404 2125 durem
1425 2085 1504 2124 diu.

221 2193 283 2232 158
305 2202 372 2232 quo
387 2192 494 2231 magis
511 2191 593 2231 (om.
614 2191 699 2230 tam)
717 2189 805 2221 codd.
825 2189 930 2221 Nonii
943 2199 1016 2229 247,
1031 2190 1106 2224 266,
1117 2189 1178 2228 381
1253 2189 1311 2219 161
1338 2198 1508 2228 quomque

176 2235 338 2267 Skulsch:
360 2246 446 2274 quae
464 2235 531 2276 (vel
551 2235 633 2275 que)
652 2233 739 2265 cod.:
774 2238 876 2273 atque
891 2232 1091 2264 Lachmann
1109 2244 1116 2263 :
1139 2241 1226 2272 quae
1253 2242 1308 2262 me
1334 2231 1508 2262 Fleckeisen

179 2281 238 2318 167
252 2280 388 2310 modust
411 2279 471 2308 alii
602 2279 664 2308 168
686 2287 788 2317 quom
804 2277 963 2317 Pylades:
989 2277 1080 2316 quod
1098 2275 1163 2307 cod.
1321 2285 1380 2315 172
1405 2275 1507 2305 hosti-

177 2326 329 2353 mentum
345 2323 460 2353 datum
476 2326 529 2353 est
545 2321 632 2353 codd.
648 2321 752 2352 Nonii
763 2331 784 2360 3
800 2325 828 2351 et
843 2321 925 2361 (om.
942 2321 1012 2359 est)
1030 2329 1095 2359 529
1230 2329 1290 2358 174
1314 2329 1378 2349 nec
1395 2319 1505 2349 fictum

176 2366 365 2406 umqua‘mst
388 2376 499 2405 neque
511 2364 606 2406 (nec)
624 2365 752 2405 pictum
769 2364 926 2406 (dictum)
944 2362 1034 2395 codd.
1051 2362 1155 2394 Nonii
1165 2371 1230 2402 493
1245 2366 1276 2393 et
1286 2372 1350 2401 309
1365 2373 1372 2392 ε
1396 2371 1506 2401 neque

178 2419 319 2449 usquam
338 2409 466 2448 pictum
481 2408 548 2440 cod.
565 2408 627 2450 (iii.
649 2409 681 2450 1)
