1742 2718
718 94 1042 134 BACCHIDES
1509 101 1537 138 Ι.
1559 101 1572 138 i

216 210 274 247 ΡΙ.
306 208 401 259 quid
422 207 454 246 si
473 208 580 257 apud
601 214 638 245 te
659 206 816 245 eueniat
837 206 1020 245 desubito
1042 206 1250 256 prandium
1271 215 1336 245 aut
1358 209 1506 258 potatio
1563 227 1604 259 45

151 277 197 311 80
215 274 312 312 forte
332 280 399 312 aut
419 286 527 319 cena,
551 279 592 310 ut
613 273 712 310 solet
733 271 771 309 in
795 271 876 309 istis
898 271 979 309 ficri
1000 271 1282 318 conciliabulis,

214 337 281 376 ubi
320 350 393 387 ego
431 344 514 375 tum
553 335 817 374 accumbam?
876 337 945 373 BA.
977 336 1084 385 apud
1123 349 1196 381 me,
1234 335 1286 372 mi
1325 336 1464 383 anime,
1503 345 1543 375 ut

927 399 1081 450 lepidus
1102 413 1193 438 cum
1214 400 1344 450 lepida
1364 402 1540 439 accubet.

214 469 324 505 locus
345 466 408 505 hic
428 467 535 517 apud
555 479 638 513 nos,
662 465 844 515 quamuis
865 465 997 503 subito
1018 464 1164 511 uenias,
1183 478 1337 515 semper
1358 465 1454 504 liber
1474 473 1541 505 est.

215 531 283 570 ubi
304 538 345 570 tu
366 530 496 581 lepide
517 531 627 569 udles
649 544 734 569 esse
754 529 836 576 tibi,
858 532 869 549 ‘
884 544 972 569 mea
992 533 1104 579 rosa‚’
1125 531 1221 569 mihi
1243 531 1364 569 dicito

219 601 227 617 ‘
240 598 334 635 dato
351 596 417 646 qui
433 596 535 634 bene
549 595 628 634 sit’:
651 609 723 645 ego
740 594 808 633 ubi
824 596 926 633 bene
943 594 991 632 sit
1007 593 1077 632 tibi
1092 595 1223 632 locum
1237 595 1410 644 lepidum
1427 597 1541 635 dabo.
1565 610 1606 641 50

155 661 196 704 85
219 664 276 699 ΡΙ.
308 660 466 711 rapidus
487 660 629 698 fluuius
650 667 708 698 est
729 660 803 707 hic,
827 673 907 698 non
928 660 1002 697 hac
1023 666 1168 697 temere
1189 659 1338 697 transiri
1361 668 1498 710 potest.

218 729 288 765 BA.
320 735 438 776 atque
462 733 614 764 ecastor
637 726 744 775 apud
769 726 875 764 hunc
896 724 1061 763 fluuium
1082 723 1231 774 aliquid
1258 726 1546 775 perdundumst

1462 791 1543 829 tibi.

217 869 376 894 manum
407 856 458 894 da
487 862 524 893 et
555 868 727 905 sequere.
790 857 847 892 ΡΙ.
879 856 965 902 aha,
999 855 1171 893 minime.
1233 857 1303 893 BA.
1336 854 1431 905 quid
1466 855 1548 893 ita?

942 922 999 957 P1.
1033 920 1125 969 quia
1145 919 1243 958 istoc
1264 919 1545 958 inlecebrosius

216 985 296 1026 fieri
316 986 370 1024 nil
390 992 542 1037 potest:
574 999 661 1033 nox,
687 985 835 1032 mulier,
858 985 996 1023 uinum
1017 984 1168 1023 homini
1189 986 1498 1023 adulescentulo.

216 1055 285 1090 BA.
317 1065 388 1102 age
409 1051 534 1102 igitur,
558 1050 744 1101 equidem
765 1052 831 1101 pol
853 1050 963 1088 nihili
984 1050 1085 1089 facio
1106 1050 1180 1089 nisi
1201 1064 1339 1089 caussa
1359 1057 1435 1089 tua.
1566 1065 1604 1097 55

152 1133 198 1168 90
215 1117 266 1156 ill'
286 1116 449 1167 quidem
470 1117 572 1154 hanc
592 1116 764 1155 abducet
778 1130 789 1163 3
818 1122 860 1153 tu
880 1116 1010 1153 nullus
1031 1115 1213 1162 adfueris,
1236 1114 1267 1154 si
1288 1128 1369 1154 non
1390 1116 1508 1154 lubet.

217 1185 274 1220 P1.
307 1195 447 1221 sumne
465 1189 598 1220 autem
619 1181 731 1219 nihili
746 1180 814 1231 qui
829 1194 1025 1231 nequeam
1042 1180 1200 1231 ingenio
1221 1180 1414 1219 moderari
1431 1182 1549 1219 meo?

217 1251 288 1288 BA.
320 1248 417 1299 quid
446 1255 504 1288 est
533 1249 642 1298 quod
673 1249 854 1286 metuas?
911 1249 968 1284 ΡΙ.
1001 1246 1098 1285 nihil
1128 1254 1197 1293 est,
1227 1259 1363 1296 nugae.
1397 1246 1546 1293 mulier,

1126 1311 1197 1351 tibi
1218 1326 1281 1350 me
1303 1325 1547 1362 emancupo:

217 1382 296 1420 tuo'
325 1394 425 1428 sum,
456 1380 527 1420 tibi
556 1381 662 1419 dedo
692 1393 864 1430 operam.
929 1380 999 1417 BA.
1034 1377 1230 1428 Lepidu's.
1263 1390 1369 1416 nunc
1403 1390 1476 1428 ego
1510 1384 1548 1415 te

1198 1445 1324 1482 facere
1345 1444 1422 1481 hoc
1441 1444 1544 1482 uolo.

217 1529 291 1567 ego
311 1515 432 1555 sorori
453 1528 564 1554 meae
585 1527 725 1553 cenam
745 1511 865 1551 hodie
886 1512 979 1550 dare
999 1511 1092 1549 uolo
1113 1509 1322 1548 uiaticarn:
1565 1509 1608 1541 60

154 1591 198 1629 95
218 1596 266 1621 eo
285 1581 357 1621 tibi
376 1588 580 1632 argentum
601 1578 749 1618 iubebo
769 1576 847 1615 iam
867 1575 972 1614 intus
993 1574 1128 1614 ecferri
1151 1576 1253 1613 foras
1269 1589 1279 1622 3

218 1655 260 1686 tu
281 1647 399 1686 facito
420 1653 657 1697 opsonatum
679 1643 794 1683 nobis
815 1642 864 1681 sit
883 1642 1117 1692 opulentum
1138 1638 1359 1690 opsonium.

219 1715 277 1751 ΡΙ.
309 1726 382 1763 ego
402 1712 619 1763 opsonabo,
642 1724 734 1749 nam
754 1709 795 1748 id
816 1706 1005 1758 flagitium
1026 1719 1158 1744 meum
1180 1704 1239 1751 sit,
1262 1718 1350 1743 mea
1370 1711 1408 1743 te
1428 1703 1549 1755 gratia

218 1786 257 1817 et
276 1792 436 1829 operam
452 1779 545 1817 dare
561 1777 614 1815 mi
630 1776 668 1815 e't
683 1777 735 1815 ad
755 1789 842 1814 earn
860 1786 1020 1824 operam
1038 1773 1164 1810 facere
1181 1777 1382 1821 sumptum
1399 1771 1449 1809 de
1465 1777 1543 1808 tuo.

219 1845 290 1882 BA.
321 1850 360 1882 at
394 1857 467 1893 ego
501 1844 594 1881 nolo
628 1843 721 1881 dare
755 1848 793 1880 te
827 1839 1052 1890 quicquam.
1113 1838 1170 1874 ΡΙ.
1203 1835 1297 1874 sine.
1358 1837 1428 1873 BA.
1461 1835 1546 1873 sino
1567 1843 1606 1885 65

1153 1899 1349 1950 equidem,
1373 1899 1405 1938 si
1425 1899 1543 1938 lubet.

136 1984 202 2011 100
218 1988 394 2026 propera,
425 1975 580 2014 amabo.
640 1977 697 2013 ΡΙ.
730 1974 835 2025 prius
864 1972 928 2011 hic
957 1971 1078 2010 adero
1107 1980 1227 2018 quam
1257 1972 1295 2004 te
1323 1978 1454 2004 amare
1483 1965 1545 2003 de-

1354 2043 1547 2068 mnam.—

218 2107 283 2144 SO.
314 2105 416 2145 bene
443 2119 506 2144 me
534 2104 704 2155 accipies
732 2103 1024 2148 aduenientem,
1053 2113 1140 2138 mea
1170 2111 1288 2137 soror.
1349 2097 1419 2133 BA.
1452 2094 1547 2145 quid

384 2167 390 2172 “
1268 2162 1332 2209 ita,
1355 2160 1547 2211 opsecro?

264 2283 305 2312 79
328 2273 464 2305 eueniat
482 2273 714 2305 Cameran'us:
738 2272 852 2303 ueniat
869 2270 932 2302 cod.
1069 2269 1108 2298 81
1135 2267 1309 2299 accumbet
1326 2265 1388 2297 cod.
1505 2274 1546 2303 90

220 2317 347 2348 nullum
366 2317 456 2355 Brix,
472 2318 525 2348 cui
538 2316 582 2348 ill·
601 2316 769 2357 quidfem)
787 2316 874 2346 hanc
890 2313 1031 2354 displicet
1162 2322 1204 2351 94
1229 2311 1300 2341 dari
1317 2310 1389 2341 PCD
1504 2316 1545 2346 95

220 2371 261 2391 eo
272 2360 450 2392 Hermann
465 2372 472 2392 ε
492 2371 558 2400 ego
568 2360 647 2401 cod„
662 2360 738 2391 item
754 2359 820 2390 cod.
838 2358 1051 2390 Charisii201
1069 2355 1119 2395 (tf
1134 2365 1198 2394 ego
1211 2365 1240 2386 v.
1257 2354 1313 2393 94)
1426 2351 1545 2382 iubebo

221 2403 286 2436 cod.
307 2403 405 2436 Char.
426 2415 434 2435 ε
455 2404 554 2436 iubeo
571 2403 638 2436 cod.
777 2413 833 2433 101
860 2402 1005 2442 accipies
1022 2398 1174 2439 Bentley:
1198 2397 1322 2437 accipis
1335 2396 1399 2427 cod.
