1742 2718
768 67 975 105 CASINA
1462 69 1530 106 IV.
1552 68 1566 104 i

121 190 185 228 775
208 179 357 217 illarum
380 187 490 217 oratu
513 180 686 225 faciunt;
715 179 802 218 illae
822 188 953 218 autem
974 193 1110 219 senem

207 244 371 294 cupiunt
392 245 595 283 extrudere
617 244 842 283 incenatum
864 259 910 283 ex
929 245 1105 292 aedibus,

207 316 249 346 ut
269 308 376 358 ipsae
397 311 502 347 solae
523 309 669 347 uentris
690 309 917 348 distendant
937 324 1039 349 suos.

207 373 301 411 noui
322 387 395 423 ego
415 373 499 411 illas
519 374 772 412 ambestrices
790 389 796 411 τ
827 374 1017 413 corbitam
1038 375 1116 413 cibi
1558 387 1598 408 20

207 451 384 477 comesse
404 446 579 488 possunt.
640 440 710 477 sed
730 438 900 488 aperitur
920 439 1075 478 ostium.

464 587 790 624 LvsroAmvs
903 589 1263 626 PARDAL1SCA
1550 585 1579 622 ii

119 678 187 713 700
207 668 275 705 Lv.
310 666 349 705 Si
370 666 514 717 sapitiS‚
539 681 644 714 uxor,
668 682 740 706 uos
760 675 893 707 tamen
914 668 1116 716 cenabitis,

206 745 304 769 cena
324 731 390 770 ubi
412 731 482 770 erit
503 739 615 770 cocta
633 747 639 777 ;
669 732 741 783 ego
762 732 838 771 ruri
859 746 1063 771 cenauero.

206 810 297 834 nam
319 810 468 834 nouom
489 797 671 835 maritum
699 796 702 848 Ι
730 805 767 836 et
788 812 934 836 nouam
955 806 1118 849 nuptam
1140 801 1233 837 uolo

206 875 270 899 rus
290 861 484 911 prosequi,
508 862 602 901 noui
624 862 831 901 hominum
852 877 980 902 mores
1001 865 1214 909 maleficos,

206 940 256 964 ne
277 926 364 976 quis
385 941 471 965 eam
491 927 667 977 abripiat.
728 927 843 966 facite
864 936 997 967 uostro
1017 929 1151 967 animo
1173 931 1304 979 uolup.
1555 948 1574 982 5

119 995 184 1039 785
205 993 275 1030 sed
295 999 500 1042 properate
522 991 639 1030 istum
659 1000 778 1042 atque
799 992 912 1031 istam
933 1000 1109 1031 actutum
1131 993 1319 1042 emittere,

206 1057 367 1095 tandem
389 1064 431 1094 ut
452 1056 658 1096 ueniamus
679 1057 756 1096 luci
774 1072 784 1105 3
814 1071 886 1108 ego
907 1071 989 1096 cras
1011 1058 1075 1096 hic
1095 1072 1171 1097 ero.

205 1135 290 1159 cras
309 1121 495 1168 habuero,
520 1135 625 1168 uxor,
649 1135 722 1172 ego
744 1129 876 1160 tamen
898 1122 1138 1161 conuiuium.

207 1188 275 1224 PA.
308 1187 350 1224 fit
371 1188 480 1236 quod
501 1188 674 1225 futurum
696 1187 798 1226 dixi:
830 1187 1056 1226 incenatum
1077 1202 1213 1227 senem

205 1252 307 1289 foras
328 1253 539 1290 extrudunt
560 1252 752 1291 mulieres.
814 1254 884 1290 Lv.
917 1253 1012 1303 quid
1033 1261 1074 1292 tu
1096 1253 1159 1292 hic
1179 1254 1260 1304 agis
1277 1256 1293 1292 ?
1558 1271 1596 1294 10

119 1327 187 1364 790
207 1318 274 1354 ΡΑ.
308 1330 381 1367 ego
402 1331 449 1355 eo
470 1330 550 1366 quo
571 1331 634 1356 me
654 1317 738 1367 ipsa
759 1317 873 1356 misit.
935 1319 1003 1356 Lv.
1036 1321 1188 1358 ueron?
1245 1322 1313 1358 PA.
1346 1320 1457 1360 serio.

205 1383 275 1419 ΙΝ.
299 1382 395 1432 quid
411 1381 474 1420 hic
491 1384 721 1432 speculare?
761 1384 829 1420 ΡΑ.
853 1383 907 1420 nil
923 1383 1109 1433 equidem
1126 1385 1317 1434 speculor.
1359 1387 1428 1424 Lv.
1451 1385 1533 1425 abi:

203 1453 245 1484 tu
266 1446 330 1485 hic
351 1455 523 1494 cunctas,
547 1447 651 1486 intus
672 1447 737 1485 alii
757 1448 953 1486 festinant.
1014 1451 1082 1486 PA.
1116 1463 1231 1488 eo.—

205 1514 274 1550 Lv.
307 1512 372 1551 abi
392 1512 484 1552 hinc
505 1513 556 1552 sis
576 1527 678 1564 ergo,
702 1528 973 1564 pessumarum
994 1527 1189 1564 pessuma.

203 1576 335 1616 iamne
354 1577 450 1616 abiit
470 1578 610 1617 illaec?
639 1578 769 1617 dicere
790 1578 854 1617 hic
874 1578 1033 1628 quiduis
1053 1579 1153 1618 licet.
1556 1593 1593 1625 15

118 1651 182 1689 795
204 1642 272 1693 qui
292 1650 408 1690 amat,
431 1650 563 1682 tamen
584 1645 726 1691 hercle,
749 1643 780 1682 si
802 1644 951 1691 essurit,
974 1645 1126 1682 nullum
1147 1644 1295 1683 essurit.

204 1708 275 1746 sed
295 1710 433 1746 eccum
453 1708 698 1758 progreditur
718 1722 809 1747 cum
831 1723 977 1748 corona
997 1716 1035 1747 et
1055 1711 1238 1760 lampade

204 1773 306 1811 meu'
326 1772 465 1820 socius,
489 1787 660 1824 compar,
683 1773 936 1813 commaritus
956 1774 1106 1813 uilicus.

517 1913 779 1951 OLvMplo
890 1914 1216 1951 LYSIDAMVS
1549 1917 1594 1954 iii

204 1992 278 2032 OL.
318 1994 404 2043 Age
432 1993 590 2042 tibicen,
619 1996 715 2034 dum
747 1995 853 2034 illam
881 1996 1057 2035 educunt
1083 1996 1161 2034 huc
1190 2009 1336 2034 nouam
1366 2003 1530 2047 nuptam

1413 2063 1526 2108 foras,

246 2162 309 2200 776
331 2161 486 2193 incenam
500 2162 580 2205 (-em
593 2162 637 2193 Βι
656 2167 693 2194 ut
703 2163 782 2202 md.)
798 2164 831 2194 P
919 2165 981 2203 778
1005 2164 1222 2196 ambestrices
1234 2164 1388 2198 Loman:
1413 2165 1528 2195 ambas

201 2205 343 2235 estrices
368 2205 456 2238 codd.
547 2207 712 2237 corbitant
736 2207 795 2238 tibi
812 2208 845 2238 P
986 2218 1048 2248 779
1072 2218 1185 2239 comes
1209 2219 1285 2240 esse
1301 2209 1335 2238 Ρ
1465 2209 1527 2248 782

199 2247 256 2277 vix
269 2245 366 2290 (me)
382 2254 416 2281 et
539 2251 602 2289 785
627 2251 761 2281 mittere
781 2251 813 2281 A
921 2252 985 2291 786
1008 2250 1110 2294 (rus)
1133 2252 1198 2283 luci
1224 2252 1363 2283 Mueller
1463 2262 1525 2291 792

199 2290 254 2322 hic
269 2290 458 2324 Acidalius:
483 2293 562 2325 hinc
579 2293 620 2334 P,
636 2294 669 2324 A
689 2305 721 2326 n.
742 2295 762 2325 l.
899 2306 959 2335 797
985 2305 1125 2327 socerus
1140 2295 1174 2326 P
