<?xml version="1.0" encoding="UTF-8"?>
<!DOCTYPE html PUBLIC "-//W3C//DTD XHTML 1.0 Transitional//EN"
    "http://www.w3.org/TR/xhtml1/DTD/xhtml1-transitional.dtd">
<html xmlns="http://www.w3.org/1999/xhtml" xml:lang="en" lang="en">
 <head>
  <title>
</title>
<meta http-equiv="Content-Type" content="text/html;charset=utf-8" />
  <meta name='ocr-system' content='tesseract 3.04.00' />
  <meta name='ocr-capabilities' content='ocr_page ocr_carea ocr_par ocr_line ocrx_word'/>
</head>
<body>
  <div class='ocr_page' id='page_1' title='image "./tmacciplauticomo01plauuoft_0229.png"; bbox 0 0 1742 2718; ppageno 0'>
   <div class='ocr_carea' id='block_1_1' title="bbox 757 54 1595 93">
    <p class='ocr_par' dir='ltr' id='par_1_1' title="bbox 757 54 1595 93">
     <span class='ocr_line' id='line_1_1' title="bbox 757 54 1595 93; baseline -0.001 0"><span class='ocrx_word' id='word_1_1' title='bbox 757 54 986 93; x_wconf 86' lang='lat' dir='ltr'><strong>CAPTIVI</strong></span> <span class='ocrx_word' id='word_1_2' title='bbox 1490 55 1541 92; x_wconf 92' lang='grc' dir='ltr'>ΙΙ.</span> <span class='ocrx_word' id='word_1_3' title='bbox 1564 54 1595 91; x_wconf 77' lang='lat'>11</span> 
     </span>
    </p>
   </div>
   <div class='ocr_carea' id='block_1_2' title="bbox 112 165 1605 2042">
    <p class='ocr_par' dir='ltr' id='par_1_2' title="bbox 112 165 1605 2042">
     <span class='ocr_line' id='line_1_2' title="bbox 205 165 1378 216; baseline 0 -13"><span class='ocrx_word' id='word_1_4' title='bbox 205 166 276 204; x_wconf 92' lang='lat' dir='ltr'>sed</span> <span class='ocrx_word' id='word_1_5' title='bbox 297 165 417 205; x_wconf 86' lang='lat' dir='ltr'>uiden</span> <span class='ocrx_word' id='word_1_6' title='bbox 434 167 450 204; x_wconf 89' lang='lat'>?</span> <span class='ocrx_word' id='word_1_7' title='bbox 478 167 635 205; x_wconf 89' lang='lat' dir='ltr'>fortuna</span> <span class='ocrx_word' id='word_1_8' title='bbox 654 167 829 205; x_wconf 84' lang='lat' dir='ltr'>humana</span> <span class='ocrx_word' id='word_1_9' title='bbox 849 165 959 216; x_wconf 87' lang='lat' dir='ltr'>fingit</span> <span class='ocrx_word' id='word_1_10' title='bbox 979 172 1161 216; x_wconf 81' lang='lat' dir='ltr'>artatque</span> <span class='ocrx_word' id='word_1_11' title='bbox 1182 172 1224 204; x_wconf 89' lang='lat' dir='ltr'>ut</span> <span class='ocrx_word' id='word_1_12' title='bbox 1246 166 1378 203; x_wconf 85' lang='lat' dir='ltr'>lubet:</span> 
     </span>
     <span class='ocr_line' id='line_1_3' title="bbox 118 230 1605 280; baseline -0.001 -12"><span class='ocrx_word' id='word_1_13' title='bbox 118 242 183 279; x_wconf 85' lang='lat'>305</span> <span class='ocrx_word' id='word_1_14' title='bbox 205 244 268 269; x_wconf 88' lang='lat' dir='ltr'>me</span> <span class='ocrx_word' id='word_1_15' title='bbox 288 231 356 280; x_wconf 85' lang='lat' dir='ltr'>qui</span> <span class='ocrx_word' id='word_1_16' title='bbox 378 231 474 269; x_wconf 90' lang='lat' dir='ltr'>liber</span> <span class='ocrx_word' id='word_1_17' title='bbox 493 232 643 269; x_wconf 84' lang='lat' dir='ltr'>fueram</span> <span class='ocrx_word' id='word_1_18' title='bbox 664 245 821 270; x_wconf 89' lang='lat' dir='ltr'>seruom</span> <span class='ocrx_word' id='word_1_19' title='bbox 842 231 946 279; x_wconf 84' lang='lat' dir='ltr'>fecit,</span> <span class='ocrx_word' id='word_1_20' title='bbox 968 245 990 270; x_wconf 92' lang='lat' dir='ltr'>e</span> <span class='ocrx_word' id='word_1_21' title='bbox 1010 244 1167 269; x_wconf 89' lang='lat' dir='ltr'>summo</span> <span class='ocrx_word' id='word_1_22' title='bbox 1189 230 1411 278; x_wconf 84' lang='lat' dir='ltr'>infumum;</span> <span class='ocrx_word' id='word_1_23' title='bbox 1564 246 1605 279; x_wconf 85' lang='lat'>55</span> 
     </span>
     <span class='ocr_line' id='line_1_4' title="bbox 204 294 1432 346; baseline 0.001 -14"><span class='ocrx_word' id='word_1_24' title='bbox 204 295 271 345; x_wconf 91' lang='lat' dir='ltr'>qui</span> <span class='ocrx_word' id='word_1_25' title='bbox 292 294 481 345; x_wconf 87' lang='lat' dir='ltr'>imperare</span> <span class='ocrx_word' id='word_1_26' title='bbox 501 295 709 343; x_wconf 65' lang='lat' dir='ltr'>insumam,</span> <span class='ocrx_word' id='word_1_27' title='bbox 732 309 838 334; x_wconf 89' lang='lat' dir='ltr'>nunc</span> <span class='ocrx_word' id='word_1_28' title='bbox 858 296 1015 334; x_wconf 86' lang='lat' dir='ltr'>alterius</span> <span class='ocrx_word' id='word_1_29' title='bbox 1037 295 1202 346; x_wconf 89' lang='lat' dir='ltr'>imperio</span> <span class='ocrx_word' id='word_1_30' title='bbox 1225 308 1432 345; x_wconf 89' lang='lat' dir='ltr'>opsequor.</span> 
     </span>
     <span class='ocr_line' id='line_1_5' title="bbox 204 359 1355 411; baseline 0 -13"><span class='ocrx_word' id='word_1_31' title='bbox 204 367 242 398; x_wconf 91' lang='lat' dir='ltr'>et</span> <span class='ocrx_word' id='word_1_32' title='bbox 263 359 424 409; x_wconf 89' lang='lat' dir='ltr'>quidem</span> <span class='ocrx_word' id='word_1_33' title='bbox 446 360 488 407; x_wconf 90' lang='lat' dir='ltr'>si,</span> <span class='ocrx_word' id='word_1_34' title='bbox 511 361 677 410; x_wconf 80' lang='lat' dir='ltr'>proinde</span> <span class='ocrx_word' id='word_1_35' title='bbox 697 369 739 399; x_wconf 89' lang='lat' dir='ltr'>ut</span> <span class='ocrx_word' id='word_1_36' title='bbox 761 361 843 411; x_wconf 90' lang='lat' dir='ltr'>ipse</span> <span class='ocrx_word' id='word_1_37' title='bbox 865 360 919 398; x_wconf 92' lang='lat' dir='ltr'>fui</span> <span class='ocrx_word' id='word_1_38' title='bbox 940 361 1151 411; x_wconf 84' lang='lat' dir='ltr'>imperator</span> <span class='ocrx_word' id='word_1_39' title='bbox 1174 360 1355 407; x_wconf 83' lang='lat' dir='ltr'>familiae,</span> 
     </span>
     <span class='ocr_line' id='line_1_6' title="bbox 205 425 1543 475; baseline -0.001 -11"><span class='ocrx_word' id='word_1_40' title='bbox 205 426 374 464; x_wconf 80' lang='lat' dir='ltr'>habeam</span> <span class='ocrx_word' id='word_1_41' title='bbox 405 426 625 473; x_wconf 86' lang='lat' dir='ltr'>dominum,</span> <span class='ocrx_word' id='word_1_42' title='bbox 659 440 740 465; x_wconf 91' lang='lat' dir='ltr'>non</span> <span class='ocrx_word' id='word_1_43' title='bbox 775 439 909 465; x_wconf 88' lang='lat' dir='ltr'>uerear</span> <span class='ocrx_word' id='word_1_44' title='bbox 938 440 988 465; x_wconf 90' lang='lat' dir='ltr'>ne</span> <span class='ocrx_word' id='word_1_45' title='bbox 1020 426 1164 464; x_wconf 89' lang='lat' dir='ltr'>iniuste</span> <span class='ocrx_word' id='word_1_46' title='bbox 1196 433 1262 464; x_wconf 90' lang='lat' dir='ltr'>aut</span> <span class='ocrx_word' id='word_1_47' title='bbox 1291 425 1460 475; x_wconf 82' lang='lat' dir='ltr'>grauiter</span> <span class='ocrx_word' id='word_1_48' title='bbox 1489 425 1543 464; x_wconf 89' lang='lat' dir='ltr'>mi</span> 
     </span>
     <span class='ocr_line' id='line_1_7' title="bbox 1365 492 1539 541; baseline 0.006 -12"><span class='ocrx_word' id='word_1_49' title='bbox 1365 492 1539 541; x_wconf 87' lang='lat' dir='ltr'>imperet.</span> 
     </span>
     <span class='ocr_line' id='line_1_8' title="bbox 206 556 1484 607; baseline -0.001 -12"><span class='ocrx_word' id='word_1_50' title='bbox 206 556 349 607; x_wconf 86' lang='lat' dir='ltr'>Hegio,</span> <span class='ocrx_word' id='word_1_51' title='bbox 372 558 448 596; x_wconf 89' lang='lat' dir='ltr'>hoc</span> <span class='ocrx_word' id='word_1_52' title='bbox 468 565 507 596; x_wconf 89' lang='lat' dir='ltr'>te</span> <span class='ocrx_word' id='word_1_53' title='bbox 527 557 734 604; x_wconf 87' lang='lat' dir='ltr'>monitum,</span> <span class='ocrx_word' id='word_1_54' title='bbox 757 556 831 594; x_wconf 87' lang='lat' dir='ltr'>nisi</span> <span class='ocrx_word' id='word_1_55' title='bbox 852 558 950 595; x_wconf 90' lang='lat' dir='ltr'>forte</span> <span class='ocrx_word' id='word_1_56' title='bbox 971 556 1054 607; x_wconf 89' lang='lat' dir='ltr'>ipse</span> <span class='ocrx_word' id='word_1_57' title='bbox 1075 570 1156 594; x_wconf 87' lang='lat' dir='ltr'>non</span> <span class='ocrx_word' id='word_1_58' title='bbox 1177 556 1250 603; x_wconf 81' lang='lat' dir='ltr'>uis,</span> <span class='ocrx_word' id='word_1_59' title='bbox 1270 558 1484 594; x_wconf 86' lang='lat' dir='ltr'>uolueram.</span> 
     </span>
     <span class='ocr_line' id='line_1_9' title="bbox 115 621 1605 672; baseline 0 -14"><span class='ocrx_word' id='word_1_60' title='bbox 115 634 186 668; x_wconf 81' lang='lat'>310</span> <span class='ocrx_word' id='word_1_61' title='bbox 205 623 288 662; x_wconf 83' lang='lat' dir='ltr'>HE.</span> <span class='ocrx_word' id='word_1_62' title='bbox 318 624 478 672; x_wconf 86' lang='lat' dir='ltr'>loquere</span> <span class='ocrx_word' id='word_1_63' title='bbox 507 624 702 661; x_wconf 80' lang='lat' dir='ltr'>audacter.</span> <span class='ocrx_word' id='word_1_64' title='bbox 763 624 834 660; x_wconf 74' lang='grc' dir='ltr'>ΤΥ.</span> <span class='ocrx_word' id='word_1_65' title='bbox 868 630 948 660; x_wconf 86' lang='lat' dir='ltr'>tam</span> <span class='ocrx_word' id='word_1_66' title='bbox 981 635 1054 671; x_wconf 89' lang='lat' dir='ltr'>ego</span> <span class='ocrx_word' id='word_1_67' title='bbox 1086 622 1139 660; x_wconf 89' lang='lat' dir='ltr'>fui</span> <span class='ocrx_word' id='word_1_68' title='bbox 1169 629 1261 659; x_wconf 84' lang='lat' dir='ltr'>ante</span> <span class='ocrx_word' id='word_1_69' title='bbox 1292 621 1389 659; x_wconf 89' lang='lat' dir='ltr'>liber</span> <span class='ocrx_word' id='word_1_70' title='bbox 1421 635 1540 671; x_wconf 85' lang='lat' dir='ltr'>quam</span> <span class='ocrx_word' id='word_1_71' title='bbox 1562 626 1605 658; x_wconf 90' lang='lat'>60</span> 
     </span>
     <span class='ocr_line' id='line_1_10' title="bbox 1276 693 1541 736; baseline 0 -12"><span class='ocrx_word' id='word_1_72' title='bbox 1276 694 1416 736; x_wconf 89' lang='lat' dir='ltr'>gnatus</span> <span class='ocrx_word' id='word_1_73' title='bbox 1439 693 1541 733; x_wconf 87' lang='lat' dir='ltr'>tuos,</span> 
     </span>
     <span class='ocr_line' id='line_1_11' title="bbox 202 751 1361 803; baseline -0.002 -12"><span class='ocrx_word' id='word_1_74' title='bbox 202 760 283 791; x_wconf 89' lang='lat' dir='ltr'>tam</span> <span class='ocrx_word' id='word_1_75' title='bbox 304 752 401 791; x_wconf 90' lang='lat' dir='ltr'>mihi</span> <span class='ocrx_word' id='word_1_76' title='bbox 421 766 539 803; x_wconf 86' lang='lat' dir='ltr'>quarn</span> <span class='ocrx_word' id='word_1_77' title='bbox 561 752 614 790; x_wconf 91' lang='lat' dir='ltr'>illi</span> <span class='ocrx_word' id='word_1_78' title='bbox 635 752 855 790; x_wconf 85' lang='lat' dir='ltr'>libertatem</span> <span class='ocrx_word' id='word_1_79' title='bbox 878 751 1029 790; x_wconf 88' lang='lat' dir='ltr'>hostilis</span> <span class='ocrx_word' id='word_1_80' title='bbox 1050 751 1191 802; x_wconf 90' lang='lat' dir='ltr'>eripuit</span> <span class='ocrx_word' id='word_1_81' title='bbox 1212 765 1361 798; x_wconf 85' lang='lat' dir='ltr'>manus,</span> 
     </span>
     <span class='ocr_line' id='line_1_12' title="bbox 202 805 1524 868; baseline -0.002 -12"><span class='ocrx_word' id='word_1_82' title='bbox 202 825 283 856; x_wconf 84' lang='lat' dir='ltr'>tam</span> <span class='ocrx_word' id='word_1_83' title='bbox 303 817 367 856; x_wconf 87' lang='lat' dir='ltr'>ille</span> <span class='ocrx_word' id='word_1_84' title='bbox 386 819 493 868; x_wconf 85' lang='lat' dir='ltr'>apud</span> <span class='ocrx_word' id='word_1_85' title='bbox 514 805 586 855; x_wconf 90' lang='lat' dir='ltr'>nos</span> <span class='ocrx_word' id='word_1_86' title='bbox 608 816 726 855; x_wconf 88' lang='lat' dir='ltr'>seruit</span> <span class='ocrx_word' id='word_1_87' title='bbox 747 830 866 867; x_wconf 87' lang='lat' dir='ltr'>quam</span> <span class='ocrx_word' id='word_1_88' title='bbox 894 829 968 866; x_wconf 92' lang='lat' dir='ltr'>ego</span> <span class='ocrx_word' id='word_1_89' title='bbox 989 829 1094 855; x_wconf 90' lang='lat' dir='ltr'>nunc</span> <span class='ocrx_word' id='word_1_90' title='bbox 1115 816 1179 854; x_wconf 85' lang='lat' dir='ltr'>hic</span> <span class='ocrx_word' id='word_1_91' title='bbox 1199 817 1305 866; x_wconf 87' lang='lat' dir='ltr'>apud</span> <span class='ocrx_word' id='word_1_92' title='bbox 1327 824 1364 855; x_wconf 92' lang='lat' dir='ltr'>te</span> <span class='ocrx_word' id='word_1_93' title='bbox 1385 816 1524 855; x_wconf 86' lang='lat' dir='ltr'>Seruio.</span> 
     </span>
     <span class='ocr_line' id='line_1_13' title="bbox 203 881 1499 933; baseline -0.001 -12"><span class='ocrx_word' id='word_1_94' title='bbox 203 890 262 922; x_wconf 88' lang='lat' dir='ltr'>est</span> <span class='ocrx_word' id='word_1_95' title='bbox 281 884 458 933; x_wconf 91' lang='lat' dir='ltr'>profecto</span> <span class='ocrx_word' id='word_1_96' title='bbox 479 884 577 929; x_wconf 88' lang='lat' dir='ltr'>deu’,</span> <span class='ocrx_word' id='word_1_97' title='bbox 602 882 668 932; x_wconf 89' lang='lat' dir='ltr'>qui</span> <span class='ocrx_word' id='word_1_98' title='bbox 690 896 792 932; x_wconf 87' lang='lat' dir='ltr'>quae</span> <span class='ocrx_word' id='word_1_99' title='bbox 812 895 885 920; x_wconf 92' lang='lat' dir='ltr'>nos</span> <span class='ocrx_word' id='word_1_100' title='bbox 905 881 1076 931; x_wconf 77' lang='lat' dir='ltr'>gerimus</span> <span class='ocrx_word' id='word_1_101' title='bbox 1096 881 1286 931; x_wconf 86' lang='lat' dir='ltr'>auditque</span> <span class='ocrx_word' id='word_1_102' title='bbox 1308 889 1346 920; x_wconf 90' lang='lat' dir='ltr'>et</span> <span class='ocrx_word' id='word_1_103' title='bbox 1368 881 1499 920; x_wconf 85' lang='lat' dir='ltr'>uidet:</span> 
     </span>
     <span class='ocr_line' id='line_1_14' title="bbox 203 946 1432 997; baseline -0.001 -11"><span class='ocrx_word' id='word_1_104' title='bbox 203 948 247 995; x_wconf 91' lang='lat' dir='ltr'>is,</span> <span class='ocrx_word' id='word_1_105' title='bbox 269 947 326 986; x_wconf 91' lang='lat' dir='ltr'>uti</span> <span class='ocrx_word' id='word_1_106' title='bbox 346 955 389 986; x_wconf 91' lang='lat' dir='ltr'>tu</span> <span class='ocrx_word' id='word_1_107' title='bbox 409 961 472 985; x_wconf 91' lang='lat' dir='ltr'>me</span> <span class='ocrx_word' id='word_1_108' title='bbox 493 947 556 985; x_wconf 92' lang='lat' dir='ltr'>hic</span> <span class='ocrx_word' id='word_1_109' title='bbox 578 947 771 994; x_wconf 86' lang='lat' dir='ltr'>habueris,</span> <span class='ocrx_word' id='word_1_110' title='bbox 795 947 962 997; x_wconf 87' lang='lat' dir='ltr'>proinde</span> <span class='ocrx_word' id='word_1_111' title='bbox 983 947 1094 985; x_wconf 89' lang='lat' dir='ltr'>illum</span> <span class='ocrx_word' id='word_1_112' title='bbox 1115 946 1194 985; x_wconf 86' lang='lat' dir='ltr'>illie</span> <span class='ocrx_word' id='word_1_113' title='bbox 1216 947 1432 994; x_wconf 81' lang='lat' dir='ltr'>curauerit3</span> 
     </span>
     <span class='ocr_line' id='line_1_15' title="bbox 115 1011 1600 1062; baseline 0 -12"><span class='ocrx_word' id='word_1_114' title='bbox 115 1025 181 1062; x_wconf 87' lang='lat'>315</span> <span class='ocrx_word' id='word_1_115' title='bbox 202 1012 306 1050; x_wconf 91' lang='lat' dir='ltr'>bene</span> <span class='ocrx_word' id='word_1_116' title='bbox 326 1011 490 1050; x_wconf 90' lang='lat' dir='ltr'>merenti</span> <span class='ocrx_word' id='word_1_117' title='bbox 511 1012 614 1050; x_wconf 89' lang='lat' dir='ltr'>bene</span> <span class='ocrx_word' id='word_1_118' title='bbox 634 1012 832 1061; x_wconf 83' lang='lat' dir='ltr'>profuerit,</span> <span class='ocrx_word' id='word_1_119' title='bbox 852 1013 954 1050; x_wconf 86' lang='lat' dir='ltr'>male</span> <span class='ocrx_word' id='word_1_120' title='bbox 976 1011 1140 1051; x_wconf 89' lang='lat' dir='ltr'>merenti</span> <span class='ocrx_word' id='word_1_121' title='bbox 1160 1025 1230 1062; x_wconf 86' lang='lat' dir='ltr'>par</span> <span class='ocrx_word' id='word_1_122' title='bbox 1250 1013 1342 1051; x_wconf 70' lang='lat' dir='ltr'>erit·</span> <span class='ocrx_word' id='word_1_123' title='bbox 1560 1015 1600 1056; x_wconf 90' lang='lat'>65</span> 
     </span>
     <span class='ocr_line' id='line_1_16' title="bbox 202 1077 1332 1127; baseline 0.001 -12"><span class='ocrx_word' id='word_1_124' title='bbox 202 1090 322 1127; x_wconf 87' lang='lat' dir='ltr'>quarn</span> <span class='ocrx_word' id='word_1_125' title='bbox 342 1084 384 1115; x_wconf 94' lang='lat' dir='ltr'>tu</span> <span class='ocrx_word' id='word_1_126' title='bbox 406 1077 529 1115; x_wconf 89' lang='lat' dir='ltr'>filiurn</span> <span class='ocrx_word' id='word_1_127' title='bbox 551 1084 661 1115; x_wconf 89' lang='lat' dir='ltr'>tuom</span> <span class='ocrx_word' id='word_1_128' title='bbox 683 1084 763 1115; x_wconf 85' lang='lat' dir='ltr'>tam</span> <span class='ocrx_word' id='word_1_129' title='bbox 785 1085 894 1127; x_wconf 89' lang='lat' dir='ltr'>pater</span> <span class='ocrx_word' id='word_1_130' title='bbox 915 1091 978 1115; x_wconf 87' lang='lat' dir='ltr'>me</span> <span class='ocrx_word' id='word_1_131' title='bbox 999 1079 1102 1115; x_wconf 85' lang='lat' dir='ltr'>meu&#39;</span> <span class='ocrx_word' id='word_1_132' title='bbox 1123 1077 1332 1116; x_wconf 85' lang='lat' dir='ltr'>desiderat.</span> 
     </span>
     <span class='ocr_line' id='line_1_17' title="bbox 204 1141 1540 1192; baseline 0.001 -12"><span class='ocrx_word' id='word_1_133' title='bbox 204 1143 284 1180; x_wconf 83' lang='lat' dir='ltr'>HE.</span> <span class='ocrx_word' id='word_1_134' title='bbox 317 1141 478 1180; x_wconf 89' lang='lat' dir='ltr'>memini</span> <span class='ocrx_word' id='word_1_135' title='bbox 499 1155 572 1191; x_wconf 86' lang='lat' dir='ltr'>ego</span> <span class='ocrx_word' id='word_1_136' title='bbox 594 1141 704 1180; x_wconf 87' lang='lat' dir='ltr'>istuc.</span> <span class='ocrx_word' id='word_1_137' title='bbox 764 1143 834 1181; x_wconf 87' lang='lat' dir='ltr'>sed</span> <span class='ocrx_word' id='word_1_138' title='bbox 860 1142 997 1180; x_wconf 88' lang='lat' dir='ltr'>faterin</span> <span class='ocrx_word' id='word_1_139' title='bbox 1022 1143 1162 1181; x_wconf 87' lang='lat' dir='ltr'>eadem</span> <span class='ocrx_word' id='word_1_140' title='bbox 1191 1155 1292 1192; x_wconf 88' lang='lat' dir='ltr'>quae</span> <span class='ocrx_word' id='word_1_141' title='bbox 1314 1142 1377 1180; x_wconf 89' lang='lat' dir='ltr'>hic</span> <span class='ocrx_word' id='word_1_142' title='bbox 1398 1144 1540 1182; x_wconf 87' lang='lat' dir='ltr'>fassust</span> 
     </span>
     <span class='ocr_line' id='line_1_18' title="bbox 1415 1208 1540 1246; baseline 0 0"><span class='ocrx_word' id='word_1_143' title='bbox 1415 1208 1540 1246; x_wconf 90' lang='lat' dir='ltr'>mihi?</span> 
     </span>
     <span class='ocr_line' id='line_1_19' title="bbox 201 1272 1365 1322; baseline 0.001 -12"><span class='ocrx_word' id='word_1_144' title='bbox 201 1274 274 1310; x_wconf 71' lang='grc' dir='ltr'>ΤΥ.</span> <span class='ocrx_word' id='word_1_145' title='bbox 307 1285 380 1322; x_wconf 91' lang='lat' dir='ltr'>ego</span> <span class='ocrx_word' id='word_1_146' title='bbox 400 1272 498 1322; x_wconf 91' lang='lat' dir='ltr'>patri</span> <span class='ocrx_word' id='word_1_147' title='bbox 520 1285 610 1310; x_wconf 89' lang='lat' dir='ltr'>meo</span> <span class='ocrx_word' id='word_1_148' title='bbox 632 1285 717 1310; x_wconf 81' lang='lat' dir='ltr'>esse</span> <span class='ocrx_word' id='word_1_149' title='bbox 738 1273 861 1310; x_wconf 88' lang='lat' dir='ltr'>fateor</span> <span class='ocrx_word' id='word_1_150' title='bbox 882 1285 1056 1311; x_wconf 87' lang='lat' dir='ltr'>summas</span> <span class='ocrx_word' id='word_1_151' title='bbox 1077 1272 1234 1312; x_wconf 89' lang='lat' dir='ltr'>diuitias</span> <span class='ocrx_word' id='word_1_152' title='bbox 1256 1273 1365 1312; x_wconf 91' lang='lat' dir='ltr'>domi</span> 
     </span>
     <span class='ocr_line' id='line_1_20' title="bbox 202 1339 1440 1390; baseline 0.002 -15"><span class='ocrx_word' id='word_1_153' title='bbox 202 1351 345 1387; x_wconf 90' lang='lat' dir='ltr'>meque</span> <span class='ocrx_word' id='word_1_154' title='bbox 365 1351 522 1376; x_wconf 89' lang='lat' dir='ltr'>summo</span> <span class='ocrx_word' id='word_1_155' title='bbox 541 1351 683 1387; x_wconf 84' lang='lat' dir='ltr'>genere</span> <span class='ocrx_word' id='word_1_156' title='bbox 703 1345 876 1388; x_wconf 86' lang='lat' dir='ltr'>gnatum.</span> <span class='ocrx_word' id='word_1_157' title='bbox 937 1340 1007 1377; x_wconf 91' lang='lat' dir='ltr'>sed</span> <span class='ocrx_word' id='word_1_158' title='bbox 1028 1346 1066 1377; x_wconf 90' lang='lat' dir='ltr'>te</span> <span class='ocrx_word' id='word_1_159' title='bbox 1087 1346 1271 1388; x_wconf 86' lang='lat' dir='ltr'>optestor,</span> <span class='ocrx_word' id='word_1_160' title='bbox 1296 1339 1440 1390; x_wconf 87' lang='lat' dir='ltr'>Hegio,</span> 
     </span>
     <span class='ocr_line' id='line_1_21' title="bbox 113 1403 1599 1450; baseline 0.003 -10"><span class='ocrx_word' id='word_1_161' title='bbox 113 1416 183 1450; x_wconf 86' lang='lat'>320</span> <span class='ocrx_word' id='word_1_162' title='bbox 201 1416 251 1441; x_wconf 86' lang='lat' dir='ltr'>ne</span> <span class='ocrx_word' id='word_1_163' title='bbox 271 1411 381 1441; x_wconf 90' lang='lat' dir='ltr'>tuom</span> <span class='ocrx_word' id='word_1_164' title='bbox 402 1403 578 1441; x_wconf 88' lang='lat' dir='ltr'>animum</span> <span class='ocrx_word' id='word_1_165' title='bbox 598 1403 815 1441; x_wconf 85' lang='lat' dir='ltr'>auariorem</span> <span class='ocrx_word' id='word_1_166' title='bbox 837 1403 958 1441; x_wconf 86' lang='lat' dir='ltr'>faxint</span> <span class='ocrx_word' id='word_1_167' title='bbox 979 1403 1141 1442; x_wconf 89' lang='lat' dir='ltr'>diuitiae</span> <span class='ocrx_word' id='word_1_168' title='bbox 1161 1418 1296 1443; x_wconf 85' lang='lat' dir='ltr'>meae:</span> <span class='ocrx_word' id='word_1_169' title='bbox 1558 1411 1599 1445; x_wconf 84' lang='lat'>70</span> 
     </span>
     <span class='ocr_line' id='line_1_22' title="bbox 201 1468 1366 1520; baseline 0.003 -15"><span class='ocrx_word' id='word_1_170' title='bbox 201 1482 250 1506; x_wconf 90' lang='lat' dir='ltr'>ne</span> <span class='ocrx_word' id='word_1_171' title='bbox 271 1468 380 1519; x_wconf 85' lang='lat' dir='ltr'>patri,</span> <span class='ocrx_word' id='word_1_172' title='bbox 403 1477 484 1507; x_wconf 86' lang='lat' dir='ltr'>tam</span> <span class='ocrx_word' id='word_1_173' title='bbox 504 1468 575 1507; x_wconf 88' lang='lat' dir='ltr'>etsi</span> <span class='ocrx_word' id='word_1_174' title='bbox 598 1468 727 1506; x_wconf 86' lang='lat' dir='ltr'>unicu⁷</span> <span class='ocrx_word' id='word_1_175' title='bbox 749 1482 847 1515; x_wconf 85' lang='lat' dir='ltr'>sum,</span> <span class='ocrx_word' id='word_1_176' title='bbox 870 1470 1011 1508; x_wconf 82' lang='lat' dir='ltr'>decere</span> <span class='ocrx_word' id='word_1_177' title='bbox 1031 1469 1213 1508; x_wconf 85' lang='lat' dir='ltr'>uideatur</span> <span class='ocrx_word' id='word_1_178' title='bbox 1233 1470 1366 1520; x_wconf 89' lang='lat' dir='ltr'>magis,</span> 
     </span>
     <span class='ocr_line' id='line_1_23' title="bbox 201 1522 1307 1584; baseline 0.003 -13"><span class='ocrx_word' id='word_1_179' title='bbox 201 1547 264 1572; x_wconf 90' lang='lat' dir='ltr'>me</span> <span class='ocrx_word' id='word_1_180' title='bbox 285 1541 458 1572; x_wconf 90' lang='lat' dir='ltr'>saturum</span> <span class='ocrx_word' id='word_1_181' title='bbox 480 1533 624 1572; x_wconf 86' lang='lat' dir='ltr'>seruire</span> <span class='ocrx_word' id='word_1_182' title='bbox 645 1534 751 1583; x_wconf 85' lang='lat' dir='ltr'>apud</span> <span class='ocrx_word' id='word_1_183' title='bbox 773 1541 811 1572; x_wconf 87' lang='lat' dir='ltr'>te</span> <span class='ocrx_word' id='word_1_184' title='bbox 833 1542 993 1584; x_wconf 88' lang='lat' dir='ltr'>sumptu</span> <span class='ocrx_word' id='word_1_185' title='bbox 1014 1542 1052 1573; x_wconf 86' lang='lat' dir='ltr'>et</span> <span class='ocrx_word' id='word_1_186' title='bbox 1073 1535 1217 1573; x_wconf 89' lang='lat' dir='ltr'>uestitu</span> <span class='ocrx_word' id='word_1_187' title='bbox 1238 1522 1307 1574; x_wconf 86' lang='lat' dir='ltr'>tuo</span> 
     </span>
     <span class='ocr_line' id='line_1_24' title="bbox 199 1599 1533 1649; baseline 0.003 -12"><span class='ocrx_word' id='word_1_188' title='bbox 199 1599 329 1649; x_wconf 90' lang='lat' dir='ltr'>potius</span> <span class='ocrx_word' id='word_1_189' title='bbox 342 1612 462 1649; x_wconf 88' lang='lat' dir='ltr'>quam</span> <span class='ocrx_word' id='word_1_190' title='bbox 476 1599 541 1646; x_wconf 88' lang='lat' dir='ltr'>illi,</span> <span class='ocrx_word' id='word_1_191' title='bbox 552 1599 619 1637; x_wconf 90' lang='lat' dir='ltr'>ubi</span> <span class='ocrx_word' id='word_1_192' title='bbox 633 1599 796 1637; x_wconf 89' lang='lat' dir='ltr'>minime</span> <span class='ocrx_word' id='word_1_193' title='bbox 810 1600 1071 1647; x_wconf 88' lang='lat' dir='ltr'>honestumst,</span> <span class='ocrx_word' id='word_1_194' title='bbox 1081 1600 1376 1641; x_wconf 87' lang='lat' dir='ltr'>mendicantem</span> <span class='ocrx_word' id='word_1_195' title='bbox 1390 1601 1533 1641; x_wconf 89' lang='lat' dir='ltr'>uiuere.</span> 
     </span>
     <span class='ocr_line' id='line_1_25' title="bbox 201 1664 1532 1714; baseline 0.003 -12"><span class='ocrx_word' id='word_1_196' title='bbox 201 1665 281 1702; x_wconf 82' lang='lat' dir='ltr'>HE.</span> <span class='ocrx_word' id='word_1_197' title='bbox 314 1678 387 1714; x_wconf 92' lang='lat' dir='ltr'>ego</span> <span class='ocrx_word' id='word_1_198' title='bbox 407 1664 550 1703; x_wconf 88' lang='lat' dir='ltr'>uirtute</span> <span class='ocrx_word' id='word_1_199' title='bbox 571 1665 690 1703; x_wconf 87' lang='lat' dir='ltr'>deum</span> <span class='ocrx_word' id='word_1_200' title='bbox 712 1672 750 1703; x_wconf 90' lang='lat' dir='ltr'>et</span> <span class='ocrx_word' id='word_1_201' title='bbox 771 1664 964 1703; x_wconf 87' lang='lat' dir='ltr'>maiorum</span> <span class='ocrx_word' id='word_1_202' title='bbox 986 1673 1164 1704; x_wconf 85' lang='lat' dir='ltr'>nostrum</span> <span class='ocrx_word' id='word_1_203' title='bbox 1188 1666 1301 1705; x_wconf 91' lang='lat' dir='ltr'>diues</span> <span class='ocrx_word' id='word_1_204' title='bbox 1321 1680 1408 1706; x_wconf 89' lang='lat' dir='ltr'>sum</span> <span class='ocrx_word' id='word_1_205' title='bbox 1430 1668 1532 1706; x_wconf 85' lang='lat' dir='ltr'>satis.</span> 
     </span>
     <span class='ocr_line' id='line_1_26' title="bbox 112 1729 1595 1779; baseline 0.003 -13"><span class='ocrx_word' id='word_1_206' title='bbox 112 1739 177 1776; x_wconf 83' lang='lat'>325</span> <span class='ocrx_word' id='word_1_207' title='bbox 198 1742 280 1767; x_wconf 91' lang='lat' dir='ltr'>non</span> <span class='ocrx_word' id='word_1_208' title='bbox 300 1743 374 1779; x_wconf 88' lang='lat' dir='ltr'>ego</span> <span class='ocrx_word' id='word_1_209' title='bbox 394 1729 558 1768; x_wconf 89' lang='lat' dir='ltr'>omnino</span> <span class='ocrx_word' id='word_1_210' title='bbox 580 1732 731 1768; x_wconf 86' lang='lat' dir='ltr'>lucrum</span> <span class='ocrx_word' id='word_1_211' title='bbox 752 1743 872 1769; x_wconf 89' lang='lat' dir='ltr'>omne</span> <span class='ocrx_word' id='word_1_212' title='bbox 892 1744 978 1769; x_wconf 84' lang='lat' dir='ltr'>esse</span> <span class='ocrx_word' id='word_1_213' title='bbox 999 1731 1094 1770; x_wconf 87' lang='lat' dir='ltr'>utile</span> <span class='ocrx_word' id='word_1_214' title='bbox 1113 1731 1266 1770; x_wconf 88' lang='lat' dir='ltr'>homini</span> <span class='ocrx_word' id='word_1_215' title='bbox 1286 1732 1481 1771; x_wconf 85' lang='lat' dir='ltr'>existumo</span> <span class='ocrx_word' id='word_1_216' title='bbox 1500 1749 1507 1771; x_wconf 74' lang='grc' dir='ltr'>ε</span> <span class='ocrx_word' id='word_1_217' title='bbox 1557 1744 1595 1778; x_wconf 88' lang='lat'>75</span> 
     </span>
     <span class='ocr_line' id='line_1_27' title="bbox 199 1793 1480 1845; baseline 0.004 -14"><span class='ocrx_word' id='word_1_218' title='bbox 199 1793 281 1831; x_wconf 87' lang='lat' dir='ltr'>scio</span> <span class='ocrx_word' id='word_1_219' title='bbox 301 1807 384 1844; x_wconf 88' lang='lat' dir='ltr'>ego,</span> <span class='ocrx_word' id='word_1_220' title='bbox 408 1796 553 1833; x_wconf 87' lang='lat' dir='ltr'>multos</span> <span class='ocrx_word' id='word_1_221' title='bbox 574 1794 651 1832; x_wconf 83' lang='lat' dir='ltr'>iam</span> <span class='ocrx_word' id='word_1_222' title='bbox 672 1796 825 1834; x_wconf 86' lang='lat' dir='ltr'>lucrum</span> <span class='ocrx_word' id='word_1_223' title='bbox 847 1797 1061 1835; x_wconf 87' lang='lat' dir='ltr'>lutulentos</span> <span class='ocrx_word' id='word_1_224' title='bbox 1082 1796 1263 1835; x_wconf 88' lang='lat' dir='ltr'>homines</span> <span class='ocrx_word' id='word_1_225' title='bbox 1284 1797 1456 1836; x_wconf 90' lang='lat' dir='ltr'>reddidit</span> <span class='ocrx_word' id='word_1_226' title='bbox 1470 1812 1480 1845; x_wconf 86' lang='lat'>;</span> 
     </span>
     <span class='ocr_line' id='line_1_28' title="bbox 198 1859 1531 1912; baseline 0.004 -16"><span class='ocrx_word' id='word_1_227' title='bbox 198 1866 257 1896; x_wconf 88' lang='lat' dir='ltr'>est</span> <span class='ocrx_word' id='word_1_228' title='bbox 277 1859 394 1897; x_wconf 87' lang='lat' dir='ltr'>etiam</span> <span class='ocrx_word' id='word_1_229' title='bbox 415 1859 484 1898; x_wconf 90' lang='lat' dir='ltr'>ubi</span> <span class='ocrx_word' id='word_1_230' title='bbox 504 1861 680 1910; x_wconf 84' lang='lat' dir='ltr'>profecto</span> <span class='ocrx_word' id='word_1_231' title='bbox 695 1862 887 1899; x_wconf 79' lang='lat' dir='ltr'>damnum</span> <span class='ocrx_word' id='word_1_232' title='bbox 904 1869 1073 1911; x_wconf 87' lang='lat' dir='ltr'>praestet</span> <span class='ocrx_word' id='word_1_233' title='bbox 1089 1863 1216 1900; x_wconf 87' lang='lat' dir='ltr'>facere</span> <span class='ocrx_word' id='word_1_234' title='bbox 1233 1876 1351 1912; x_wconf 82' lang='lat' dir='ltr'>quam</span> <span class='ocrx_word' id='word_1_235' title='bbox 1368 1864 1531 1902; x_wconf 88' lang='lat' dir='ltr'>lucrum.</span> 
     </span>
     <span class='ocr_line' id='line_1_29' title="bbox 199 1923 1365 1977; baseline 0.003 -16"><span class='ocrx_word' id='word_1_236' title='bbox 199 1923 267 1962; x_wconf 93' lang='lat' dir='ltr'>odi</span> <span class='ocrx_word' id='word_1_237' title='bbox 286 1938 360 1974; x_wconf 90' lang='lat' dir='ltr'>ego</span> <span class='ocrx_word' id='word_1_238' title='bbox 378 1938 518 1963; x_wconf 87' lang='lat' dir='ltr'>aurum</span> <span class='ocrx_word' id='word_1_239' title='bbox 537 1941 544 1964; x_wconf 91' lang='lat'>:</span> <span class='ocrx_word' id='word_1_240' title='bbox 575 1927 698 1963; x_wconf 87' lang='lat' dir='ltr'>multa</span> <span class='ocrx_word' id='word_1_241' title='bbox 718 1925 851 1964; x_wconf 88' lang='lat' dir='ltr'>multis</span> <span class='ocrx_word' id='word_1_242' title='bbox 872 1939 989 1977; x_wconf 82' lang='lat' dir='ltr'>saepe</span> <span class='ocrx_word' id='word_1_243' title='bbox 1009 1926 1130 1965; x_wconf 88' lang='lat' dir='ltr'>suasit</span> <span class='ocrx_word' id='word_1_244' title='bbox 1149 1940 1365 1977; x_wconf 87' lang='lat' dir='ltr'>perperam.</span> 
     </span>
     <span class='ocr_line' id='line_1_30' title="bbox 199 1989 1489 2042; baseline 0.005 -16"><span class='ocrx_word' id='word_1_245' title='bbox 199 2002 305 2028; x_wconf 86' lang='lat' dir='ltr'>nunc</span> <span class='ocrx_word' id='word_1_246' title='bbox 326 1990 402 2028; x_wconf 93' lang='lat' dir='ltr'>hoe</span> <span class='ocrx_word' id='word_1_247' title='bbox 421 1989 598 2028; x_wconf 83' lang='lat' dir='ltr'>animum</span> <span class='ocrx_word' id='word_1_248' title='bbox 619 1991 795 2037; x_wconf 88' lang='lat' dir='ltr'>aduorte‚</span> <span class='ocrx_word' id='word_1_249' title='bbox 819 1998 861 2029; x_wconf 89' lang='lat' dir='ltr'>ut</span> <span class='ocrx_word' id='word_1_250' title='bbox 882 2004 928 2029; x_wconf 88' lang='lat' dir='ltr'>ea</span> <span class='ocrx_word' id='word_1_251' title='bbox 948 2005 1049 2041; x_wconf 84' lang='lat' dir='ltr'>quae</span> <span class='ocrx_word' id='word_1_252' title='bbox 1070 1992 1197 2030; x_wconf 89' lang='lat' dir='ltr'>sentio</span> <span class='ocrx_word' id='word_1_253' title='bbox 1218 1992 1359 2042; x_wconf 83' lang='lat' dir='ltr'>pariter</span> <span class='ocrx_word' id='word_1_254' title='bbox 1379 1992 1489 2032; x_wconf 89' lang='lat' dir='ltr'>scias.</span> 
     </span>
    </p>
   </div>
   <div class='ocr_carea' id='block_1_3' title="bbox 112 2053 1594 2245">
    <p class='ocr_par' dir='ltr' id='par_1_3' title="bbox 112 2053 1594 2245">
     <span class='ocr_line' id='line_1_31' title="bbox 112 2053 1594 2106; baseline 0.003 -15"><span class='ocrx_word' id='word_1_255' title='bbox 112 2066 181 2101; x_wconf 89' lang='lat'>330</span> <span class='ocrx_word' id='word_1_256' title='bbox 199 2053 292 2092; x_wconf 90' lang='lat' dir='ltr'>filiu&#39;</span> <span class='ocrx_word' id='word_1_257' title='bbox 313 2067 423 2092; x_wconf 88' lang='lat' dir='ltr'>meus</span> <span class='ocrx_word' id='word_1_258' title='bbox 444 2054 522 2093; x_wconf 87' lang='lat' dir='ltr'>illic</span> <span class='ocrx_word' id='word_1_259' title='bbox 541 2055 649 2104; x_wconf 87' lang='lat' dir='ltr'>apud</span> <span class='ocrx_word' id='word_1_260' title='bbox 669 2068 741 2093; x_wconf 89' lang='lat' dir='ltr'>uos</span> <span class='ocrx_word' id='word_1_261' title='bbox 762 2055 881 2093; x_wconf 88' lang='lat' dir='ltr'>seruit</span> <span class='ocrx_word' id='word_1_262' title='bbox 901 2064 1039 2106; x_wconf 87' lang='lat' dir='ltr'>captus</span> <span class='ocrx_word' id='word_1_263' title='bbox 1059 2056 1177 2095; x_wconf 89' lang='lat' dir='ltr'>Alide</span> <span class='ocrx_word' id='word_1_264' title='bbox 1195 2073 1202 2095; x_wconf 89' lang='lat'>:</span> <span class='ocrx_word' id='word_1_265' title='bbox 1551 2065 1594 2095; x_wconf 93' lang='lat'>80</span> 
     </span>
     <span class='ocr_line' id='line_1_32' title="bbox 242 2157 1529 2202; baseline 0.005 -15"><span class='ocrx_word' id='word_1_266' title='bbox 242 2167 308 2198; x_wconf 89' lang='lat'>309</span> <span class='ocrx_word' id='word_1_267' title='bbox 331 2157 494 2189; x_wconf 87' lang='lat' dir='ltr'>uoluerim</span> <span class='ocrx_word' id='word_1_268' title='bbox 509 2158 595 2189; x_wconf 81' lang='lat' dir='ltr'>Bn&#39;x</span> <span class='ocrx_word' id='word_1_269' title='bbox 755 2168 817 2198; x_wconf 85' lang='lat'>317</span> <span class='ocrx_word' id='word_1_270' title='bbox 843 2159 928 2190; x_wconf 83' lang='lat' dir='ltr'>istoc</span> <span class='ocrx_word' id='word_1_271' title='bbox 945 2159 1023 2199; x_wconf 82' lang='lat' dir='ltr'>cod.,</span> <span class='ocrx_word' id='word_1_272' title='bbox 1042 2161 1179 2200; x_wconf 80' lang='lat' dir='ltr'>antiqua</span> <span class='ocrx_word' id='word_1_273' title='bbox 1186 2161 1304 2200; x_wconf 85' lang='lat' dir='ltr'>forma</span> <span class='ocrx_word' id='word_1_274' title='bbox 1467 2172 1529 2202; x_wconf 89' lang='lat'>321</span> 
     </span>
     <span class='ocr_line' id='line_1_33' title="bbox 199 2201 1532 2245; baseline 0.005 -14"><span class='ocrx_word' id='word_1_275' title='bbox 199 2202 318 2231; x_wconf 87' lang='lat' dir='ltr'>unicus</span> <span class='ocrx_word' id='word_1_276' title='bbox 335 2201 407 2242; x_wconf 82' lang='lat' dir='ltr'><em>(vix</em></span> <span class='ocrx_word' id='word_1_277' title='bbox 426 2202 551 2243; x_wconf 84' lang='lat' dir='ltr'>uncus)</span> <span class='ocrx_word' id='word_1_278' title='bbox 569 2201 650 2232; x_wconf 87' lang='lat' dir='ltr'>verb.</span> <span class='ocrx_word' id='word_1_279' title='bbox 675 2201 790 2241; x_wconf 86' lang='lat' dir='ltr'>dactyl.</span> <span class='ocrx_word' id='word_1_280' title='bbox 817 2202 852 2232; x_wconf 81' lang='lat' dir='ltr'>in</span> <span class='ocrx_word' id='word_1_281' title='bbox 875 2202 964 2232; x_wconf 74' lang='lat' dir='ltr'>tertio</span> <span class='ocrx_word' id='word_1_282' title='bbox 983 2203 1064 2243; x_wconf 82' lang='lat' dir='ltr'>pede</span> <span class='ocrx_word' id='word_1_283' title='bbox 1081 2208 1266 2245; x_wconf 81' lang='lat' dir='ltr'>suspectum</span> <span class='ocrx_word' id='word_1_284' title='bbox 1283 2218 1291 2238; x_wconf 69' lang='grc' dir='ltr'><strong>ι</strong></span> <span class='ocrx_word' id='word_1_285' title='bbox 1319 2215 1392 2237; x_wconf 87' lang='lat' dir='ltr'>sum</span> <span class='ocrx_word' id='word_1_286' title='bbox 1412 2206 1532 2237; x_wconf 86' lang='lat' dir='ltr'>unicus</span> 
     </span>
    </p>
   </div>
   <div class='ocr_carea' id='block_1_4' title="bbox 197 2242 1532 2371">
    <p class='ocr_par' dir='ltr' id='par_1_4' title="bbox 197 2242 1532 2371">
     <span class='ocr_line' id='line_1_34' title="bbox 199 2242 1530 2289; baseline 0.005 -15"><span class='ocrx_word' id='word_1_287' title='bbox 199 2242 345 2282; x_wconf 80' lang='lat' dir='ltr'>Mueller,</span> <span class='ocrx_word' id='word_1_288' title='bbox 361 2245 415 2275; x_wconf 86' lang='lat' dir='ltr'>cui</span> <span class='ocrx_word' id='word_1_289' title='bbox 433 2248 518 2284; x_wconf 67' lang='lat' dir='ltr'>patri</span> <span class='ocrx_word' id='word_1_290' title='bbox 534 2256 600 2276; x_wconf 85' lang='lat' dir='ltr'>non</span> <span class='ocrx_word' id='word_1_291' title='bbox 616 2245 759 2286; x_wconf 52' lang='lat' dir='ltr'>displicet</span> <span class='ocrx_word' id='word_1_292' title='bbox 876 2247 1001 2276; x_wconf 87' lang='lat' dir='ltr'>decore</span> <span class='ocrx_word' id='word_1_293' title='bbox 1019 2247 1193 2289; x_wconf 82' lang='lat' dir='ltr'>(adiectiv.)</span> <span class='ocrx_word' id='word_1_294' title='bbox 1211 2249 1339 2280; x_wconf 82' lang='lat' dir='ltr'>Schoell</span> <span class='ocrx_word' id='word_1_295' title='bbox 1468 2260 1530 2288; x_wconf 85' lang='lat'>324</span> 
     </span>
     <span class='ocr_line' id='line_1_35' title="bbox 197 2287 1532 2333; baseline 0.004 -16"><span class='ocrx_word' id='word_1_296' title='bbox 197 2287 273 2318; x_wconf 85' lang='lat' dir='ltr'>item</span> <span class='ocrx_word' id='word_1_297' title='bbox 285 2287 368 2321; x_wconf 82' lang='lat' dir='ltr'>Aul.</span> <span class='ocrx_word' id='word_1_298' title='bbox 389 2290 470 2328; x_wconf 81' lang='lat'>1663</span> <span class='ocrx_word' id='word_1_299' title='bbox 493 2288 550 2321; x_wconf 78' lang='lat' dir='ltr'>del.</span> <span class='ocrx_word' id='word_1_300' title='bbox 568 2289 696 2319; x_wconf 79' lang='lat' dir='ltr'>Ritschl</span> <span class='ocrx_word' id='word_1_301' title='bbox 791 2289 856 2327; x_wconf 85' lang='lat'>326</span> <span class='ocrx_word' id='word_1_302' title='bbox 879 2288 1068 2321; x_wconf 86' lang='lat' dir='ltr'>luculentos</span> <span class='ocrx_word' id='word_1_303' title='bbox 1084 2290 1172 2321; x_wconf 76' lang='lat' dir='ltr'>PED</span> <span class='ocrx_word' id='word_1_304' title='bbox 1274 2303 1340 2333; x_wconf 83' lang='lat'>329</span> <span class='ocrx_word' id='word_1_305' title='bbox 1363 2294 1532 2325; x_wconf 83' lang='lat' dir='ltr'>aduertite</span> 
     </span>
     <span class='ocr_line' id='line_1_36' title="bbox 197 2330 761 2371; baseline 0.002 -10"><span class='ocrx_word' id='word_1_306' title='bbox 197 2330 262 2362; x_wconf 86' lang='lat' dir='ltr'>cod.</span> <span class='ocrx_word' id='word_1_307' title='bbox 397 2341 462 2371; x_wconf 87' lang='lat'>330</span> <span class='ocrx_word' id='word_1_308' title='bbox 485 2332 537 2363; x_wconf 83' lang='lat' dir='ltr'>vel</span> <span class='ocrx_word' id='word_1_309' title='bbox 548 2333 637 2363; x_wconf 86' lang='lat' dir='ltr'>filius</span> <span class='ocrx_word' id='word_1_310' title='bbox 653 2342 697 2364; x_wconf 92' lang='lat' dir='ltr'>m.</span> <span class='ocrx_word' id='word_1_311' title='bbox 715 2332 761 2363; x_wconf 92' lang='lat' dir='ltr'>illi</span> 
     </span>
    </p>
   </div>
  </div>
 </body>
</html>
