1742 2718
1018 4 1032 19 «

685 73 1011 112 AVLVLARIA
1438 74 1503 109 IV.
1528 73 1571 108 vi

180 186 247 237 qui
268 185 457 225 indicium
479 184 580 230 fecit,
604 191 646 222 ut
667 197 739 234 ego
760 183 837 221 illic
857 182 1006 233 aliquid
1027 182 1121 221 boni
1529 196 1546 226 5

181 251 336 299 dicam3
365 264 456 288 nam
478 250 586 300 quod
608 248 688 287 edit
710 256 787 286 tam
811 247 919 286 duim
942 261 1061 297 quam
1082 246 1274 298 perduim.

181 330 286 354 nunc
307 317 383 354 hoc
404 314 471 353 ubi
491 315 719 364 apstrudam
741 313 871 363 cogito
893 314 1019 350 solum
1041 314 1183 351 locum.

181 381 328 421 Siluani
350 383 460 419 lucus
481 387 586 418 extra
607 392 762 417 murum
784 385 841 416 cst
861 377 984 424 auius,

92 457 158 501 675
179 448 316 486 crebro
337 445 473 484 salicto
493 446 686 495 oppletus.
747 443 800 482 ibi
821 456 974 481 sumam
996 444 1138 481 locum.

178 519 375 558 certumst,
399 511 560 549 Siluano
581 509 711 560 potius
732 510 890 547 credam
912 521 1031 558 quam
1054 507 1218 547 Fide.—
1532 526 1569 547 10

180 580 222 616 L.
245 579 282 616 S.
315 589 446 626 eugae,
471 588 604 626 eugae,
627 574 667 613 di
688 587 751 612 me
772 575 923 612 saluom
946 581 984 612 et
1005 581 1202 612 seruatum
1225 574 1373 611 uolunt.

179 642 256 681 iam
285 655 358 692 ego
388 641 479 679 illuc
509 653 754 691 praecurram
785 646 903 689 atque
930 638 1161 677 inscendam
1190 637 1361 688 aliquam
1392 637 1431 675 in
1456 651 1510 675 ar-

1374 703 1509 742 borem

179 771 352 822 indeque
373 771 594 821 opseruabo
620 769 625 821 Ι
650 783 789 808 aurum
811 768 879 807 ubi
899 770 1103 819 apstrudat
1124 782 1252 808 senex.

91 844 161 879 680
179 850 420 887 quamquam
441 835 504 874 hic
525 849 684 873 manere
704 834 768 872 me
789 848 876 872 erus
897 847 983 872 sese
1003 833 1190 881 iusserat3

179 909 329 940 certum
351 909 418 948 est,
443 902 587 938 malam
607 913 689 938 rem
710 899 840 950 potius
861 912 1046 949 quaeram
1068 912 1158 937 cum
1180 900 1355 937 lucro.——
1531 914 1567 945 15

249 1015 575 1052 LYCONIDES
707 1013 979 1050 EVNomrA
1091 1010 1428 1061 (PHAEDRIA)
1530 1007 1589 1044 vii

182 1098 251 1134 Lv.
286 1095 377 1135 Dixi
398 1095 479 1143 tibi,
502 1102 636 1141 mater,
660 1094 766 1132 iuxta
785 1107 942 1132 mecum
963 1107 1044 1132 rem
1065 1100 1186 1138 tenes,

180 1175 296 1211 super
317 1159 519 1199 Euclionis
541 1159 628 1197 filia.
688 1172 794 1197 nunc
815 1166 853 1196 te
874 1171 1038 1208 opsecro

180 1239 423 1276 resecroque,
446 1232 579 1271 mater,
602 1225 711 1274 quod
732 1225 884 1263 dudum
906 1236 1203 1273 opsecraueram
1221 1237 1228 1260 :

93 1294 158 1340 685
179 1292 240 1330 fac
261 1291 504 1330 mentionem
526 1304 616 1329 cum
638 1290 820 1336 aunculo,
844 1296 968 1327 mater
988 1302 1086 1328 mea.

181 1357 284 1394 EVN.
318 1355 393 1394 scis
417 1363 500 1394 tute
521 1357 622 1394 facta
642 1355 743 1393 uelle
764 1368 827 1392 me
848 1368 950 1404 quae
970 1360 1012 1392 tu
1032 1353 1141 1402 uelis,
1533 1365 1551 1398 5

180 1429 218 1460 et
239 1421 338 1460 istuc
359 1423 519 1461 confido
541 1419 604 1473 <a>‘
622 1422 736 1459 fratre
757 1434 820 1458 me
840 1419 1112 1470 impetrassere
1128 1434 1138 1467 ;

180 1494 218 1525 et
238 1500 377 1526 caussa
395 1487 497 1525 iusta
516 1494 585 1534 est,
609 1485 805 1536 siquidem
827 1484 880 1523 ita
900 1491 958 1523 est
978 1492 1021 1523 ut
1040 1484 1255 1535 praedicas,
1307 1523 1315 1526 .

180 1559 218 1591 te
239 1566 326 1591 eam
346 1551 625 1603 compressisse
645 1550 894 1589 uinolentum
915 1548 1117 1600 uirginem.

92 1621 163 1665 690
182 1619 251 1656 Lv.
284 1631 409 1668 egone
430 1624 472 1655 ut
492 1624 530 1656 te
550 1618 766 1655 aduorsum
786 1613 962 1662 mentiar,
987 1622 1110 1653 mater
1130 1616 1246 1653 mea?

181 1684 255 1721 PH.
288 1682 401 1730 Perii,
424 1696 513 1721 mea
532 1682 671 1721 nutrix.
732 1694 897 1732 opsecro
918 1687 966 1727 te,
990 1687 1143 1718 uterum
1165 1681 1282 1719 dolet.
1533 1695 1571 1716 10

181 1749 284 1786 Iuno
306 1747 467 1795 Lucina,
490 1754 599 1786 tuam
620 1748 764 1786 fidem!
822 1747 893 1784 Lv.
925 1758 1001 1792 em,
1024 1752 1148 1784 mater
1167 1759 1265 1792 mea,

180 1812 252 1851 tibi
272 1827 353 1852 rem
374 1812 568 1864 potiorem
588 1812 708 1851 uideo
725 1827 732 1850 ε
762 1813 915 1859 clamat,
939 1810 1112 1862 parturit.

182 1880 284 1916 EVN.
317 1877 329 1916 i
349 1879 423 1917 hac
443 1877 546 1917 intro
567 1892 734 1925 mecum,
758 1885 874 1927 gnate
895 1877 961 1924 mi,
983 1878 1033 1915 ad
1055 1879 1210 1916 fratrem
1233 1890 1376 1925 meum,

223 1985 287 2022 672
312 1987 379 2013 tam
394 1983 483 2012 dium
495 1993 594 2022 quam
611 1983 764 2022 perdium
778 1981 845 2013 cod.
861 1993 867 2012 ε
893 1992 972 2012 corr.
987 1982 1198 2012 Camerarius
1330 1983 1391 2021 674
1418 1981 1512 2012 lucus

179 2026 268 2058 codd.
286 2026 391 2056 Nonii
404 2028 488 2066 396:
513 2027 606 2056 lacus
622 2025 687 2057 cod.
777 2025 875 2056 auius
895 2025 983 2056 codd.
1001 2025 1108 2056 Non.:
1133 2027 1231 2056 aulus
1249 2025 1313 2057 cod.
1448 2027 1510 2064 675

180 2070 298 2100 creber
313 2069 433 2100 salictu
450 2069 538 2100 codd.
564 2068 650 2100 Non.
784 2070 845 2108 677
871 2069 950 2108 fuge
975 2069 1053 2108 suge
1076 2069 1141 2101 cod.
1161 2081 1168 2100 ε
1191 2080 1270 2101 corr.
1299 2070 1512 2100 Camerarius

179 2114 245 2152 678
268 2123 462 2153 percurram
479 2112 543 2144 cod.
635 2114 700 2153 679
724 2113 773 2143 vel
787 2111 923 2152 ind'que
1029 2117 1130 2151 atque
1146 2113 1225 2144 inde
1242 2124 1272 2144 o.
1291 2124 1342 2144 au.
1362 2113 1489 2143 Pareus
1503 2124 1511 2143 τ

179 2157 202 2188 i.
221 2167 251 2188 o.
269 2156 378 2199 (hoc)
394 2167 511 2187 aurum
528 2156 670 2188 Pvlades
705 2156 763 2187 sed
776 2156 812 2196 cf.
835 2157 913 2195 707)
1022 2157 1086 2186 680
1109 2157 1159 2187 vel
1172 2158 1247 2188 med
1266 2155 1336 2187 eru'
1446 2157 1510 2186 682

182 2210 312 2230 mecum
329 2210 399 2231 rem
417 2200 504 2231 codd.
525 2199 627 2230 Nonii
640 2211 702 2240 322
721 2211 728 2231 :
753 2210 821 2229 rem
840 2209 970 2230 mecum
988 2199 1054 2231 cod.
1202 2202 1276 2240 684,
1298 2201 1361 2240 685
1386 2200 1511 2230 inverso

181 2243 295 2274 ordine
310 2243 375 2274 cod.
391 2255 397 2273 ι
423 2254 500 2276 corr.
520 2244 648 2274 Pareus
672 2243 958 2284 (homoeoteleuton
982 2253 1116 2282 opsecr-
1134 2253 1234 2274 causa
1251 2245 1366 2274 erroris
1383 2255 1388 2274 :
1422 2243 1454 2274 ii.
1472 2243 1506 2275 65

180 2288 244 2325 685
263 2297 337 2317 meo
356 2288 396 2327 (2)
415 2287 481 2317 Leo
600 2287 664 2326 687
689 2297 707 2316 a
725 2286 799 2317 add.
820 2285 961 2319 Pylades
1080 2288 1141 2325 691
1168 2292 1201 2317 te
1219 2298 1283 2317 om.
1303 2287 1389 2318 codd.
1410 2286 1514 2316 Nonii

182 2340 246 2368 229
385 2332 449 2369 693
474 2330 590 2371 uideo]
610 2331 713 2361 uerbo
730 2328 807 2368 Leo,
816 2329 897 2368 fort.
918 2332 992 2359 recte
1010 2329 1075 2371 (vi'i⁴
1098 2333 1132 2369 2)
1280 2332 1343 2369 694
1370 2330 1409 2360 Ei
1428 2328 1508 2367 cod.‚

182 2373 318 2413 antiqua
340 2373 458 2413 forma
