1814 2723
198 52 309 90 III.i
715 52 760 88 T.
795 52 975 92 MACCI
1007 53 1210 90 PLAVTI

296 162 369 202 Cv.
400 163 523 202 immo
544 163 661 202 etiam
682 175 810 213 porro,
832 161 863 200 si
884 161 953 209 uis,
978 161 1118 200 dicam.
1180 164 1249 201 Lv.
1282 162 1336 201 nil
1357 177 1498 203 moror.

296 241 458 278 sequere
479 230 564 276 hac,
587 236 625 267 te
645 229 849 278 apsoluam
872 241 950 277 qua
969 227 1165 266 aduenisti
1186 228 1316 278 gratia.

235 293 275 331 85
295 300 413 343 atque
434 307 571 332 eccum
593 293 721 332 uideo.
781 295 883 339 leno,
907 294 1023 331 salue.
1085 294 1158 333 CA.
1189 293 1229 333 di
1251 302 1288 332 te
1308 302 1451 333 ament.
1644 311 1709 347 455

297 359 366 396 Lv.
399 358 494 408 quid
516 360 592 397 hoc
612 360 721 408 quod
741 360 792 397 ad
813 365 850 397 te
871 358 1019 397 uenio?
1077 359 1147 398 CA.
1180 359 1289 398 dicas
1309 359 1405 410 quid
1426 359 1533 399 uelis.

297 425 366 461 Lv.
399 431 602 474 argentum
622 423 802 474 accipias,
828 437 918 462 eum
940 423 1008 462 illo
1028 423 1159 463 mittas
1179 424 1381 475 uirginem.

297 490 368 528 CA.
401 488 497 538 quid
518 489 627 538 quod
647 488 793 526 iuratus
814 489 931 526 sum?
989 490 1058 526 Lv.
1092 488 1188 538 quid
1208 488 1249 527 id
1269 491 1383 528 refert
1404 497 1479 537 tua,

296 553 391 591 dum
413 561 616 604 argentum
637 553 835 604 accipias?
892 554 963 593 CA.
997 553 1064 604 qui
1085 561 1221 593 monet
1242 554 1352 604 quasi
1372 555 1544 594 adiuuat.
1645 562 1776 605 459-60

235 635 278 667 90
297 618 516 669 sequimini.
577 620 648 658 Cv.
681 620 782 666 leno,
806 632 903 658 caue
930 618 934 671 Ι
960 618 999 657 in
1021 627 1059 658 te
1080 619 1128 658 sit
1148 634 1258 659 mora
1277 620 1442 659 mihi.-

776 820 1014 868 ACTVS
1069 819 1142 866 IV

171 930 276 967 IV.i
808 927 1115 964 CHORAGVS

295 1023 371 1061 CH.
404 1020 557 1071 Edepol
580 1026 811 1069 nugatorem
828 1018 1004 1069 lepidum
1026 1018 1156 1070 lepide
1178 1020 1284 1058 hunc
1305 1027 1489 1059 nanctust
1506 1021 1625 1059 Phae-

1451 1087 1624 1125 dromus.

293 1154 575 1203 halophantam
596 1165 647 1190 an
668 1152 954 1202 sycophantam
975 1151 1098 1202 magis
1119 1165 1204 1190 esse
1224 1152 1355 1190 dicam
1376 1150 1520 1189 nescio.

294 1226 526 1258 ornamenta
546 1231 647 1269 quae
667 1217 796 1256 locaui
817 1224 953 1256 metuo
973 1225 1015 1256 ut
1035 1217 1183 1268 possim
1204 1217 1376 1267 recipere
1393 1232 1402 1264 3

294 1297 535 1335 quamquam
570 1296 662 1322 cum
701 1283 800 1322 istoc
833 1282 931 1321 mihi
969 1283 1102 1333 negoti
1136 1282 1233 1321 nihil
1268 1290 1349 1321 est:
1392 1281 1466 1332 ipsi
1505 1283 1626 1320 Phae·
1644 1286 1710 1330 465

1485 1347 1625 1385 dromo

256 1434 272 1465 5
295 1415 443 1455 credidi
458 1430 468 1463 3
499 1422 631 1454 tamen
651 1414 882 1453 adseruabO.
942 1415 1013 1453 sed
1032 1416 1128 1453 dum
1150 1413 1213 1452 hic
1236 1412 1430 1463 egreditur
1451 1413 1553 1451 foras

296 1481 590 1521 commostrabo
624 1480 704 1530 quo
735 1479 774 1518 in
807 1492 1007 1530 quemque
1042 1478 1244 1518 hominem
1275 1477 1388 1516 facile
1417 1477 1625 1516 inueniatis

1524 1540 1624 1589 loco,

295 1626 345 1651 ne
365 1610 489 1650 nimio
510 1604 627 1662 opere
648 1618 776 1649 sumat
797 1624 958 1661 operam
980 1609 1010 1648 si
1032 1614 1150 1660 quem
1171 1615 1412 1648 conuentum
1433 1606 1538 1654 uelit,

294 1678 358 1716 uel
379 1676 565 1715 uitiosum
586 1678 649 1715 uel
671 1676 754 1715 sine
776 1675 886 1723 uitio,
907 1677 971 1714 uel
992 1675 1161 1725 probum
1181 1676 1245 1713 uel
1265 1673 1486 1724 inprobum.

296 1741 363 1792 qui
383 1741 576 1792 peiiurum
597 1740 810 1779 conuenire
830 1742 915 1779 uolt
934 1739 1138 1778 hominem
1159 1738 1214 1777 ito
1233 1738 1273 1776 in
1294 1737 1497 1776 comitium
1513 1751 1524 1785 3
1646 1749 1715 1784 470

240 1824 279 1846 10
297 1806 363 1857 qui
385 1807 618 1845 mendacem
640 1813 677 1844 et
697 1805 922 1856 gloriosum,
947 1806 1054 1856 apud
1076 1802 1288 1844 Cloacinae
1307 1815 1472 1851 sacrum,

295 1871 406 1917 dites,
431 1872 643 1910 damnosos
666 1871 824 1909 maritos
847 1871 920 1910 sub
943 1869 1104 1909 basilica
1124 1867 1311 1918 quaerito.

295 1936 442 1975 ibidem
464 1943 576 1974 erunt
598 1944 726 1976 scorta
747 1939 899 1976 exoleta
919 1935 1066 1987 quique
1087 1931 1261 1983 stipulari
1281 1932 1408 1970 solent
1423 1945 1433 1978 3

295 2003 560 2052 symbolarum
583 2004 802 2042 conlatores
823 2004 929 2053 apud
949 2003 1077 2040 forum
1097 1997 1317 2049 piscarium.

294 2067 335 2106 in
354 2069 439 2106 foro
460 2067 612 2107 insumo
634 2068 730 2107 boni
752 2067 933 2107 homines
954 2074 1072 2117 atque
1093 2064 1192 2103 dites
1212 2063 1417 2101 ambulant
1433 2077 1443 2110 3
1641 2075 1707 2112 475

338 2181 401 2212 454
426 2173 482 2203 ted
506 2172 572 2203 cod.
718 2181 781 2211 455
803 2182 875 2211 sqq.
891 2172 1000 2212 finem
1023 2179 1154 2200 scaenae
1176 2179 1197 2198 a
1221 2171 1420 2198 retractatore
1442 2167 1475 2197 in
1500 2166 1624 2197 brevius

264 2247 272 2256 X
294 2220 494 2248 contractum
512 2226 577 2246 esse
591 2215 684 2246 credit
699 2215 795 2246 Goetz
927 2217 987 2254 461
1013 2212 1133 2244 morari
1151 2211 1233 2242 mihi
1250 2210 1301 2241 PE
1391 2220 1473 2241 caue
1490 2209 1570 2240 mihi
1588 2209 1622 2239 in

295 2265 328 2292 te
345 2261 389 2291 sit
406 2270 498 2290 mora
515 2259 654 2290 Redslob
794 2260 858 2298 463
883 2258 1171 2298 halophantamne
1189 2254 1324 2286 Guietus
1423 2253 1528 2293 magis
1546 2263 1622 2284 esse

295 2303 382 2336 codd.
399 2303 503 2334 Nonii
523 2313 605 2334 120:
631 2304 721 2334 hunc
745 2303 852 2342 magis
874 2303 937 2333 hoc
954 2303 1030 2333 esse
1052 2299 1118 2331 cod.
1208 2299 1257 2329 vel
1270 2309 1367 2338 mage
1500 2298 1563 2337 464
1586 2301 1622 2327 ut

295 2347 374 2379 Ald.
393 2358 401 2379 ε
424 2346 514 2378 huad
532 2346 595 2388 (Β)
613 2346 664 2378 vel
676 2346 765 2377 haud
781 2345 861 2386 (PE)
878 2346 942 2378 cod.
1084 2353 1149 2383 470
1172 2342 1219 2373 ito
1239 2341 1417 2373 Gruterus:
1442 2340 1535 2372 mitto
1552 2339 1618 2371 cod.
