1814 2723
203 58 281 95 III.

245 374 285 405 55

242 470 289 507 iv

270 828 287 861 5

255 1154 293 1176 10

258 1478 296 1510 15

260 1801 300 1823 20

304 57 349 94 iii
729 53 775 90 T.
810 51 990 90 MACCI
1022 48 1227 86 PLAVTI

303 180 425 217 quom
446 164 686 204 militabam:
717 161 857 212 pugnis
878 158 1144 198 memorandis
1166 156 1262 196 meis

303 231 551 271 eradicabam
572 227 781 267 hominum
801 225 914 272 auris,
937 224 1099 274 quando
1120 235 1362 272 occeperam.

305 298 375 335 sed
396 296 482 346 quis
503 294 582 332 illic
602 300 660 332 est
680 305 799 342 quem
820 292 898 328 huc
918 288 1197 327 aduenientem
1219 286 1426 337 conspicor

306 375 417 401 suam
439 360 506 411 qui
526 359 743 398 undantem
764 355 1013 404 chlamydem
1034 353 1260 402 quassando
1280 350 1399 389 facit?

646 469 826 505 M1LEs
938 466 1302 501 PERIPHANES

310 555 382 592 M1.
416 553 525 592 Caue
546 548 800 600 praeterbitas
822 548 918 585 ullas
939 544 1047 583 aedis
1069 543 1165 594 quin
1185 556 1308 593 roges,

307 631 425 657 senex
445 618 508 654 hic
529 614 597 654 ubi
617 613 768 652 habitat
790 611 1030 661 Periphanes
1052 608 1262 647 Platenius.

306 685 476 722 incertus
497 688 607 718 tuom
629 691 726 717 caue
746 678 797 715 ad
818 689 881 714 me
901 673 1093 713 rettuleris
1114 674 1269 723 pedem.

308 750 376 786 PE.
408 747 653 790 adulescens,
677 742 707 781 si
728 742 857 780 istunc
876 739 1081 778 hominem
1103 751 1221 788 quem
1242 744 1284 775 tu
1305 737 1499 786 quaeritas

308 812 379 851 tibi
400 817 716 854 commostrasso‚
740 819 907 856 ecquam
927 818 997 854 aps
1017 811 1056 842 te
1076 803 1185 841 inibo
1208 801 1400 852 gratiam?

313 879 383 915 M1.
415 876 558 914 uirtute
579 873 670 912 belli
690 879 861 910 armatus
881 868 1080 921 promerui
1100 875 1143 906 ut
1163 866 1259 905 mihi

309 940 438 981 omnis
459 938 632 979 mortalis
652 951 765 988 agere
786 937 925 975 deceat
946 933 1095 984 gratias.

311 1009 380 1045 PE.
412 1019 493 1044 non
514 1002 727 1054 repperisti,
750 1002 995 1046 adulescens,
1018 997 1272 1048 tranquillum
1293 998 1425 1036 locum

311 1072 379 1111 ubi
400 1079 484 1110 tuas
505 1070 668 1108 uirtutes
689 1067 859 1117 explices
879 1073 922 1104 ut
942 1065 1129 1115 postulas.

312 1151 403 1176 nam
425 1134 631 1175 strenuiori
651 1132 821 1172 deterior
841 1131 873 1170 si
893 1129 1093 1181 praedicat

312 1217 401 1242 suas
423 1204 584 1253 pugnas,
607 1201 657 1238 de
677 1198 779 1237 illius
800 1197 888 1236 illae
909 1198 1008 1234 fiunt
1028 1194 1221 1234 sordidae.

313 1269 383 1307 sed
403 1267 520 1306 istum
542 1279 660 1316 quem
682 1263 835 1315 quaeris
857 1261 1119 1311 Periphanem
1141 1258 1363 1298 Platenium

313 1348 386 1385 ego
407 1346 504 1378 sum,
528 1331 558 1370 si
580 1330 675 1381 quid
696 1329 766 1368 uis.
827 1330 899 1366 M1.
932 1327 1063 1376 nemp’
1084 1338 1202 1376 quem
1223 1324 1264 1362 in
1283 1322 1552 1363 adulescentia

314 1404 534 1437 memorant
553 1396 660 1446 apud
680 1407 788 1444 reges
808 1392 937 1439 armis,
959 1398 1040 1430 arte
1061 1389 1230 1429 duellica

315 1463 471 1503 diuitias
492 1474 653 1511 magnas
672 1459 910 1509 indeptum?
966 1458 1036 1494 PE.
1067 1455 1191 1494 immo
1212 1454 1243 1492 si
1263 1453 1399 1493 audias

317 1542 423 1567 meas
444 1528 605 1577 pugnas,
628 1524 751 1575 fugias
773 1522 955 1561 manibus
977 1520 1156 1560 demissis
1178 1521 1353 1558 domum.

317 1595 391 1631 M1.
422 1593 488 1642 pol
509 1604 582 1640 ego
603 1588 725 1639 magis
746 1601 870 1626 unum
891 1598 1038 1636 quaero
1059 1598 1166 1623 meas
1187 1583 1281 1634 quoi
1301 1582 1525 1633 praedicem

316 1670 434 1708 quam
455 1656 564 1694 illum
586 1654 653 1704 qui
674 1659 866 1691 memoret
886 1664 975 1689 suas
996 1649 1103 1688 mihi.
1154 1651 1222 1687 PE.
1254 1648 1319 1687 hic
1338 1661 1420 1686 non
1440 1655 1498 1686 est
1513 1649 1647 1695 locus3

317 1721 431 1773 proin
451 1728 493 1758 tu
512 1719 632 1758 alium
653 1730 816 1768 quaeras
837 1715 931 1766 quoi
952 1721 1141 1753 centones
1162 1712 1314 1751 sarcias.

321 1789 394 1825 M1.
423 1785 599 1824 animum
619 1784 783 1822 aduorte
803 1789 846 1820 ut
865 1781 974 1831 quod
995 1792 1068 1829 ego
1086 1779 1138 1817 ad
1157 1786 1196 1816 te
1214 1777 1386 1817 aduenio
1407 1776 1618 1826 intellegas.

319 1866 448 1891 meam
468 1850 636 1889 amicam
657 1847 792 1887 audiui
812 1854 850 1885 te
871 1859 955 1885 esse
976 1852 1202 1883 mercatum.
1262 1845 1330 1881 PE.
1362 1849 1506 1881 attatae
1523 1845 1529 1879 l

319 1931 424 1956 nunc
445 1918 607 1955 demum
629 1913 710 1952 scio
731 1926 804 1963 ego
824 1913 931 1950 hunc
951 1910 1018 1961 qui
1039 1910 1110 1949 sit:
1140 1922 1259 1960 quem
1280 1909 1432 1947 dudum
1458 1906 1647 1958 Epidicus

319 1982 416 2021 mihi
435 1979 677 2031 praedicauit
697 1977 873 2016 militem.
931 1977 1176 2020 adulescens,
1197 1973 1287 2012 itast

365 2089 427 2119 435
451 2079 517 2109 illic
533 2077 686 2118 Seyffert:
712 2077 765 2107 hic
783 2074 847 2107 cod.
862 2074 943 2115 (pro
960 2074 1014 2104 ille
1032 2073 1098 2110 hic,
1116 2073 1171 2103 ι’.ι’.
1191 2071 1256 2101 illic
1268 2071 1295 2110 2)
1428 2071 1491 2109 438
1515 2069 1568 2101 hic
1581 2079 1646 2100 om.

320 2125 353 2155 Β
443 2122 662 2153 Plathaenius
694 2121 759 2160 (hic
783 2122 811 2150 et
833 2119 866 2149 in
891 2129 941 2150 vv.
968 2123 1047 2156 seq.)
1074 2116 1118 2148 K.
1145 2114 1299 2147 Schmidt
1324 2114 1455 2147 (Herm.
1487 2123 1538 2153 37,
1568 2113 1649 2152 203)

321 2178 385 2207 443
411 2166 560 2207 [deceat]
580 2175 682 2203 agere
700 2165 819 2194 deceat
836 2161 902 2193 cod.
920 2161 1010 2201 (dec.
1026 2165 1075 2200 pr.
1095 2170 1159 2190 om.
1175 2158 1217 2198 J>
1238 2159 1298 2198 (iv.
1316 2158 1352 2197 3)
1488 2167 1549 2197 447
1573 2157 1650 2187 item

321 2211 510 2242 Priscianus
540 2219 564 2248 1,
596 2209 640 2238 86
664 2218 714 2247 sq.
817 2206 936 2237 suillae
961 2204 1096 2235 Palmer
1119 2202 1307 2243 (Hermatlz.
1331 2213 1362 2241 9,
1385 2201 1443 2242 64)
1585 2200 1649 2239 448

278 2254 284 2261 ”
322 2254 372 2286 vel
386 2255 493 2284 istunc
627 2262 691 2290 450
714 2249 829 2281 accedit
843 2249 876 2279 A
1026 2256 1089 2286 452
1113 2247 1196 2277 dim·
1218 2244 1506 2284 Lambfflugfort.
1523 2254 1597 2274 cum
1613 2241 1647 2272 A

324 2308 388 2338 454
403 2308 469 2337 qua
487 2295 609 2336 (illlum
627 2295 676 2325 vel
690 2294 806 2334 qua(m
823 2294 917 2332 e)um
933 2291 966 2321 A
1007 2299 1029 2310 Ι
1066 2300 1129 2330 455
1154 2288 1267 2329 proin]
1284 2299 1351 2328 quo
1368 2289 1401 2318 in
1418 2288 1451 2318 P
1466 2287 1564 2330 (quin
1582 2286 1647 2323 Ba)

324 2339 653 2417 {zrlpiigsPLambt'nus
668 2350 674 2369 :
699 2338 819 2368 sarcias
837 2340 864 2367 ct
880 2335 912 2364 A
935 2338 977 2369 (v.
999 2334 1031 2375 7)
1050 2337 1079 2365 et
1094 2334 1127 2364 P
1142 2333 1172 2375 (f
1179 2338 1242 2373 pro
1258 2333 1302 2374 s),
1322 2333 1377 2363 vix
1392 2335 1467 2362 recte
1586 2331 1650 2369 456

1653 293 1718 330 435

1658 745 1727 778 440

1660 1070 1726 1106 445

1662 1395 1732 1431 450

1665 1724 1730 1762 455
