1794 2728
138 74 283 111 111.iv
661 72 707 109 T.
740 70 921 110 MACCI
952 69 1157 107 PLAVTI

236 196 308 233 ego
329 196 415 221 sum
438 181 526 221 Ioui
546 181 654 221 dicto
673 180 851 226 audiens,
873 179 956 218 eius
981 178 1088 216 iussu
1109 190 1214 215 nunc
1234 177 1313 214 huc
1334 188 1396 213 me
1416 175 1560 213 adfero.

235 261 353 298 quam
375 248 428 286 ob
447 261 529 286 rem
551 246 646 284 mihi
667 245 780 295 magi'
801 258 869 294 par
890 251 947 282 est
968 243 1031 281 uia
1048 242 1240 281 decedere
1261 247 1299 278 et
1319 240 1548 278 concedere.
1583 246 1654 282 990

235 320 344 363 pater
359 319 475 351 uocat
493 325 566 359 me,
582 324 673 350 eum
690 323 842 359 sequor,
859 308 941 347 eius
958 307 1076 353 dicto,
1092 305 1258 356 imperio
1275 318 1361 343 sum
1377 302 1541 341 audiens
1556 317 1566 350 3

235 385 277 416 ut
298 377 420 415 filium
442 378 592 415 bonum
613 374 712 426 patri
733 387 817 412 esse
839 380 1003 423 oportet,
1028 371 1164 409 itidem
1186 382 1259 420 ego
1281 382 1367 407 sum
1388 368 1496 418 patri.

177 459 216 481 10
235 442 382 481 amanti
403 440 677 492 subparasitor,
701 441 845 486 hortor,
867 439 992 484 adsto,
1014 438 1225 481 admoneo,
1248 434 1412 484 gaudeo.

236 508 267 546 si
288 507 383 558 quid
404 506 502 558 patri
522 508 715 556 uolupest,
738 506 921 554 uoluptas
942 516 988 541 ea
1008 501 1105 540 mihi
1126 502 1251 538 multo
1272 506 1500 537 maxumast.

235 581 362 612 amat:
394 572 493 623 sapit
508 588 518 620 3
547 579 651 611 recte
671 570 774 617 facit,
797 569 930 608 animo
951 568 1113 618 quando
1134 565 1363 616 opsequitur
1384 577 1465 610 suo,
1587 575 1652 612 995

236 640 344 689 quod
365 638 493 677 omnis
510 636 691 675 homines
712 637 838 673 facere
855 640 1019 684 oportet,
1038 633 1134 670 dum
1156 631 1196 669 id
1218 631 1339 668 modo
1361 630 1426 666 fiat
1446 629 1566 666 bono.

236 717 343 742 nunc
364 702 696 753 Amphitruonem
717 702 801 738 uolt
821 698 956 738 deludi
977 699 1079 736 meu'
1100 704 1232 746 pater:
1262 696 1350 733 faxo
1370 693 1494 744 probe

178 782 215 815 15
237 769 314 807 iam
335 768 399 806 hic
420 768 637 813 deludetur,
661 772 911 815 spectatores,
934 762 1048 801 uobis
1069 759 1391 811 inspectantibus.

237 834 390 884 capiam
412 846 599 872 coronam
621 831 675 869 mi
695 830 734 868 in
756 836 885 880 caput,
907 827 1158 866 adsimulabo
1179 839 1243 863 me
1264 838 1348 863 esse
1369 823 1546 871 ebrium3

236 907 354 949 atque
375 899 466 936 illuc
488 910 622 935 susum
643 893 881 934 escenderd:
912 893 1005 931 inde
1027 899 1189 941 optume
1213 891 1401 940 aspellam
1421 888 1549 926 uirum
1591 901 1681 925 1000

237 966 287 1003 de
301 977 453 1014 supero,
464 975 585 1012 quom
599 963 676 999 huc
689 958 896 998 accesserit
905 973 914 1006 3
931 957 1071 995 faciam
1086 964 1128 994 ut
1144 955 1192 994 sit
1207 954 1388 993 madidus
1402 952 1564 992 sobrius.

238 1029 383 1068 deinde
403 1028 457 1067 illi
477 1035 655 1066 actutum
676 1027 831 1064 sufferet
853 1024 935 1062 suo’
957 1036 1091 1061 seruos
1111 1034 1261 1071 poenas
1282 1019 1415 1059 Sosia:

178 1107 219 1129 20
238 1109 329 1134 eum
359 1094 497 1133 fecisse
526 1093 590 1131 ille
619 1091 738 1130 hodie
772 1097 906 1140 arguet
936 1102 1037 1139 quae
1070 1100 1142 1137 ego
1176 1088 1306 1125 fecero
1340 1085 1414 1123 1116.
1474 1083 1569 1134 quid

1360 1148 1436 1202 (id)
1455 1149 1570 1187 mea?

239 1238 329 1264 meo
363 1238 426 1263 me
464 1229 671 1273 aequomst
709 1220 946 1271 morigerum
985 1218 1095 1269 patri,
1136 1217 1218 1256 eius
1257 1215 1388 1255 studio
1427 1213 1570 1253 seruire

1387 1281 1566 1319 addecet.

237 1357 306 1394 sed
333 1368 471 1394 eccum
494 1353 835 1404 Amphitruonem,
859 1349 1021 1389 aduenit
1035 1364 1045 1397 ;
1075 1348 1152 1387 iarn
1180 1347 1243 1386 1116
1269 1346 1333 1385 1116
1360 1346 1569 1384 deludetur
1591 1355 1678 1392 1005

1432 1409 1566 1460 probe,

346 1484 542 1534 siquidem
563 1496 634 1521 uos
655 1481 773 1520 uoltis
793 1480 1056 1519 auscultando
1076 1491 1235 1529 operam
1257 1477 1361 1516 dare.

346 1550 413 1589 ibo
433 1550 545 1596 intro,
570 1556 752 1607 ornatum
774 1546 927 1596 capiam
949 1544 1016 1595 qui
1036 1543 1140 1595 potis
1161 1544 1300 1591 decet3

180 1626 217 1658 25
347 1614 439 1653 dein
466 1627 600 1653 susum
629 1613 843 1651 ascendam
873 1611 913 1649 in
943 1606 1091 1649 tectu‘m
1119 1615 1161 1646 ut
1188 1608 1298 1646 illum
1325 1606 1417 1644 hinc
1443 1605 1571 1656 prohi-

1441 1671 1567 1709 bearn.

725 1759 958 1808 ACTVS
1015 1758 1087 1804 IV

116 1856 222 1894 IV.i
733 1857 1081 1892 AMPH1TRvo

241 1943 322 1979 AM.
356 1941 595 1978 Naucratem
616 1950 735 1988 quem
756 1935 969 1975 conuenire
990 1934 1099 1972 uolui
1119 1933 1159 1971 in
1180 1932 1273 1971 naui
1293 1944 1373 1970 non
1394 1937 1489 1977 erat,

241 2018 370 2055 neque
404 2003 513 2043 dorni
545 2016 674 2052 neque
704 2002 743 2039 in
775 2001 872 2039 urbe
901 1999 1062 2038 inuenio
1089 2010 1329 2048 quemquam
1361 1995 1428 2046 qui
1459 1995 1566 2033 illum
1592 2003 1682 2029 1010

1416 2059 1567 2099 uiderit.

285 2185 349 2215 992
374 2183 438 2213 ego
455 2173 503 2203 bis
519 2171 583 2203 cod,
606 2170 722 2211 (semel
731 2170 760 2209 J
765 2171 777 2209 >
905 2171 970 2208 996
994 2169 1082 2200 bono
1094 2169 1152 2198 fiat
1170 2167 1270 2198 modo
1283 2165 1458 2196 Abraham
1471 2162 1566 2194 stud.

241 2219 292 2258 HI.
307 2228 371 2249 210
514 2218 579 2255 998
596 2217 682 2255 insp.
697 2213 856 2253 Pylades:
881 2213 1112 2252 spectantibus
1129 2210 1194 2242 cod.
1216 2210 1293 2251 (pro
1310 2207 1569 2248 ispectantibus3

243 2273 272 2293 v.
285 2273 316 2301 9.
331 2262 366 2301 8)
508 2270 593 2290 1000
618 2269 688 2298 asp.
709 2256 944 2288 Camerarius:
973 2255 1146 2294 cispellam
1164 2254 1229 2284 cod.
1257 2254 1302 2293 (ci
1323 2258 1384 2293 pro
1405 2262 1446 2289 a;
1469 2251 1513 2281 vi.
1534 2250 1567 2289 Ι)

246 2316 329 2337 1002
352 2304 400 2336 1111
429 2303 635 2334 Lambinus:
669 2301 726 2332 ille
756 2300 821 2332 cod.
957 2294 1040 2337 1053
1066 2299 1098 2328 id
1127 2297 1201 2328 add.
1233 2296 1462 2327 Camerarius:
1489 2294 1569 2333 sort.

244 2349 363 2389 ecquid
502 2356 583 2385 1005
608 2345 657 2376 vel
672 2345 738 2375 illic
757 2345 789 2375 d..
941 2352 1020 2380 1007
1048 2341 1138 2381 potis
1153 2340 1316 2380 Scahger:
1343 2339 1455 2378 potius
1471 2336 1537 2367 cod.
