1742 2718
723 69 1046 108 BACCHIDES
1482 68 1551 103 IV.
1573 66 1649 102 viii

223 184 377 235 pacisce
397 183 565 234 quiduis.
626 183 703 222 CH.
737 180 803 219 ibo
823 188 862 219 et
882 180 1022 218 faciam
1044 181 1193 218 sedulo.
1570 193 1612 223 30

223 250 318 300 quid
335 250 510 287 clamas?
548 248 618 287 CL.
642 246 710 285 ubi
726 259 813 284 erus
829 253 918 283 tuos
935 246 1022 284 est?
1061 245 1137 284 CH.
1161 256 1367 293 nusquam.
1406 242 1549 282 nescio.

224 314 282 353 uis
303 313 374 353 tibi
395 315 587 352 ducentos
608 324 793 350 nummos
814 310 891 348 iam
913 309 1141 360 promittier,

223 387 265 418 ut
286 393 335 418 ne
355 380 568 417 clamorem
590 377 653 415 hic
673 376 791 414 facias
812 389 890 414 neu
911 375 1168 414 conuicium?

137 453 201 496 875
223 448 293 486 CL.
325 444 422 483 nihil
451 451 509 483 est
538 444 647 494 quod
676 442 820 481 malim.
882 443 958 481 CH.
990 449 1108 491 atque
1135 448 1178 479 ut
1204 440 1275 479 tibi
1303 441 1404 478 mala
1429 441 1552 477 multa

1348 505 1519 555 ingeram
1536 507 1552 543 ?

221 577 291 617 CL.
324 583 392 614 tuo
412 574 608 613 arbitratu.
670 575 735 611 N1.
768 580 810 611 ut
831 571 1107 611 subblanditur
1126 572 1334 610 carnufex!
1570 585 1612 618 35

220 643 297 682 CH.
330 649 438 692 pater
459 640 522 678 hic
545 638 783 677 Mnesilochi
805 645 887 685 est,
917 651 1091 687 sequere,
1114 637 1145 675 is
1166 636 1366 687 promittet
1388 635 1468 674 tibi.

220 715 262 746 tu
281 720 419 747 aurum
440 712 599 755 rogat03
628 711 802 742 ceterum
824 703 989 741 uerbum
1011 709 1069 740 sat
1091 709 1158 740 est.

222 774 287 812 N1.
320 771 415 822 quid
436 771 507 808 fit?
561 771 641 816 CH·
674 768 854 807 ducentis
877 767 1068 818 Philippis
1090 781 1169 805 rem
1192 766 1332 817 pepigi.
1393 767 1458 804 N1.
1486 766 1548 812 ah,

1447 832 1549 868 salus

136 912 204 946 880
222 917 319 950 mea,
343 900 546 941 seruauisti
567 914 640 939 me.
700 912 819 949 quam
842 912 933 937 mox
953 898 1044 937 dico
1067 898 1194 937 ‘dabo
1208 899 1245 935 '?

222 970 299 1008 CH.
332 981 424 1017 roga
444 968 550 1004 hunc
570 973 623 1012 tu,
647 971 687 1003 tu
709 963 894 1014 promitte
916 963 1018 1002 huic.
1079 964 1144 1001 N1.
1177 961 1378 1013 promitto,
1399 975 1501 1011 roga.
1568 974 1611 1006 40

222 1034 292 1073 CL.
325 1033 517 1071 ducentos
538 1043 724 1068 nummos
744 1042 882 1067 aureos
904 1028 1108 1078 Philippos
1128 1027 1274 1077 probos

221 1097 372 1136 dabin?
428 1097 504 1136 CH.
541 1099 549 1115 ‘
565 1095 763 1133 dabuntur
777 1095 785 1111 '
806 1083 936 1143 inque.
995 1093 1202 1142 responde.
1263 1093 1329 1130 N1.
1362 1091 1478 1130 dabo.

222 1164 298 1202 CH.
331 1162 426 1212 quid
447 1174 563 1207 nunc,
586 1160 754 1210 inpure?
784 1158 978 1208 numquid
999 1158 1165 1196 debetur
1184 1156 1285 1195 tibi?

135 1235 200 1278 885
221 1227 316 1277 quid
337 1227 391 1265 illi
411 1227 610 1264 molestu's
623 1227 640 1262 ?
669 1224 764 1275 quid
785 1224 895 1262 illum
917 1230 1041 1262 morte
1062 1222 1240 1261 territas?

220 1299 258 1331 et
278 1305 351 1342 ego
371 1299 409 1330 te
429 1299 468 1330 et
488 1291 551 1329 ille
573 1297 790 1329 mactamus
811 1288 1037 1328 infortunio.
1566 1298 1608 1330 45

219 1357 250 1395 si
272 1356 341 1395 tibi
363 1364 421 1395 est
441 1357 658 1402 machaera,
681 1362 720 1393 at
740 1354 855 1393 nobis
876 1353 1075 1392 ueruinast
1096 1352 1228 1391 domi:

219 1436 297 1472 qua
317 1421 479 1472 quidem
500 1429 538 1460 te
559 1420 711 1467 faciam,
735 1419 765 1457 si
786 1426 828 1458 tu
849 1432 912 1457 me
933 1417 1161 1464 inritaueris‚

219 1486 501 1526 confossiorem
523 1484 690 1524 soricina
709 1483 836 1523 nenia.

134 1557 202 1600 890
219 1552 295 1590 iam
318 1553 468 1590 dudum
491 1552 621 1589 hercle
642 1549 827 1600 equidem
848 1548 975 1587 sentio
996 1547 1167 1598 suspicio

220 1631 320 1668 quae
341 1624 378 1655 te
399 1615 580 1654 sollicitet
597 1631 603 1653 :
635 1628 724 1653 eum
746 1627 831 1653 esse
851 1627 942 1652 cum
963 1613 1028 1651 illa
1048 1612 1219 1651 muliere.
1567 1627 1610 1658 50

220 1683 289 1722 CL.
322 1681 444 1719 immo
464 1688 523 1719 est
543 1694 713 1730 quoque.
774 1680 850 1719 CH.
883 1678 936 1716 ita
956 1692 1019 1717 me
1041 1678 1231 1728 Iuppiter,
1252 1679 1365 1725 Iuno,
1389 1678 1519 1724 Ceres,

221 1746 413 1793 Minerua,
437 1748 547 1793 Lato,
571 1747 682 1796 Spes,
703 1744 813 1794 Opis,
835 1743 983 1790 Virtus,
1003 1745 1150 1790 Venus,

221 1812 369 1858 Castor,
395 1812 587 1857 Polluces,
613 1812 732 1856 Mars,
756 1808 987 1855 Mercurius,
1011 1809 1218 1855 Hercules,

134 1880 199 1924 895
221 1878 468 1924 Summanus,
491 1877 568 1922 Sol,
592 1876 781 1914 Saturnus
801 1874 922 1924 dique
942 1886 1080 1912 omnes
1099 1879 1245 1919 ament,

220 1948 263 1980 ut
281 1941 345 1980 ille
365 1955 456 1979 curn
476 1940 542 1978 illa
560 1953 690 1990 neque
710 1939 830 1978 cubat
849 1952 979 1988 neque
998 1938 1175 1976 ambulat
1565 1951 1606 1985 55

220 2019 349 2057 neque
369 2007 566 2044 osculatur
586 2018 715 2055 neque
736 2004 832 2043 illud
857 2004 965 2053 quod
986 2002 1064 2042 dici
1085 2004 1195 2041 solet.

221 2072 287 2109 NI,
319 2078 362 2109 ut
381 2070 480 2109 iurat
497 2073 504 2108 1
534 2076 663 2108 seruat
683 2083 746 2107 me
768 2068 831 2107 ille
852 2067 931 2106 suis
951 2067 1138 2118 periuriis.

263 2176 326 2214 873
350 2175 409 2205 uin
425 2173 556 2214 Morris,
576 2174 630 2205 cui
641 2173 784 2214 displicet
793 2173 844 2204 uis
861 2173 895 2203 in
911 2172 1001 2202 initio
1017 2172 1277 2211 interrogationss
1417 2173 1482 2212 879
1505 2172 1546 2203 ah

220 2218 342 2249 Bothe:
375 2219 441 2249 uah
472 2217 537 2251 cod.
670 2219 735 2248 880
759 2217 904 2248 seruasti
935 2215 999 2247 cod.
1135 2216 1200 2254 885
1223 2216 1304 2254 quia
1336 2215 1427 2246 illum
1459 2215 1524 2247 cod.
1540 2226 1547 2245 :

221 2273 298 2293 corr.
319 2261 531 2293 Camerarius
697 2262 762 2291 886
785 2260 833 2290 vel
847 2258 891 2290 ill‘
1046 2260 1108 2297 887
1133 2263 1168 2289 at
1184 2259 1258 2300 (ad)
1278 2258 1342 2290 cod.
1361 2259 1450 2290 Festi
1464 2261 1521 2289 161
1539 2270 1545 2290 :

221 2310 256 2337 et
271 2305 336 2336 cod.
469 2306 534 2336 888
558 2305 676 2337 faciam
693 2304 737 2345 si]
765 2303 903 2334 reddam
922 2300 1021 2345 u<bi)
1031 2302 1144 2333 Festus
1162 2304 1219 2333 161
1373 2305 1438 2342 893
1463 2302 1546 2333 Lato

222 2349 334 2380 testari
345 2348 475 2380 videtur
486 2348 591 2380 Varro
607 2347 705 2389 Ling.
724 2347 802 2378 Lat.
818 2357 847 2386 7,
868 2348 908 2377 16
926 2358 933 2378 :
958 2346 1088 2377 Latona
1104 2345 1168 2378 cod.
1191 2347 1225 2385 (i.
1234 2357 1257 2378 e.
1278 2345 1444 2386 Minerua,
1467 2346 1502 2377 L.
1518 2348 1545 2386 ἓ)

221 2395 284 2433 897
309 2393 516 2424 auscultatur
532 2391 598 2424 cod.
620 2392 698 2434 (pro
713 2391 917 2429 ausculatur,
936 2390 1071 2430 antiqua
1078 2389 1213 2431 forma)
