1814 2723
228 61 259 99 Ι.
280 62 309 98 ii
698 65 743 102 T.
778 64 957 104 MACCI
990 66 1193 103 PLAVTI

282 172 515 222 quantillum
536 174 684 224 argenti
705 174 759 212 mi
778 176 885 224 apud
905 175 1129 225 tarpezitam
1150 175 1232 214 siet.

221 244 260 282 85
280 239 332 278 ad
352 240 519 286 fratrem,
542 253 622 290 quo
642 240 696 278 ire
716 240 901 288 dixeram,
923 254 1015 280 mox
1034 241 1210 280 iuer0.——

759 485 1018 533 ACTVS
1071 486 1127 533 II

172 598 261 635 ILi
557 595 804 631 LORARII
1023 593 1332 630 TYNDARVS

746 661 1148 696 PHILOCRATES

282 760 352 796 Lo.
387 758 426 796 Si
460 758 500 796 di
536 758 762 796 inmortales
802 757 841 796 id
876 758 1095 803 uoluerunt,
1133 770 1206 794 uos
1239 758 1343 794 hanc
1381 770 1610 796 aerumnam
1633 769 1695 807 195

1438 821 1609 871 exsequi,

280 891 394 928 decet
415 890 455 928 id
476 890 557 940 pati
577 890 712 928 animo
733 903 862 939 aequo
879 904 886 927 :
917 888 949 927 si
970 888 1010 927 id
1030 887 1190 934 facietis,
1214 886 1338 925 leuior
1358 886 1470 924 labos
1491 886 1571 924 erit.

388 955 497 994 domi
517 955 654 1001 fuistis,
678 956 808 1001 credo,
831 954 943 992 liberi
962 970 969 992 :

281 1035 386 1059 nunc
407 1020 571 1059 seruitus
592 1020 624 1059 si
644 1020 788 1067 euenit,
812 1019 847 1058 ei
867 1033 939 1057 uos
960 1018 1185 1069 morigerari
1205 1032 1291 1056 mos
1312 1018 1457 1056 bonust

241 1101 258 1131 5
279 1093 316 1124 et
337 1086 419 1124 erili
439 1085 603 1136 imperio
624 1099 792 1135 eamque
812 1084 978 1134 ingeniis
998 1083 1139 1122 uostris
1159 1085 1289 1121 lenem
1309 1083 1483 1120 reddere.

280 1150 441 1200 indigna
479 1150 598 1200 digna
636 1150 821 1189 habenda
863 1157 963 1196 sunt,
1006 1161 1094 1187 erus
1127 1160 1229 1197 quae
1262 1146 1363 1185 facit.
1425 1147 1496 1185 CA.
1533 1147 1611 1184 oh!
1631 1156 1702 1181 200

1423 1212 1476 1249 oh
1495 1214 1502 1249 3
1532 1211 1585 1249 oh
1605 1213 1612 1248 1

337 1281 406 1318 LO.
439 1280 651 1319 eiulatione
678 1281 785 1319 haud
814 1293 914 1330 opus
944 1287 1013 1326 est,
1037 1276 1193 1331 [multa]
1215 1276 1340 1316 oculis
1368 1277 1491 1314 multa
1518 1275 1615 1313 mira

1439 1340 1588 1381 †clitist
1607 1355 1614 1378 :

390 1412 428 1449 in
450 1426 489 1450 re
510 1414 612 1450 mala
631 1412 765 1450 animo
785 1411 817 1449 si
837 1411 946 1449 bono
966 1417 1085 1456 utare,
1107 1408 1278 1447 adiuuat.

337 1476 412 1514 ΤΥ.
434 1482 472 1513 at
493 1487 566 1512 nos
585 1474 720 1524 pudet,
739 1473 832 1523 quia
851 1486 942 1511 cum
963 1471 1112 1510 catenis
1133 1484 1281 1509 sumus.
1339 1472 1410 1509 Lo.
1423 1479 1466 1509 at
1486 1470 1615 1520 pigeat

1476 1543 1614 1585 postea

225 1623 264 1644 10
498 1601 675 1643 nostrum
697 1617 817 1651 erum,
840 1602 871 1641 si
893 1616 965 1641 uos
986 1601 1130 1641 eximat
1151 1601 1304 1649 uinclis,

497 1677 565 1708 aut
585 1671 734 1708 solutos
754 1669 856 1707 sinat
877 1681 976 1718 quos
992 1675 1154 1717 argento
1175 1666 1321 1705 emerit.
1633 1676 1698 1712 205

388 1737 460 1773 ΤΥ.
493 1735 590 1785 quid
609 1748 633 1772 a
651 1733 766 1773 nobis
788 1733 956 1772 metuit?
985 1732 1121 1771 scimu'
1141 1745 1214 1770 nos

497 1807 674 1838 nostrum
696 1799 869 1837 officium
890 1800 999 1849 quod
1021 1806 1091 1845 est,
1114 1797 1145 1835 si
1166 1799 1315 1836 solutos
1336 1796 1447 1835 sinat.
1632 1797 1722 1831 206⁸

498 1867 569 1903 Lo.
601 1872 641 1903 at
660 1866 793 1915 fugam
813 1864 958 1914 fingitis
978 1880 985 1903 :
1016 1863 1144 1902 sentio
1164 1876 1283 1913 quam
1304 1875 1385 1900 rem
1405 1860 1528 1911 agitis.

226 1942 263 1974 15
284 1933 454 1969 PHILOC.
491 1944 563 1968 nos
595 1929 821 1980 fugiamus?
860 1943 941 1979 quo
975 1929 1198 1979 fugiamus?
1255 1929 1326 1965 Lo.
1362 1926 1403 1963 in
1435 1924 1612 1976 patriam.

822 1997 994 2033 PfflLoc.
1026 2007 1162 2044 apage,
1182 1994 1260 2030 hau
1281 2005 1353 2030 nos
1374 1991 1414 2030 id
1435 1992 1587 2036 deceat,

283 2061 467 2112 fugitiuos
497 2060 648 2099 imitari.
719 2062 789 2098 Lo.
822 2059 945 2097 immo
979 2059 1132 2108 edepol,
1164 2056 1195 2094 si
1234 2056 1304 2094 erit
1339 2055 1507 2102 occasio,
1536 2056 1613 2092 hau

1414 2121 1610 2158 dehortor.

330 2241 392 2272 199
415 2241 555 2270 eamque
579 2235 613 2261 et
637 2230 710 2261 erili
734 2230 876 2269 imperio
899 2228 965 2260 cod.
984 2240 990 2259 :
1015 2239 1093 2259 corr.
1120 2225 1294 2265 Nettleslup
1455 2234 1514 2255 201
1531 2224 1612 2264 fort.

284 2276 388 2306 multa
404 2286 454 2306 oc.
476 2274 574 2314 (abl.)
593 2274 676 2304 muti
756 2273 837 2313 fort.
856 2273 932 2304 aitis
945 2272 1001 2313 (ιβ
1018 2282 1046 2303 v.
1068 2271 1124 2312 72)
1229 2280 1293 2308 204
1317 2269 1345 2299 si
1363 2279 1442 2300 suos
1459 2292 1466 2300 .
1486 2292 1493 2299 .
1515 2292 1523 2300 .
1541 2268 1612 2298 uin-

284 2319 368 2350 culis
393 2320 453 2359 (ita
474 2317 560 2358 cod.)
578 2317 726 2357 Spengel,
741 2321 778 2348 ut
794 2320 919 2348 tetram.
939 2315 1034 2346 cretz'c.
1044 2316 1112 2353 fiat
1192 2323 1256 2352 205
1280 2313 1370 2343 sinat
1385 2312 1460 2343 Ital.
1479 2323 1486 2342 ε
1509 2312 1612 2342 sinat-

285 2362 383 2404 [que]
401 2361 465 2392 cod.
487 2362 547 2401 (iv.
567 2371 599 2399 5,
616 2371 647 2400 p.
665 2360 723 2400 61)
857 2370 918 2398 207
944 2360 1016 2397 agis
1032 2357 1222 2394 Hermann,
1243 2360 1279 2387 ut
1293 2360 1420 2387 tetram.
1441 2355 1535 2386 artic.
1546 2354 1614 2393 fiat
