1742 2718
704 81 1024 121 PRAEFATIO

202 199 419 240 bonianum
440 195 677 234 Vaticanum
701 191 807 229 misc.
833 192 914 227 Lat.
939 191 1026 237 687,
1050 200 1149 226 saec.
1172 186 1232 234 xii,
1256 185 1324 236 qui
1353 184 1528 224 continet

203 267 317 314 Capt·
340 260 567 311 400-555>;

257 327 352 375 ΡΒῙ),
376 327 482 364 unde
504 321 666 362 derivati
687 327 778 358 sunt
799 327 837 357 et
856 319 954 357 liber
975 318 1096 356 modo
1112 323 1351 354 memoratus
1373 313 1471 365 (PE)
1493 320 1531 351 et

204 393 329 444 prima
368 404 455 441 pars
490 391 658 427 duorum
699 383 855 423 maioris
891 382 1082 420 momenti
1113 380 1308 426 codicum,
1344 381 1390 417 D
1425 379 1529 429 (cod.

205 456 387 497 Vaticani
411 458 526 505 3870,
550 465 650 490 saec.
673 447 795 495 >ri—xii,
814 447 883 498 qui
903 448 1080 485 continet
1101 446 1260 494 Amph„
1283 443 1406 491 Asin„
1429 444 1531 489 Aul„

207 524 318 572 Capt.
351 532 480 570 1-503
504 531 594 556 cum
620 513 834 554 duodecim
861 511 1003 550 fabulis
1029 507 1339 560 posterioribus),
1366 509 1406 545 B
1428 508 1531 556 (cod.

208 585 374 626 Palatini
408 587 520 629 1612,
544 595 644 620 saec.
668 577 790 625 >ri—xii,
813 576 881 628 qui
903 575 1080 615 continet
1100 581 1192 612 octo
1218 573 1368 611 fabulas
1389 572 1534 622 priores

209 665 299 690 curn
329 648 543 689 duodecim
568 643 878 696 posterioribus).
940 643 1016 678 Per
1043 646 1192 677 ceteras
1216 645 1349 675 autern
1373 636 1535 683 fabulas,

209 715 422 756 duodecim
444 711 676 763 posteriores
699 722 795 759 quas
816 712 971 752 vocant,
995 702 1180 742 denotavi
1201 702 1304 752 siglis
1323 717 1331 740 ;

264 780 358 828 PCD,
381 780 523 818 librum
545 778 651 815 unde
672 772 858 822 descripti
874 778 966 810 sunt
987 772 1023 809 C
1036 769 1139 819 (cod.
1162 766 1361 806 Palatinus
1379 766 1540 805 Heidel-

210 842 411 894 bergensis
441 844 551 889 1613,
576 852 675 877 saec.
702 834 825 883 >ri-xii,
848 833 942 885 qui¹
970 831 1147 871 continet
1167 843 1306 869 omnes
1327 829 1540 868 duodecim

212 908 381 958 fabulas)
403 914 441 945 et
462 904 610 944 codicis
630 905 676 941 D
696 916 783 953 pars
805 902 925 939 altera
941 914 951 947 3

267 972 356 1020 PRO,
380 971 523 1009 librum
545 969 651 1007 uncle
672 965 855 1016 descripti
879 971 969 1003 sunt
990 970 1029 1001 et
1048 962 1147 1000 liber
1163 961 1284 999 modo
1304 968 1542 998 memoratus

215 1037 336 1090 (PCD)
358 1045 396 1076 et
417 1034 564 1075 codicis
583 1035 624 1071 B
644 1046 730 1083 pars
751 1033 881 1069 altera.
938 1030 1043 1069 Cum
1063 1034 1196 1065 autern
1217 1026 1315 1075 siglo
1336 1028 1370 1063 P
1391 1026 1543 1063 soleant

213 1104 282 1143 viri
322 1101 430 1142 docti
469 1113 534 1139 eas
572 1099 761 1137 lectiones
801 1097 988 1134 denotare
1027 1105 1139 1143 quae,
1176 1090 1328 1129 collatis
1366 1089 1466 1128 inter
1504 1102 1545 1128 se

216 1167 497 1221 perpensisque
540 1162 700 1213 singulis
746 1159 963 1205 codicibus,
1010 1156 1258 1196 verissimum
1305 1153 1545 1194 recensionis

218 1235 418 1273 Palatinae
464 1230 687 1279 exemplum
733 1225 921 1277 praebere
966 1221 1201 1268 iudicantur,
1251 1219 1348 1259 mihi
1386 1231 1547 1269 quoque

216 1298 351 1349 religio
380 1296 451 1334 fuit
481 1308 529 1333 eo
559 1293 657 1344 siglo
686 1305 768 1330 non
797 1290 907 1329 aliter
936 1289 1003 1327 uti.
1064 1288 1205 1337 Itaque
1235 1287 1466 1335 plerumque
1493 1284 1548 1321 nil

217 1364 291 1403 nisi
319 1362 458 1412 siglum
483 1361 535 1398 ‘P
545 1361 552 1376 '
581 1359 675 1409 (aut,
699 1358 729 1395 si
750 1358 788 1394 A
816 1357 938 1401 deest,
971 1351 1098 1403 ‘c0d.⁷)
1119 1350 1342 1401 appositum
1367 1350 1545 1399 reperies,

218 1443 308 1468 curn
329 1427 370 1466 id
390 1426 535 1475 egerim
556 1432 598 1461 ut
618 1424 672 1460 nil
694 1421 768 1460 nisi
796 1420 989 1471 optimum
1017 1415 1287 1457 testimonium
1309 1414 1548 1453 recensionis

219 1492 419 1532 Palatinae
446 1490 520 1541 (P)
551 1496 686 1527 contra
724 1484 995 1525 testimonium
1026 1480 1278 1521 Ambrosiani
1307 1479 1574 1530 palimpsesti'

220 1561 275 1609 (A
282 1561 294 1609 >
310 1565 571 1607 opponerem:
624 1553 777 1602 Nequis
798 1558 932 1589 tamen
952 1547 1050 1586 mihi
1072 1546 1111 1585 id
1127 1545 1271 1585 obiciat
1288 1545 1399 1595 quod
1414 1552 1550 1584 contra

220 1636 354 1662 verum
384 1622 526 1659 librum
556 1618 632 1669 (A)
663 1616 873 1667 imaginem
914 1614 1116 1664 quandam
1158 1611 1246 1649 libri
1284 1609 1548 1661 opposuerim.

223 1692 326 1728 Nam
360 1700 428 1737 per
462 1687 666 1735 plerasque
700 1682 851 1720 fabulas
886 1681 1005 1718 credo
1040 1678 1138 1728 siglo
1172 1679 1214 1715 P
1241 1690 1375 1716 verum
1410 1676 1552 1714 librum

222 1752 396 1799 indicari,
420 1751 515 1788 illud
543 1748 808 1787 Teutonicum
836 1760 882 1785 ex
905 1745 1044 1784 codice
1066 1744 1159 1795 (PR)
1180 1745 1412 1794 perantiquo
1435 1742 1551 1793 (saec.

224 1819 315 1857 iii-v
353 1816 531 1866 fortasse)
571 1822 608 1852 et
650 1813 838 1863 scriptura
877 1825 996 1862 quam
1034 1817 1178 1849 vocant
1218 1809 1364 1848 rustica
1397 1807 1555 1859 capitali

224 1885 406 1923 confecto
445 1880 685 1929 descriptum
727 1878 845 1929 (saec,
888 1877 1021 1926 viii-x)
1060 1874 1340 1926 archetypum²
1385 1887 1433 1912 ex
1477 1886 1556 1923 quo

226 1961 364 1989 omnes
384 1960 500 1996 supra
516 1945 721 1984 memorati
739 1944 898 1983 codices
921 1949 1202 1982 emanaverunt
1220 1957 1229 1991 3
1257 1955 1327 1992 per
1342 1954 1408 1980 eas
1424 1948 1556 1978 tamen

268 2102 280 2121 ἱ
309 2100 424 2139 Nuper
442 2099 662 2138 phototypiee
681 2109 864 2139 expressus
884 2098 1019 2128 Leidae.

273 2153 284 2172 ²
311 2151 443 2182 Librum
462 2161 536 2180 curn
557 2150 649 2180 euius
667 2150 789 2181 auxilio
810 2149 974 2181 lectiones
992 2147 1117 2179 codicis
1136 2146 1167 2176 Β
1189 2148 1362 2176 correctae
1386 2147 1464 2174 sunt
1482 2141 1556 2181 (Β3)

228 2205 361 2245 quoties
377 2203 418 2233 ab
439 2213 480 2232 eo
499 2203 782 2242 discrepaverunt
801 2207 833 2232 et
852 2202 977 2233 codicis
996 2200 1074 2230 PBD
1091 2202 1267 2238 parentem
1285 2197 1389 2227 fuisse
1407 2194 1560 2233 suspicor

229 2263 265 2288 et
288 2255 434 2296 priorem
454 2255 578 2286 codicis
597 2255 674 2284 PBC
699 2259 831 2293 partem
849 2266 857 2292 ;
882 2253 1104 2290 archetypum
1121 2250 1223 2289 igitur
1240 2249 1321 2279 illud
1337 2245 1559 2278 Teutonicum

232 2309 317 2340 nihil
333 2310 425 2340 aliud
448 2309 550 2340 fuisse
566 2319 665 2348 quam
682 2309 790 2346 ipsum
811 2307 873 2335 hoc
887 2304 1046 2335 volumen
1064 2303 1159 2333 cuius
1175 2311 1253 2341 pars
1270 2300 1362 2340 prior
1377 2301 1467 2329 esset
1484 2296 1560 2326 fons

233 2363 478 2395 correctionum
497 2361 572 2402 (8⁸)
590 2365 622 2390 et
646 2359 741 2390 cuius
759 2368 836 2397 pars
853 2357 958 2387 altera
973 2360 1065 2387 esset
1081 2354 1191 2386 codex
1209 2352 1300 2383 PBC.

881 2411 918 2450 iv
