1814 2723
267 61 312 98 V.
334 61 380 97 iv
759 63 804 99 T.
839 61 1020 100 MACCI
1053 61 1257 98 PLAVTI

337 174 400 211 SE.
434 186 575 223 magna
595 186 685 212 cum
707 186 800 211 cura
820 186 893 223 ego
913 172 1023 211 illurn
1044 172 1168 211 curari
1190 174 1293 211 uolo.
1682 175 1748 220 895

337 239 450 276 ΜΕΙ).
483 238 578 288 quin
599 238 805 288 suspirabo
825 240 914 287 plus
934 241 1163 279 †sescenta†
1183 237 1222 276 in
1243 238 1328 277 dies
1346 253 1355 276 2

336 302 390 340 ita
410 316 483 353 ego
504 302 595 341 eum
616 317 706 341 cum
728 316 820 341 cura
841 316 984 352 magna
1005 303 1152 341 curabo
1172 302 1255 341 tibi.

277 384 315 406 10
337 369 401 405 SE.
452 375 571 418 atque
614 381 752 406 eccum
794 367 923 418 ipsum
962 367 1177 406 hominem.
1248 368 1504 418 opseruemus
1543 379 1662 416 quam

1462 445 1542 470 rem
1561 438 1660 480 agat.

286 599 315 626 v
426 588 885 625 MENAECHmvsI
1000 588 1185 625 SENEx
1298 588 1556 623 MED1cvs

334 687 449 723 ΜΕΝ.
493 687 647 736 Edepol
687 700 736 724 ne
768 686 832 724 hic
867 686 951 725 dies
988 699 1197 736 peruorsus
1229 693 1348 735 atque
1381 686 1573 722 aduorsus
1607 684 1661 722 mi

1510 749 1658 798 optigit.

332 829 434 866 quae
456 829 518 854 me
540 817 640 854 clam
661 824 765 854 ratus
786 829 873 854 sum
896 817 1032 862 facere,
1057 815 1192 854 omnia
1211 828 1258 853 ea
1277 814 1368 852 fecit
1388 815 1516 864 palam
1679 821 1750 856 900

332 880 522 931 parasitus
544 881 611 931 qui
633 894 697 920 me
716 881 932 931 compleuit
954 880 1074 930 flagiti
1095 889 1133 919 et
1154 879 1386 926 formidinis,

332 959 443 984 meus
463 945 608 993 Vlixes,
632 958 704 984 suo
725 945 791 996 qui
813 945 892 995 regi
913 953 1067 984 tantum
1089 945 1262 984 conciuit
1283 944 1385 983 mali.

294 1025 311 1056 5
332 1010 450 1060 quem
472 1024 545 1060 ego
566 1011 781 1058 hominem,
805 1010 835 1048 si
857 1010 1019 1060 quidem
1041 1010 1146 1057 uiuo,
1170 1009 1251 1048 uita
1271 1011 1454 1048 euoluam
1475 1023 1598 1048 sua——

331 1076 401 1114 sed
422 1089 495 1125 ego
516 1077 657 1114 stultus
678 1089 776 1123 sum,
800 1075 867 1125 qui
888 1075 990 1113 illius
1012 1088 1096 1113 esse
1117 1074 1210 1113 dico
1230 1088 1331 1124 quae
1351 1082 1498 1113 meast:

331 1153 421 1178 meo
442 1140 533 1178 cibo
553 1147 591 1178 et
612 1148 772 1190 sumptu
793 1141 1012 1178 educatust.
1071 1139 1204 1177 anima
1226 1139 1391 1189 priuabo
1412 1138 1549 1177 uirum.
1679 1150 1744 1187 905

331 1205 529 1255 condigne
549 1212 681 1243 autem
703 1206 800 1243 haec
822 1204 1003 1243 meretrix
1023 1204 1125 1251 fecit,
1148 1211 1191 1242 ut
1212 1217 1298 1243 mos
1318 1212 1376 1243 est
1397 1204 1637 1243 meretricius
1654 1220 1661 1243 :

332 1270 425 1319 quia
445 1283 538 1319 rogo
559 1272 662 1320 palla
682 1278 723 1308 ut
744 1272 929 1308 referatur
949 1283 1083 1308 rusum
1103 1270 1156 1308 ad
1176 1282 1337 1308 uxorem
1358 1283 1498 1318 meam,

276 1347 313 1369 10
334 1335 429 1373 mihi
450 1349 491 1373 se
511 1335 564 1373 ait
585 1335 752 1374 dedisse.
812 1349 860 1373 eu
882 1336 1024 1385 edepol
1044 1338 1050 1373 1
1100 1334 1149 1373 ne
1170 1348 1243 1385 ego
1263 1336 1385 1374 homo
1405 1335 1500 1373 uiuo
1520 1335 1646 1374 miser.

333 1402 396 1439 SE.
433 1400 553 1439 audin
593 1414 695 1450 quae
733 1400 934 1450 loquitur?
992 1402 1106 1438 MED.
1148 1413 1189 1438 se
1223 1399 1407 1438 miserum
1448 1400 1656 1450 praedicat.

1290 1466 1354 1503 SE.
1387 1466 1505 1503 adeas
1525 1465 1656 1503 uelim.

333 1532 446 1568 MED.
479 1532 609 1568 saluos
641 1530 703 1578 sis,
739 1532 1015 1569 Menaechme.
1089 1543 1248 1580 quaeso,
1285 1543 1358 1579 qur
1390 1537 1543 1580 apertas
1577 1531 1660 1568 bra—
1678 1526 1746 1573 9¹10

596 1599 603 1605 ”
1470 1594 1627 1633 echium
1643 1596 1660 1633 ?

332 1675 412 1700 non
434 1669 474 1699 tu
496 1661 571 1699 scis
591 1669 783 1711 quantum
806 1661 867 1699 isti
890 1662 1030 1700 morbo
1051 1674 1157 1699 nunc
1178 1668 1246 1699 tuo
1268 1660 1386 1699 facias
1407 1660 1531 1698 mali?

334 1729 448 1765 ΜΕΝ.
490 1727 584 1777 quin
615 1736 656 1766 tu
686 1735 724 1766 te
754 1727 993 1777 suspendis?
1063 1729 1126 1765 SE.
1160 1726 1303 1777 ecquid
1333 1725 1485 1764 sentis?
1542 1727 1656 1763 MED.

1304 1791 1443 1841 quidni
1463 1790 1660 1829 sentiam?

277 1871 313 1903 15
332 1870 411 1895 non
434 1865 562 1908 potest
584 1859 680 1896 haec
701 1871 761 1896 res
781 1856 942 1896 ellebori
963 1857 1123 1907 iungere
1143 1856 1363 1908 optinerier.

332 1924 401 1961 sed
435 1922 531 1972 quid
565 1923 633 1970 ais,
672 1924 966 1960 Menaechme?
1024 1924 1138 1960 ΜΕΝ.
1172 1921 1268 1972 quid
1301 1922 1391 1960 uis?
1448 1923 1561 1960 MED.
1592 1920 1657 1960 dic

1137 1986 1232 2024 mihi
1254 1987 1330 2024 hoc
1351 1987 1460 2036 quod
1481 1993 1518 2024 te
1539 1999 1657 2036 rogo:

373 2093 437 2131 896
460 2095 637 2122 sescentos
670 2090 880 2121 Camerarius
969 2090 1022 2121 die
1051 2090 1249 2127 Lambinus,
1273 2089 1330 2119 sed
1350 2090 1387 2128 cf.
1413 2089 1551 2119 Redslob
1577 2089 1657 2129 (Lit.

331 2135 503 2166 Centralbl.
526 2135 617 2173 1895,
638 2145 668 2173 p.
693 2135 789 2173 1761)
872 2133 952 2173 sort.
973 2138 1128 2164 sescenta
1145 2133 1258 2163 sexies
1275 2133 1323 2172 (vi
1342 2133 1408 2173 ies)
1533 2134 1596 2172 897
1614 2133 1659 2164 ita

329 2190 357 2211 e.
379 2189 455 2209 eum
471 2177 638 2218 Kaempf:
662 2178 706 2207 ita
724 2188 752 2209 e.
773 2177 865 2207 illum
882 2177 948 2208 cod.
969 2178 1021 2216 (esi
1044 2176 1179 2208 adAul.
1201 2177 1297 2216 758):
1314 2176 1396 2215 sort.
1417 2177 1461 2206 ita
1483 2176 1613 2216 (infine
1627 2186 1657 2208 v.

254 2242 263 2252 x
324 2221 550 2263 praecedentis)
568 2221 638 2260 Ego
655 2221 747 2251 illurn
865 2232 930 2260 900
954 2231 994 2251 ea
1005 2220 1118 2250 omnia
1129 2219 1194 2250 cod.
1215 2231 1223 2250 t
1245 2219 1318 2250 irai.
1336 2219 1437 2250 Bothe
1453 2219 1549 2250 metri
1558 2228 1657 2250 causa

329 2277 393 2306 903
419 2266 490 2296 nita
506 2264 572 2295 cod.
591 2270 681 2303 (corr.
701 2264 761 2304 B2)
867 2266 932 2303 906
956 2263 1192 2307 mleretricibus
1207 2262 1240 2292 B
1340 2274 1405 2302 909
1428 2263 1489 2293 sed
1501 2262 1568 2294 cod.
1586 2263 1658 2304 (vix

329 2310 468 2348 antiqua
484 2308 728 2348 ortlzograpln'm
847 2318 910 2346 913
936 2307 1085 2346 unguine
1103 2307 1209 2346 (iung.
1224 2306 1249 2344 ἓ)
1267 2305 1315 2334 B²
1332 2318 1339 2336 ε
1363 2307 1480 2345 ingere
1496 2306 1583 2346 Ital„
1602 2305 1660 2336 sed

328 2357 428 2394 potest
443 2353 582 2391 iungere
600 2351 662 2382 abl.
682 2361 778 2381 casus
794 2351 938 2381 nominis
955 2351 1078 2389 iungus
1096 2350 1168 2391 (Gr,
1190 2347 1312 2389 ζεῦγος)
1330 2360 1395 2379 esse
