1742 2718
692 73 966 112 ASINARIA
1411 72 1488 108 III.
1510 70 1555 107 iii

159 186 369 236 agnellum,
393 183 606 222 haedillum
628 196 691 220 me
712 189 823 219 tuom
844 180 908 218 dic
930 193 1015 217 esse
1036 181 1098 217 uel
1120 178 1309 225 uitellurn,

158 251 360 301 prehende
379 247 573 294 auriculis,
595 260 781 296 compara
800 245 943 283 labella
962 257 1053 282 cum
1075 243 1237 281 labellis.

159 318 264 355 ARG.
297 323 363 354 ten
397 315 605 360 osculetur,
642 312 838 351 uerbero?
909 312 979 348 LE.
1012 323 1132 359 quarn
1162 322 1257 347 uero
1284 308 1488 359 indignum

1254 373 1381 412 uisum
1404 376 1491 412 est?

71 451 141 493 670
158 445 265 495 atqui
288 446 353 495 pol
375 443 494 483 hodie
515 456 596 481 non
616 443 726 487 feres,
750 440 789 478 ni
809 453 938 491 genua
958 439 1232 478 confricantur.
1510 443 1551 472 80

158 512 262 548 ARG.
295 509 453 560 quiduis
474 515 625 558 egestas
646 507 834 557 imperat:
865 505 1063 544 fricentur.
1121 505 1200 542 dan
1223 505 1331 553 quod
1352 506 1450 541 oro?

158 578 231 613 PH.
263 589 348 625 age,
369 574 423 612 mi
444 572 634 618 Leonida,
658 585 837 622 opsecro,
857 572 913 609 fer
932 569 1081 608 amanti
1102 582 1169 608 ero
1189 570 1366 615 salutern,

156 640 305 680 redime
318 640 417 679 istoc
431 638 626 678 beneficio
643 645 680 675 te
695 637 746 675 ab
760 638 848 684 hoc,
864 644 902 674 et
918 635 988 674 tibi
1003 649 1090 673 erne
1106 636 1213 673 hunc
1227 634 1302 672 isto
1316 642 1488 684 argento.

158 708 228 744 LE.
259 706 366 743 nimi'
380 706 482 743 bella
495 718 536 742 es
552 710 671 753 atque
686 701 879 748 amabilis,
897 708 936 739 et
952 700 984 739 si
1000 702 1077 738 hoc
1092 714 1224 738 meum
1241 707 1354 746 esset,
1370 699 1490 738 hodie

70 779 136 823 675
157 784 374 820 numquam
396 783 460 808 me
480 782 608 817 orares
629 767 725 817 quin
746 766 880 806 darem
898 782 904 804 :
935 766 1045 804 illum
1067 773 1105 804 te
1125 778 1234 804 orare
1255 764 1422 812 meliust,
1509 772 1548 812 85

157 835 234 874 illic
255 837 358 874 hanc
379 834 432 872 mi
452 834 688 872 seruandam
709 832 829 871 dedit.
890 831 901 869 i
923 845 1018 870 sane
1038 831 1142 869 bella
1162 830 1275 868 belle.

156 913 252 950 cape
273 901 350 938 hoc
370 898 434 946 sis,
456 898 618 937 Libane.
679 899 784 935 ARG.
817 896 984 942 furcifer,
1007 895 1125 933 etiarn
1146 909 1209 933 me
1230 894 1436 933 delusisti?

157 967 227 1003 LE.
254 977 473 1014 numquam
489 964 620 1002 hercle
633 964 813 1007 facerem,
829 975 958 1012 genua
973 960 1013 998 ni
1029 968 1109 998 tam
1126 959 1307 1010 nequiter
1321 960 1488 998 fricares.

156 1044 228 1080 age
248 1029 299 1067 sis
320 1037 362 1067 tu
382 1028 422 1066 in
442 1036 593 1079 partem
614 1023 800 1066 nunciam
821 1027 928 1065 hunc
952 1026 1098 1064 delude
1124 1033 1244 1075 atque
1269 1027 1491 1076 amplexare

1375 1091 1488 1128 hanc.

70 1167 141 1203 680
158 1162 219 1199 L1.
249 1167 390 1206 taceas,
420 1172 484 1197 me
513 1165 677 1208 spectes
737 1158 842 1194 ARG.
874 1155 971 1206 quin
999 1156 1051 1194 ad
1081 1156 1198 1202 hunc,
1229 1154 1488 1202 Philaenium,
1511 1169 1554 1201 90

1226 1220 1487 1271 adgredimur,

157 1290 284 1329 uirum
305 1289 466 1340 quidem
489 1290 556 1339 pol
577 1295 786 1339 optumum
807 1294 846 1326 et
866 1300 947 1325 non
967 1286 1137 1325 similem
1159 1285 1252 1324 furis
1272 1285 1432 1324 huiius?

157 1357 218 1393 L1.
248 1355 579 1393 inambulandum
600 1361 658 1392 est
675 1369 681 1391 :
711 1366 818 1391 nunc
839 1351 936 1390 mihi
956 1351 1131 1390 uicissim
1152 1350 1442 1401 supplicabunt.

157 1422 262 1459 ARG.
294 1433 443 1470 quaeso
462 1420 604 1465 hercle,
628 1418 792 1464 Libane,
809 1417 862 1456 sis
883 1430 993 1455 erum
1013 1416 1090 1454 tuis
1110 1415 1222 1454 factis
1242 1415 1434 1466 sospitari,

157 1487 209 1524 da
228 1485 282 1523 mi
302 1485 394 1523 istas
415 1483 554 1535 uiginti
575 1483 713 1521 minas.
772 1481 885 1520 uides
905 1495 970 1520 me
989 1488 1189 1520 amantem
1210 1494 1334 1531 egere.

69 1553 135 1597 685
158 1553 218 1589 L1.
250 1550 458 1590 uidebitur.
517 1551 665 1588 facturn
686 1549 792 1587 uolo.
850 1546 977 1586 redito
997 1548 1075 1585 huc
1095 1546 1335 1585 conticinno.
1509 1559 1551 1591 95

157 1630 263 1655 nunc
285 1615 408 1655 istanc
427 1614 617 1665 tantisper
636 1613 729 1652 iube
750 1620 883 1664 petere
902 1619 1022 1662 atque
1043 1625 1152 1650 orare
1172 1626 1341 1651 mecum.

157 1684 233 1720 PH.
263 1682 489 1720 amandone
510 1679 703 1719 exorarier
722 1678 783 1717 uis
803 1679 871 1717 ted
890 1691 942 1715 an
962 1678 1210 1716 osculando?

158 1748 219 1785 L1.
249 1745 356 1785 enirn
378 1759 473 1784 uero
497 1752 718 1794 utrumque.
780 1745 855 1780 PH.
887 1756 989 1793 ergo,
1013 1755 1189 1792 opsecro,
1212 1749 1250 1780 et
1277 1749 1319 1780 tu
1346 1750 1490 1781 utrum-

1068 1821 1146 1857 que
1165 1815 1343 1846 nostrum
1365 1822 1486 1846 serua.

158 1878 263 1915 ARG.
294 1889 319 1915 o
333 1875 496 1924 Libane,
516 1874 569 1914 mi
585 1882 759 1926 patrone,
775 1873 830 1912 mi
847 1874 956 1912 trade
976 1872 1087 1911 istuc.
1134 1871 1247 1922 magi'
1264 1873 1491 1911 decorumst

70 1945 140 1988 690
158 1941 341 1980 libertum
362 1941 494 1992 potius
514 1955 633 1992 quarn
654 1948 866 1991 patronum
887 1952 989 1978 onus
1010 1937 1049 1976 in
1070 1937 1135 1976 uia
1155 1945 1320 1988 portare.
1513 1951 1573 1973 100

158 2009 233 2045 PH.
265 2006 319 2044 mi
340 2006 503 2054 Libane,
525 2008 675 2045 ocellus
694 2019 846 2052 aureus,
869 2006 1021 2043 donum
1042 2005 1245 2054 decusque
1263 2004 1419 2050 amoris,

156 2072 312 2119 amabo,
334 2072 476 2111 faciam
497 2073 608 2123 quod
628 2073 751 2119 uoles,
773 2072 826 2110 da
844 2070 946 2109 istuc
965 2077 1171 2120 argentum
1192 2069 1319 2109 nobis.

200 2176 267 2214 670
289 2175 556 2215 confringantur,
581 2185 657 2206 cum
688 2184 756 2205 var.
786 2173 806 2205 l.
841 2173 1072 2204 confricantur
1102 2173 1168 2205 cod.
1332 2175 1394 2213 671
1422 2174 1487 2204 dan

159 2218 340 2249 Gruterus:
366 2220 448 2249 dant
463 2218 529 2250 cod.
651 2219 717 2257 676
740 2216 768 2257 i]
785 2218 816 2248 ei
835 2217 914 2257 cod.‚
924 2217 1045 2256 forma
1061 2217 1198 2257 antiqua
1310 2219 1375 2256 679
1398 2222 1487 2247 tuam

157 2266 287 2300 partem
304 2261 479 2292 Fleckeisen
667 2263 732 2300 685
756 2260 946 2292 uidebimus
960 2259 1048 2290 codd.
1072 2260 1228 2292 Varronis
1245 2260 1284 2291 de
1298 2259 1338 2292 L.
1361 2261 1401 2292 L.
1417 2262 1448 2299 6,
1470 2271 1487 2298 7

157 2305 222 2335 huc
239 2315 306 2336 om.
326 2304 416 2336 codd.
434 2306 526 2337 Varr.
544 2306 574 2345 6,
595 2316 612 2345 7
628 2316 634 2342 ;
660 2315 688 2344 7,
708 2315 750 2344 79
826 2303 1008 2335 conticinio
1024 2303 1112 2334 codd.
1134 2303 1225 2336 Varr.
1242 2305 1272 2344 6,
1293 2315 1310 2343 7
1422 2305 1488 2334 688

158 2358 223 2387 ego
239 2348 302 2379 cod.
323 2347 420 2389 (ergo
437 2348 487 2390 D)
506 2349 553 2390 (v.
574 2358 621 2388 12,
640 2359 672 2388 p.
695 2349 750 2389 74)
841 2348 890 2388 et]
909 2351 942 2378 te
959 2351 994 2377 et
1009 2346 1042 2377 Β
