1814 2723
292 39 322 76 I.
346 39 375 75 ii
753 40 799 77 T.
834 39 1014 78 MACCI
1047 40 1250 77 PLAVTI

347 153 462 189 ΜΕΝ.
494 151 558 191 dic
578 152 782 191 hominem
809 151 1109 202 lepidissumum
1126 164 1211 190 esse
1232 149 1305 189 me.
1357 152 1424 188 PE.
1457 149 1524 188 ubi
1551 148 1672 188 essuri

1508 216 1674 253 sumus?

344 283 459 320 ΜΕΝ.
492 282 555 321 dic
576 284 698 321 modo
725 283 801 321 hoc
822 283 932 332 quod
958 295 1032 332 ego
1058 289 1096 320 te
1116 281 1245 321 iubeo.
1306 283 1374 318 ΡΕ.
1407 280 1519 318 dico:
1550 280 1672 317 homo

1405 344 1669 395 lepidissume.

281 425 325 456 40
346 415 461 452 MEN.
504 403 646 463 ecquid
686 415 808 452 audes
853 414 904 452 de
943 420 1012 452 tuo
1050 412 1149 451 istuc
1187 413 1362 450 addere?
1445 412 1515 448 PE.
1554 417 1673 459 atque

1416 474 1669 513 hilarissume.

346 545 459 581 ΜΕΝ.
478 557 606 594 perge,
616 541 895 595 <perge>—PE.
913 556 993 581 non
1007 556 1126 593 pergo
1139 543 1269 580 hercle
1277 541 1351 579 nisi
1365 540 1446 579 scio
1454 553 1531 589 qua
1538 539 1668 589 gratia.

343 609 508 658 litigium
529 608 600 647 tibi
620 616 679 647 est
699 622 790 646 cum
812 621 941 655 uxore,
965 621 1013 646 eo
1033 607 1087 645 mi
1107 607 1176 657 aps
1197 614 1235 644 te
1256 619 1379 644 caueo
1400 604 1563 642 cautius.

344 675 459 712 ΜΕΝ.
491 674 592 712 clam
627 687 788 712 uxorem
826 673 894 712 ubi
925 667 1148 722 sepulcrum
1174 672 1390 710 habeamus
1419 677 1538 719 atque
1567 669 1672 706 hunc

1255 735 1533 774 comburamus
1553 733 1669 772 diem.

344 807 412 843 ΡΕ.
457 818 528 854 age
567 818 660 843 sane
700 804 824 855 igitur,
866 805 1028 854 quando
1065 816 1236 853 aequom
1278 815 1375 848 oras,
1416 814 1535 851 quam
1581 813 1672 838 mox

1307 867 1479 905 incendo
1505 867 1672 915 rogum?

281 946 323 979 45
342 934 425 973 dies
447 934 608 985 quidem
630 935 706 972 iam
727 936 778 973 ad
799 934 1031 973 umbilicum
1053 941 1110 972 est
1130 932 1358 972 dimidiatus
1380 939 1565 969 mortuos.

344 1001 458 1038 ΜΕΝ.
491 1007 528 1038 te
557 1013 707 1038 morare
732 999 828 1038 mihi
849 1013 970 1050 quom
992 999 1217 1049 obloquere.
1289 999 1357 1035 ΡΕ.
1390 998 1550 1035 oculum
1571 998 1672 1035 ecfo-

1352 1062 1435 1101 dito
1455 1076 1524 1113 per
1543 1064 1670 1100 solum

341 1130 452 1179 mihi,
474 1132 751 1179 Menaechme,
773 1130 803 1169 si
825 1132 948 1168 ullum
969 1130 1135 1168 uerbum
1156 1130 1244 1167 faxo
1264 1128 1339 1166 nisi
1359 1129 1468 1178 quod
1489 1127 1654 1166 iusseris.

344 1197 459 1234 ΜΕΝ.
490 1197 667 1235 concede
688 1197 765 1234 huc
786 1210 808 1234 a
828 1196 987 1234 foribus.
1052 1197 1119 1233 ΡΕ.
1153 1195 1229 1232 fiat.
1290 1195 1405 1232 MEN.
1437 1194 1555 1232 etiam
1582 1207 1672 1231 con-

1204 1261 1301 1299 cede
1322 1261 1409 1298 huc.
1469 1261 1537 1297 PE.
1568 1258 1669 1297 licet.

343 1329 459 1366 ΜΕΝ.
490 1327 607 1365 etiam
628 1340 735 1365 nunc
755 1328 931 1365 concede
951 1327 1138 1364 audacter
1156 1326 1206 1364 ab
1227 1325 1387 1364 leonino
1407 1338 1517 1363 cauo.

282 1406 322 1438 50
342 1395 412 1431 ΡΕ.
444 1406 492 1431 eu
513 1394 655 1442 edepol
673 1396 680 1431 Ι
710 1406 760 1431 ne
781 1400 833 1440 tu,
857 1399 899 1430 ut
919 1405 992 1442 ego
1013 1391 1164 1442 opinor,
1188 1405 1292 1430 esses
1312 1391 1477 1442 agitator
1496 1390 1653 1441 probus.

343 1460 457 1496 ΜΕΝ.
478 1458 673 1508 quidum?
704 1460 772 1496 PE.
791 1472 841 1497 ne
858 1465 895 1496 te
916 1471 1013 1496 uxor
1026 1465 1212 1507 sequatur
1225 1464 1422 1508 respectas
1438 1455 1666 1495 identidem.

343 1525 457 1561 ΜΕΝ.
490 1525 559 1562 sed
587 1523 683 1573 quid
709 1523 795 1561 ais?
852 1525 921 1561 PE.
953 1525 1108 1573 egone?
1137 1523 1177 1561 id
1202 1523 1308 1561 enim
1335 1524 1444 1573 quod
1468 1530 1510 1561 tu
1537 1521 1671 1570 uis,'id

1275 1588 1338 1627 aio
1357 1596 1476 1638 atque
1495 1587 1536 1627 id
1556 1600 1668 1637 nego.

343 1656 457 1692 MEN.
490 1654 634 1704 ecquid
654 1662 696 1693 tu
717 1656 768 1693 de
788 1656 911 1694 odore
930 1655 1068 1707 possis,
1087 1655 1118 1694 si
1139 1654 1236 1705 quid
1256 1656 1355 1693 forte
1375 1653 1563 1700 olfeceris,

341 1721 467 1758 facere
488 1719 754 1758 coniecturam
812 1735 829 1756 ³<
861 1723 878 1759 ?
1042 1735 1060 1756 *

388 1836 447 1865 147
471 1827 522 1856 vel
534 1827 609 1857 dice
699 1829 748 1859 vel
762 1831 838 1860 med
975 1840 1036 1869 149
1059 1830 1151 1869 atqui
1176 1829 1239 1861 cod.
1378 1839 1438 1868 150
1462 1837 1567 1868 perge
1591 1826 1666 1858 add.

342 1868 496 1899 Schwabe
511 1881 518 1900 ε
543 1869 687 1914 (porro)
703 1872 844 1912 Pylades
977 1883 1034 1912 151
1061 1884 1102 1904 eo
1118 1873 1246 1904 Ritschl
1256 1885 1261 1905 :
1284 1872 1328 1904 M.
1350 1874 1383 1904 (i.
1395 1884 1419 1905 e.
1439 1873 1546 1911 ΜΕΝ.)
1564 1882 1583 1902 o
1601 1870 1666 1901 cod.

344 1912 456 1952 (quasi
469 1913 553 1943 illud
567 1914 593 1945 E
612 1919 688 1946 nota
701 1922 859 1957 personae
873 1917 964 1954 esset>
1106 1928 1166 1955 152
1190 1928 1245 1948 ux.
1268 1915 1352 1957 [est]
1369 1916 1434 1947 cod.
1453 1915 1595 1947 Charisii
1609 1924 1668 1953 145

342 1956 397 1986 ubi
421 1956 537 1995 pulcre
564 1958 694 2000 Ussing,
723 1959 781 1990 sed
805 1961 843 2000 cf.
872 1960 992 1991 Vahlen
1023 1960 1106 2001 (ind.
1132 1961 1194 1991 lect.
1217 1959 1359 1991 Berolin.
1380 1960 1490 2000 1901),
1516 1958 1574 1999 qui
1597 1958 1673 1998 legit

342 1999 381 2030 cl.
409 2009 462 2031 ux.
490 2005 541 2031 est
565 2002 620 2032 ubi
645 2013 715 2042 sep.
737 2003 879 2034 habeam
903 2009 970 2043 atq.
990 2005 1022 2035 h.
1043 2004 1236 2034 comburam
1259 2003 1290 2034 d.
1426 2013 1498 2042 154,
1519 2011 1579 2042 155
1603 2001 1669 2032 iam

342 2044 420 2073 dum
442 2044 574 2075 bilicum
600 2047 666 2078 cod.
687 2049 776 2087 (corr.
790 2046 850 2087 3²)
932 2052 985 2078 est
1010 2051 1083 2088 post
1105 2052 1256 2078 mortuus
1280 2047 1368 2079 codd.
1389 2046 1482 2077 Gellii
1503 2057 1532 2086 3,
1563 2055 1611 2084 14,
1631 2045 1671 2074 16

346 2088 401 2128 (21¹.
415 2098 439 2120 e.
454 2090 634 2130 mortuost)
774 2092 836 2130 156
854 2101 932 2130 qum
950 2091 1031 2128 cod.‚
1044 2094 1081 2121 ut
1095 2091 1158 2123 vid.
1297 2101 1358 2130 159
1377 2090 1491 2122 accedit
1506 2091 1538 2120 A
1552 2100 1560 2126 ς
1588 2095 1671 2127 159-

344 2142 383 2171 72
403 2133 524 2172 priores
542 2133 611 2172 sere
630 2144 784 2164 versuum
799 2138 907 2174 partes
921 2135 1077 2175 leguntur
1180 2135 1240 2165 160
1255 2134 1304 2164 vel
1318 2135 1420 2174 opino
1527 2134 1587 2163 162
1602 2131 1667 2172 ais]

341 2175 413 2214 agis
428 2175 462 2205 P
517 2176 587 2218 aio]
613 2182 668 2208 ato
691 2177 730 2216 P,
757 2178 790 2208 A
818 2189 849 2210 n.
878 2177 898 2209 l.
919 2179 1011 2219 (corr.
1028 2179 1062 2208 in
1075 2177 1122 2216 Β)
1181 2188 1268 2217 nega
1284 2177 1324 2217 P,
1343 2178 1376 2208 A
1395 2189 1427 2208 n.
1449 2177 1468 2208 l.
1494 2176 1588 2216 (corr.
1604 2174 1667 2213 8²)

267 2250 275 2259 N
345 2221 406 2258 163
423 2219 474 2249 vel
486 2219 562 2251 olef.
700 2222 769 2260 164,
792 2224 852 2260 165
870 2221 980 2252 facere
997 2221 1222 2252 coniecturam
1234 2225 1367 2260 captum
1384 2222 1428 2252 sit
1445 2220 1623 2259 collegium
1639 2218 1672 2248 P

278 2282 279 2285 =
344 2262 407 2304 (iii.
424 2273 472 2299 11,
490 2274 521 2313 p.
537 2264 611 2303 62):
636 2264 701 2295 duo
717 2275 828 2296 versus
843 2265 876 2296 in
893 2265 927 2294 A
946 2277 953 2296 :
978 2265 1088 2314 salcere
1104 2265 1306 2302 coiecturam
1323 2275 1398 2303 cum
1416 2265 1426 2304 i
1448 2284 1484 2287 —
1503 2263 1508 2306 Ι
1529 2262 1614 2302 (ἶᾳρξ
1627 2286 1634 2292 ·
1651 2271 1668 2296 S

343 2330 349 2337 .
368 2330 375 2337 .
392 2317 451 2337 asu
471 2330 477 2337 .
496 2316 547 2337 luS
563 2318 720 2338 comec—

1695 553 1760 589 150

1694 947 1802 985 154-5

1693 1392 1759 1428 160
