1814 2723
268 61 333 99 I.i
728 63 773 100 T.
808 62 988 101 MACCI
1020 62 1222 100 PLAVTI

316 183 437 221 quom
458 170 554 208 mihi
575 170 639 208 illa
659 169 763 209 dicet
785 173 794 190 ‘
808 169 861 208 mi
880 169 1063 218 animule,
1086 170 1139 208 mi
1160 169 1356 221 Olympio,

315 249 403 274 mea
422 235 513 282 uita,
536 249 625 274 mea
644 235 816 282 mellilla,
837 248 925 273 mea
945 235 1144 281 festiuitas,

315 299 399 338 sine
419 307 506 338 tuos
528 301 674 338 ocellos
696 301 911 346 deosculer,
934 301 1115 350 uoluptas
1136 313 1233 346 mea,

316 364 399 403 sine
418 365 561 402 amabo
583 365 648 402 ted
669 363 799 410 amari,
824 365 925 402 meu’
946 365 1066 402 festus
1087 363 1180 411 dies,

256 443 297 474 50
317 431 418 467 meu'
438 430 567 479 pullus
588 442 730 479 passer,
754 442 842 466 mea
862 429 1058 475 columba,
1082 428 1135 466 mi
1162 430 1272 479 lepus
1287 430 1305 476 ’,

315 508 436 544 quom
458 493 553 531 mihi
575 495 672 532 haec
693 493 873 532 dicentur
892 493 1007 540 dicta,
1031 501 1114 531 tum
1135 501 1188 541 tu,
1211 493 1375 541 furcifer,

314 559 424 609 quasi
446 573 543 606 mus,
566 559 606 596 in
628 559 760 597 medio
781 558 917 608 parieti
938 560 1157 597 uorsabere.

313 638 419 662 nunc
439 638 488 662 ne
509 632 551 662 tu
571 632 609 663 te
630 624 725 661 mihi
746 625 983 674 respondere
1004 626 1188 673 postules,

313 690 414 728 abeo
434 689 546 727 intro.
606 691 738 728 taedet
758 689 813 727 tui
835 689 1173 729 sermonis—CH.
1206 696 1244 727 te
1268 702 1419 739 sequor.

255 765 292 798 55
314 754 377 792 hic
398 753 558 804 quidem
580 755 645 804 pol
667 761 772 793 certo
793 754 847 792 nil
867 767 957 804 ages
979 755 1062 792 sine
1083 755 1173 793 med
1194 753 1406 793 arbitro.—

809 952 1045 1000 ACTVS
1097 954 1145 999 II

200 1054 292 1092 II.i
548 1055 919 1094 CLEVSTRATA
1032 1054 1395 1090 PARDALISCA

365 1142 434 1181 CL.
467 1141 684 1192 Opsignate
704 1142 833 1187 cellas,
856 1142 994 1178 referte
1015 1142 1177 1178 anulum
1198 1141 1248 1178 ad
1270 1154 1332 1178 me
1350 1155 1357 1177 :

362 1220 435 1257 ego
456 1208 533 1244 huc
554 1214 709 1244 transeo
729 1205 769 1243 in
790 1219 1025 1255 proxumum
1045 1206 1096 1244 ad
1118 1219 1247 1243 meam
1268 1204 1450 1243 uicinam.

363 1272 421 1310 uir
442 1271 473 1309 si
493 1271 589 1321 quid
610 1273 716 1309 uolet
737 1285 810 1317 me,
834 1270 949 1308 facite
970 1270 1062 1308 hinc
1082 1270 1298 1309 accersatis.

418 1338 488 1374 PA.
518 1336 727 1387 prandium
749 1335 911 1374 iusserat
932 1349 1050 1373 senex
1071 1335 1145 1373 sibi
1166 1335 1301 1385 parari.

273 1413 290 1445 5
634 1403 703 1441 CL.
736 1404 796 1439 st!

415 1474 501 1506 tace
520 1474 638 1517 atque
658 1466 721 1505 abi
739 1481 749 1514 ,-
777 1480 907 1516 neque
928 1479 1021 1516 paro
1042 1479 1171 1515 neque
1192 1465 1311 1504 hodie
1331 1473 1531 1516 coquetur,

414 1533 574 1582 quando
595 1531 626 1570 is
648 1531 700 1569 mi
721 1538 758 1570 et
779 1531 859 1569 filio
880 1531 1111 1570 aduorsatur
1131 1544 1203 1569 suo

467 1596 831 1646 animi'amorisque
851 1609 989 1634 caussa
1009 1595 1079 1643 sui,

307 1661 495 1712 flagitium
516 1662 613 1700 illud
633 1661 804 1700 hominis
822 1664 828 1699 1
864 1675 936 1711 ego
957 1661 1067 1699 illum
1088 1662 1202 1707 fame,
1225 1674 1297 1711 ego
1318 1660 1428 1699 illum
1449 1660 1522 1708 siti,

250 1739 289 1762 10
361 1727 590 1774 maledictis,
613 1726 827 1765 malefactis
847 1734 1064 1765 amatorem
1084 1726 1259 1772 ulciscar,

360 1807 433 1844 ego
453 1795 519 1843 pol
540 1794 649 1832 illum
670 1794 793 1844 probe
813 1792 1078 1832 incommodis
1099 1792 1212 1831 dictis
1232 1805 1384 1842 angam,

412 1858 551 1897 faciam
573 1859 629 1897 uti
650 1858 814 1908 proinde
835 1865 877 1896 ut
898 1866 956 1896 est
976 1857 1117 1908 dignus
1138 1852 1259 1895 uitam
1281 1858 1393 1904 colat,

573 1923 834 1962 Accheruntis
855 1924 1057 1973 pabulum,

628 1988 746 2039 flagiti
768 2001 1002 2038 persequen-

250 2066 287 2098 ¹5
521 2060 612 2099 tem,
635 2053 833 2091 stabulum
855 2052 1063 2102 nequitiae.

360 2132 466 2157 nunc
486 2119 564 2156 huc
584 2131 690 2156 meas
711 2119 884 2156 fortunas
906 2131 953 2156 eo
974 2124 1157 2167 questum
1177 2117 1228 2155 ad
1249 2115 1430 2156 uicinam.

352 2233 411 2262 137
445 2223 519 2253 sine
550 2233 634 2252 uero
666 2222 769 2253 amari
801 2226 835 2252 te
866 2221 898 2251 A
1047 2231 1106 2260 142
1131 2220 1297 2251 sermonis
1328 2221 1375 2251 tui
1406 2221 1440 2251 P

308 2355 367 2385 162
390 2354 467 2384 hinc
479 2353 512 2383 P
598 2353 727 2383 uicinas
745 2352 777 2383 P

305 2267 461 2298 uiciniam
479 2266 510 2295 A
606 2267 666 2304 146
691 2266 767 2295 hinc
784 2276 837 2296 me
854 2276 901 2296 ac.
921 2264 954 2294 P
980 2301 1002 2311 l
1087 2266 1147 2302 148
1171 2263 1216 2303 st]
1250 2269 1301 2294 sta
1326 2265 1374 2303 (in
1403 2264 1493 2295 inisz'o
1520 2230 1632 2296 vergi}

302 2309 519 2350 sequen31'33P
608 2319 664 2348 151
685 2320 745 2340 suo
763 2310 962 2340 aduersatur
978 2307 1011 2337 A
1106 2309 1166 2346 158
1191 2311 1227 2337 ut
1243 2318 1310 2338 om.
1326 2308 1360 2338 P
1445 2308 1582 2348 dignam
1594 2307 1627 2338 A

1658 251 1723 290 133

1658 570 1726 605 140

1659 1213 1720 1252 145

1655 1477 1787 1514 149-50

1657 1609 1768 1645 152—4

1655 1671 1718 1707 155

1654 1991 1719 2025 160
