1814 2723
153 71 222 108 IV.
248 69 295 105 ix
672 66 718 102 T.
751 62 932 101 MACCI
964 61 1168 98 PLAVTI

190 193 229 214 10
254 179 384 217 turbat
416 179 528 227 equo'
556 175 686 226 lepide
713 174 874 224 ligneus.
936 173 1002 209 N1.
1038 172 1236 221 Chrysale,
1265 172 1359 210 ades
1380 172 1475 210 dum
1506 185 1579 222 ego

1318 237 1388 273 has
1408 237 1573 286 pellego.

358 308 434 347 CH.
468 306 563 356 quid
585 319 648 343 me
668 303 738 342 tibi
759 304 896 341 adesse
919 315 1018 352 opus
1039 302 1127 339 est?
1183 302 1249 338 N1.
1282 302 1374 338 uolo
1399 308 1441 338 ut
1468 302 1577 350 quod
1596 303 1685 346 988ει

1311 365 1430 404 iubeo
1446 365 1574 411 facias,

466 444 507 475 ut
528 436 625 474 scias
647 447 747 484 quae
769 432 832 470 hic
854 431 997 481 scripta
1017 430 1127 469 sient.

466 503 542 541 CH.
575 499 628 537 nil
650 511 779 536 moror
801 509 929 546 neque
951 495 1048 534 scire
1069 497 1171 533 uolo.
1599 489 1685 532 989³

468 568 533 604 N1.
567 573 697 603 tamen
717 563 824 600 ades.
883 562 960 600 CH.
994 559 1090 610 quid
1111 562 1256 610 opust?
1314 561 1378 597 N1.
1412 566 1564 597 taceas:

190 650 228 682 15
468 631 575 682 quod
596 630 714 667 iubeo
735 627 775 666 id
796 626 925 664 facias.
985 626 1063 664 CH.
1095 626 1225 663 adero.
1597 629 1686 668 990a

305 701 373 737 Νι.
395 711 516 747 eugae
529 696 674 733 litteras
690 693 859 731 minutas
874 694 880 729 ἕ
922 691 999 729 CH.
1024 689 1091 739 qui
1105 689 1265 739 quidem
1281 689 1413 727 uideat
1426 703 1579 739 parum;

305 777 440 802 uerum
470 761 536 811 qui
566 759 647 798 sati’
669 758 811 803 uideat,
839 757 1005 806 grandes
1037 754 1118 793 sati’
1145 762 1245 792 sunt.
1306 756 1372 792 Nr.
1404 754 1579 792 animum

1235 818 1434 857 aduortito
1455 818 1578 869 igitur.

307 895 383 933 CH.
418 893 510 930 nolo
526 891 699 940 inquam.
742 889 807 926 NI.
838 894 879 925 at
895 888 987 925 uolo
1002 886 1174 935 inquam.
1218 885 1295 923 CH.
1329 883 1424 934 quid
1438 885 1582 934 opust?

776 954 841 991 N1.
874 960 913 990 at
934 951 1039 989 enim
1061 951 1102 989 id
1124 951 1231 1000 quod
1254 957 1291 988 te
1312 949 1429 988 iubeo
1450 948 1578 987 facias.

307 1025 383 1064 CH.
416 1023 599 1060 iustumst
618 1017 695 1071 (ut)
715 1026 802 1056 tuos
823 1017 894 1056 tibi
915 1030 1048 1055 seruos
1070 1024 1137 1054 tuo
1158 1016 1343 1054 arbitratu
1365 1014 1516 1053 seruiat.

191 1105 232 1127 20
253 1091 318 1128 N1.
352 1090 428 1126 hoc
459 1100 529 1137 age
559 1085 609 1123 sis
639 1083 836 1122 nunciam.
897 1083 974 1122 CH.
1008 1081 1075 1120 ubi
1105 1082 1228 1129 lubet,
1257 1080 1398 1119 recita:
1429 1079 1581 1118 aurium
1601 1087 1667 1123 995

1205 1160 1365 1197 operam
1385 1145 1456 1184 tibi
1477 1144 1578 1184 dico.

415 1220 481 1256 N1.
514 1230 625 1255 cerae
646 1215 806 1266 quidem
828 1216 905 1252 hau
926 1213 1045 1264 parsit
1066 1227 1194 1263 neque
1215 1212 1303 1251 stilo
1319 1227 1328 1259 3

468 1283 538 1321 sed
559 1279 754 1331 quidquid
775 1286 842 1325 est,
867 1280 1059 1330 pellegere
1080 1285 1276 1316 certumst.
1599 1271 1687 1315 996²

256 1353 397 1400 ‘pater‚
421 1350 613 1387 ducentos
634 1344 838 1394 Philippos
860 1357 1007 1393 quaeso
1029 1344 1219 1393 Chrysalo

254 1416 314 1461 da,
339 1414 370 1452 si
391 1427 475 1452 esse
496 1413 648 1450 saluom
669 1410 728 1448 uis
749 1423 812 1447 me
832 1416 899 1447 aut
919 1408 1079 1447 uitalem
1101 1408 1195 1447 tibi)

196 1493 233 1524 25
255 1481 402 1517 malum
416 1478 576 1528 quidem
591 1476 720 1514 hercle
734 1488 931 1524 magnum.
974 1475 1051 1513 CH.
1076 1473 1146 1512 tibi
1163 1473 1263 1512 dico.
1306 1475 1371 1511 Nl.
1395 1471 1490 1522 quid
1504 1472 1584 1509 est?

257 1545 333 1584 CH.
366 1557 446 1581 non
467 1541 563 1592 priu'
584 1542 750 1579 salutern
772 1538 953 1589 scripsit?
1011 1541 1076 1577 NI.
1110 1552 1304 1588 nusquam
1326 1536 1463 1576 sentio.
1600 1538 1696 1570 v1000

257 1610 334 1648 CH.
366 1622 447 1646 non
468 1601 636 1653 dabi'ssi
657 1605 784 1655 sapies
802 1619 811 1652 3
840 1618 977 1643 uerum
999 1604 1031 1642 si
1044 1605 1121 1642 ‘das
1142 1616 1335 1649 maxume,

257 1688 306 1713 ne
327 1674 390 1712 ille
410 1673 529 1711 alium
550 1673 727 1722 gerulum
749 1678 920 1721 quaerat,
944 1670 975 1708 si
997 1669 1130 1720 sapiet,
1154 1668 1251 1707 sibi:

257 1753 347 1778 narn
369 1752 441 1788 ego
462 1752 543 1776 non
563 1739 710 1775 laturus
731 1750 829 1783 sum,
854 1735 884 1774 si
906 1735 1041 1774 iubeas
1063 1747 1254 1773 maxume.

195 1825 236 1855 30
257 1813 314 1843 sat
335 1804 389 1843 sic
410 1811 614 1854 suspectus
636 1816 734 1849 sum,
757 1815 879 1852 quom
900 1815 1014 1840 careo
1035 1800 1160 1838 noxia.

259 1872 324 1908 N1.
356 1871 532 1908 ausculta
552 1882 679 1918 porro,
704 1869 799 1906 dum
822 1868 898 1905 hoc
919 1867 1027 1916 quod
1049 1865 1273 1914 scriptumst
1293 1864 1456 1914 pellego.
1607 1867 1693 1904 1005

259 1936 335 1974 CH.
368 1934 460 1972 inde
479 1947 502 1971 a
522 1932 715 1983 principio
737 1931 814 1970 iam
837 1931 1034 1980 inpudens
1054 1929 1221 1979 epistula
1241 1935 1308 1967 est.

258 2002 323 2038 NI.
357 2000 502 2049 ‘pudet
523 1998 679 2048 prodire
701 2011 764 2035 me
785 1997 835 2034 ad
857 2003 894 2034 te
915 1995 954 2033 in
976 2001 1244 2045 conspectum,
1266 2000 1398 2044 pater:

258 2072 410 2104 tantum
432 2063 621 2114 flagitium
642 2070 680 2100 te
701 2061 798 2100 scire
818 2060 953 2099 audiui
974 2073 1118 2106 meum,

199 2144 238 2176 35
259 2132 367 2182 quod
388 2143 478 2168 cum
499 2127 690 2179 peregrini
711 2126 830 2165 cubui
850 2139 970 2164 uxore
990 2124 1146 2163 militis)

248 2197 325 2254 Npol
346 2197 424 2233 hau
445 2194 600 2232 derides
615 2207 625 2240 3
654 2205 746 2230 nam
768 2190 947 2230 ducentis
968 2189 1093 2229 aureis
1608 2188 1698 2214 1010

301 2301 382 2340 988a
405 2297 525 2328 iubebo
543 2297 575 2327 Β
715 2306 779 2334 994
804 2300 840 2326 ut
868 2294 942 2326 add.
968 2294 1147 2325 Hermann
1245 2293 1299 2324 vix
1322 2297 1399 2324 tuos
1422 2292 1481 2323 tibi
1508 2291 1542 2332 (i.
1559 2302 1582 2322 e.

264 2345 362 2374 ‘tuus
385 2342 485 2382 ipsius
496 2340 520 2381 ')
538 2338 639 2382 (tibi)
657 2350 682 2369 s.
826 2340 892 2378 996
916 2339 981 2368 hau
1007 2340 1190 2378 suspectum
1341 2346 1422 2367 1002
1447 2338 1587 2375 quaeret

260 2387 475 2418 Brachmann
611 2393 692 2421 1007
719 2387 902 2422 conspectu
918 2382 951 2411 Β
