1814 2723
235 73 266 111 Ι.
287 74 316 111 ii
695 76 740 113 T.
775 74 956 114 MACCI
990 71 1194 109 PLAVTI

227 200 266 222 10
286 190 412 222 tacere
434 197 589 234 nequeo
610 183 750 221 misera
771 183 879 233 quod
901 181 1020 220 tacito
1041 193 1134 218 usus
1155 176 1241 232 est].

285 249 462 299 Sicyone,
486 263 642 287 summo
662 262 804 298 genere
819 262 829 295 3
858 247 893 286 ei
915 246 1012 285 uiuit
1033 252 1151 295 pater.
1634 257 1700 294 130

284 313 316 352 is
336 328 468 353 amore
489 313 628 352 misere
649 315 751 351 hanc
772 298 923 363 depe-rit
944 310 1224 355 mulierculam,

285 392 385 428 quae
399 378 491 416 hinc
505 379 730 416 modofiens
743 377 848 415 abiit.
876 383 1012 415 contra
1020 388 1153 413 amore
1167 387 1257 412 eum
1274 374 1372 413 haec
1385 372 1611 425 perditaest.

285 458 369 483 eam
393 458 503 482 meae
524 457 596 493 ego
616 442 765 481 amicae
786 444 894 481 dono
915 441 1006 479 huic
1026 439 1218 478 meretrici
1238 438 1342 486 dedi,

227 522 263 554 15
285 524 385 560 quae
406 523 521 559 saepe
542 522 698 547 mecum
720 507 962 546 mentionem
983 507 1135 551 fecerat,

284 589 447 627 puerum
468 582 534 613 aut
554 576 725 624 puellam
745 574 928 613 alicunde
948 579 991 611 ut
1010 571 1217 622 reperirem
1239 569 1324 617 sibi,
1636 579 1697 616 135

283 654 419 680 recens
440 647 587 687 natum,
611 653 727 689 eapse
749 639 858 689 quod
879 637 953 676 sibi
974 642 1223 687 supponeret.

284 706 352 745 ubi
373 705 467 744 mihi
488 713 660 755 potestas
683 704 852 755 primum
874 703 1017 750 euenit,
1039 702 1129 740 ilico

284 771 358 810 feci
379 771 475 809 eiius
497 770 531 809 ei
552 772 661 821 quod
683 784 746 809 me
768 769 893 808 orauit
914 768 1080 818 copiam.

225 849 265 871 20
285 843 495 887 postquam
517 849 602 874 eam
625 837 796 885 puellam
818 848 840 873 a
862 835 954 872 med
974 832 1137 883 accepit,
1160 831 1251 870 ilico

284 903 451 941 eandem
473 902 644 950 puellam
666 900 816 951 peperit
838 913 957 950 quam
977 913 999 937 a
1019 912 1083 937 me
1103 903 1322 947 acceperat,
1638 905 1703 939 140

284 967 368 1006 sine
388 965 606 1017 opstetricis
628 979 747 1016 opera
768 973 805 1003 et
827 965 910 1003 sine
931 963 1144 1010 doloribus,

284 1033 377 1071 item
399 1039 441 1070 ut
460 1031 558 1070 aliae
580 1031 745 1081 pariunt,
773 1044 873 1080 quae
898 1031 1045 1067 malum
1067 1034 1261 1078 quaerunt
1280 1026 1365 1068 sibi.

284 1112 375 1136 narn
396 1104 612 1136 amatorem
633 1096 738 1134 aibat
760 1109 845 1134 esse
866 1093 1112 1145 peregrinum
1133 1092 1207 1131 sibi

227 1173 263 1206 ²5
286 1162 679 1213 suppositionemque
703 1160 799 1199 eiius
822 1162 948 1198 facere
968 1158 1098 1210 gratia.

285 1229 325 1268 id
346 1230 448 1267 duae
468 1241 539 1266 nos
561 1228 667 1265 solae
690 1226 845 1271 scimus,
873 1238 946 1275 ego
968 1238 1069 1274 quae
1090 1223 1144 1262 illi
1164 1222 1258 1262 dedi
1638 1229 1700 1266 145

285 1301 323 1332 et
343 1293 407 1331 illa
427 1306 527 1343 quae
549 1306 571 1330 a
592 1306 655 1330 me
677 1291 1039 1341 accepit—praeter
1060 1302 1131 1327 uos
1153 1288 1326 1338 quidem.

284 1361 381 1398 haec
402 1358 456 1397 sic
477 1372 536 1396 res
556 1364 665 1408 gesta
686 1364 754 1396 est.
815 1355 846 1394 si
868 1355 964 1406 quid
985 1368 1077 1392 usus
1099 1353 1263 1401 uenerit,

284 1423 509 1463 meminisse
531 1437 603 1473 ego
623 1423 726 1460 hanc
748 1435 829 1459 rem
851 1434 923 1459 uos
944 1421 1046 1458 uolo.
1107 1432 1180 1468 ego
1200 1418 1300 1457 abeo
1321 1419 1553 1457 domum.——

219 1532 265 1568 iii
808 1530 1099 1566 AVXILIVM

286 1618 359 1654 Av.
392 1601 612 1665 Vtrumque
633 1615 742 1660 haec,
767 1619 805 1651 et
827 1606 1066 1661 multiloqua'
1080 1616 1118 1648 et
1139 1607 1356 1656 multibiba,
1375 1614 1560 1654 est-anus.

285 1681 384 1719 satin
406 1682 470 1719 ui'x
490 1679 645 1730 reliquit
667 1680 742 1717 deo
766 1678 875 1728 quod
896 1678 1120 1727 loqueretur
1139 1674 1226 1721 loci,
1640 1683 1705 1719 150

286 1747 338 1785 ita
358 1745 580 1797 properauit
601 1746 651 1784 de
672 1746 826 1795 puellae
848 1741 1029 1794 proloqui

287 1812 567 1863 suppositione.
628 1812 737 1862 quod
760 1810 791 1849 si
813 1808 1007 1855 tacuisset,
1030 1814 1161 1845 tamen

247 1898 263 1928 5
287 1892 360 1929 ego
381 1892 485 1917 eram
506 1878 691 1924 dicturus,
720 1878 819 1923 deu’‚
845 1874 913 1926 qui
934 1881 1110 1924 poteram
1131 1870 1296 1922 planius.

288 1958 379 1981 nam
400 1943 495 1981 mihi
517 1942 673 1982 Auxilio
697 1950 754 1981 est
776 1954 933 1980 nomen.
993 1951 1098 1976 nunc
1119 1950 1277 1987 operam
1299 1936 1400 1983 date,

287 2015 330 2047 ut
350 2022 422 2059 ego
443 2016 716 2058 argumentum
740 2008 817 2046 hoc
838 2004 952 2044 uobis
973 2005 1089 2054 plane
1109 2008 1325 2053 perputem.
1641 2006 1702 2043 155

287 2075 394 2112 fuere
415 2073 572 2122 Sicyoni
594 2073 671 2112 iarn
694 2072 761 2111 diu
784 2069 985 2119 Dionysia.
1586 2066 1590 2070 ’

335 2188 394 2217 132
419 2178 555 2217 perdita
574 2176 642 2216 est]
659 2174 836 2216 deperitA
968 2183 1028 2212 134
1055 2171 1173 2203 fecerit
1189 2169 1228 2208 P,
1245 2170 1278 2201 A
1292 2181 1323 2201 n.
1337 2169 1357 2201 l.
1488 2171 1548 2208 138
1571 2168 1622 2199 vel

268 2247 276 2257 χ
290 2223 367 2253 med
454 2232 513 2260 144
533 2221 802 2259 suppositionem
815 2219 889 2248 eius
906 2217 954 2247 rei
971 2217 1004 2247 P
1094 2224 1154 2254 145
1173 2213 1296 2245 scimus
1308 2213 1397 2257 solae
1408 2213 1440 2243 A
1535 2214 1618 2251 146-

291 2276 355 2304 232
371 2264 454 2295 deest
469 2264 501 2294 Α
642 2274 703 2302 150
727 2263 794 2301 logi
811 2261 947 2301 Seyffirt
999 2294 1020 2305 l
1082 2268 1141 2298 154
1167 2262 1217 2289 est
1241 2257 1377 2288 Auxilio
1397 2256 1615 2295 Camerarius,

293 2309 346 2340 cui
357 2309 468 2339 hiatus
485 2307 566 2338 mihi
588 2306 593 2349 1
613 2306 676 2337 Au.
696 2306 835 2347 dtlsplicet
