1742 2718
729 35 1017 76 CVRCVLIO
1515 37 1543 74 Ι.

147 153 191 190 50
212 147 283 183 ΡΗ.
317 154 374 184 est
395 147 524 185 hercle
545 146 597 185 ita
618 155 659 185 ut
681 154 721 185 tu
743 147 850 186 dicis.

912 149 980 185 ΡΑ.
1014 147 1143 186 iamne
1165 161 1210 186 ea
1231 149 1303 186 fert
1323 147 1486 197 iugum?

210 213 282 249 PH.
317 220 394 250 tam
415 226 438 250 a
458 226 521 250 me
542 212 686 262 pudica
706 220 764 251 est
785 212 896 263 quasi
917 226 1025 251 soror
1046 226 1133 251 mea
1153 212 1212 259 sit,
1236 213 1309 251 nisi

207 275 236 313 si
260 283 316 314 est
338 278 556 316 osculando
578 277 780 328 quippiam
802 277 1035 328 inpudicior.

208 343 276 378 ΡΑ.
309 354 463 390 semper
484 350 524 380 tu
547 341 656 388 scito,
679 343 838 380 flamma
860 344 969 381 fumo
990 349 1048 380 est
1069 356 1258 393 proxuma
1278 357 1285 389 3

208 406 316 443 fumo
337 406 515 445 comburi
539 406 592 444 nil
613 414 754 456 potest,
777 408 936 445 flamma
957 415 1096 457 potest.

146 483 185 518 55
207 471 272 520 qui
302 470 305 521 Ι
331 485 352 509 θ
374 485 473 510 nuce
495 473 708 510 nuculeum
729 486 814 511 esse
834 474 928 518 uolt,
953 472 1090 522 frangit
1113 485 1255 511 nucem
1276 487 1282 510 z

207 535 273 585 qui
296 537 377 574 uolt
399 537 552 583 cubare,
578 536 715 587 pandit
737 538 879 575 saltum
902 536 1030 575 sauiis.

209 604 280 639 PH.
313 609 351 639 at
374 601 437 640 illa
458 604 515 641 est
536 602 680 653 pudica
701 616 830 652 neque
851 603 947 641 dum
969 602 1119 641 cubitat
1139 616 1229 642 cum
1251 602 1354 641 uiris.

207 668 274 703 PA.
307 668 477 713 credam,
501 668 628 717 pudor
648 667 678 704 si
701 667 916 717 quoiquam
937 667 1071 706 lenoni
1093 667 1175 706 siet.

207 734 281 769 PH.
314 731 436 770 immo
457 738 499 769 ut
519 731 624 769 illam
646 733 815 770 censes?
844 739 886 769 ut

907 745 1088 782 quaeque
1108 732 1161 770 illi
1182 731 1375 771 occasiost

142 798 189 834 60
207 811 411 848 surrupere
433 810 473 835 se
494 798 544 835 ad
567 807 638 844 me,
662 796 730 834 ubi
752 796 905 834 sauium
927 796 1097 846 oppegst,
1121 796 1227 847 fugit.

205 862 245 901 id
266 877 314 902 eo
336 864 388 909 fit,
413 862 504 913 quia
524 861 588 900 hic
609 863 711 909 leno,
733 860 814 913 <hic
835 860 920 913 qui)
939 869 1120 911 aegrotus
1145 861 1307 900 incubat

203 927 244 966 in
265 928 477 979 Aesculapi
497 929 600 975 fano,
623 927 655 966 is
677 941 740 965 me
761 926 966 965 excruciat.
1026 928 1095 964 PA.
1127 926 1224 976 quid
1245 935 1302 965 est
1319 929 1335 964 ?

207 995 279 1031 ΡΗ.
312 993 406 1032 alias
428 1008 491 1032 me
512 992 638 1044 poscit
659 1006 729 1043 pro
750 992 815 1030 illa
835 992 991 1042 triginta
1011 991 1149 1038 minas,

204 1058 299 1097 alias
320 1061 511 1098 talentum
533 1072 719 1109 magnum
735 1073 744 1105 3
774 1071 903 1107 neque
924 1056 1136 1107 quicquam
1158 1070 1262 1107 queo

140 1130 183 1174 65
204 1124 319 1174 aequi
340 1125 516 1175 bonique
536 1124 587 1162 ab
607 1137 655 1162 eo
671 1123 888 1173 impetrare.

205 1190 271 1239 qui
293 1191 401 1240 quod
422 1189 555 1229 lenoni
576 1188 672 1227 nulli
694 1195 752 1227 est
772 1187 813 1227 id
833 1188 885 1226 ab

950 1124 1018 1160 PA.
1051 1121 1224 1160 iniuriu's

905 1201 953 1226 eo
973 1194 1094 1237 petas.

205 1256 279 1293 PH.
311 1269 417 1294 nunc
437 1255 530 1294 hinc
551 1254 763 1305 parasitum
784 1253 824 1291 in
846 1252 1003 1293 Cariam
1030 1251 1117 1290 misi
1138 1266 1271 1291 meum

203 1320 368 1370 petitum
389 1327 593 1370 argentum
614 1333 636 1358 a
657 1332 747 1357 meo
767 1317 894 1357 sodali
914 1324 1106 1356 mutuom.

203 1386 312 1435 quod
333 1385 364 1423 si
385 1399 464 1423 non
485 1386 624 1432 adfert,
645 1397 725 1434 quo
746 1397 810 1422 me
830 1389 983 1421 uortam
1004 1381 1149 1421 nescio.

140 1462 186 1496 70
205 1452 273 1488 PA.
305 1450 336 1488 si
357 1451 454 1488 deos
475 1451 633 1497 salutas,
653 1450 954 1488 dextrouorsum
976 1460 1130 1486 censeo.

204 1518 276 1553 PH.
310 1529 415 1554 nunc
435 1529 500 1553 ara
519 1513 685 1553 Veneris
706 1515 804 1552 haec
824 1519 883 1552 est

901 1519 994 1551 ante
1012 1513 1165 1551 horunc
1186 1513 1312 1561 fores]

201 1594 264 1619 me
285 1580 424 1619 inferre
444 1579 590 1619 Veneri
611 1578 705 1618 uoui
725 1578 1015 1618 iaientaculum.

202 1647 271 1684 PA.
303 1645 429 1696 quid?
457 1653 495 1684 te
515 1652 733 1696 antepones
753 1643 899 1682 Veneri
919 1643 1155 1682 iaientaculo
1171 1645 1188 1680 ?

202 1712 276 1749 PH.
309 1724 383 1757 me,
406 1710 443 1749 te
471 1717 590 1761 atque
619 1711 740 1748 hosce
769 1708 909 1748 omnis.
969 1710 1038 1747 PA.
1070 1715 1153 1747 tum
1181 1715 1222 1747 tu
1244 1710 1439 1748 Venerem
1470 1723 1535 1749 uo-

138 1848 178 1885 75
203 1843 276 1879 ΡΗ.
317 1842 429 1888 cedo,
460 1854 594 1891 puere‚
623 1839 763 1879 sinum.
827 1841 896 1877 PA.

1334 1788 1440 1813 mere
1460 1774 1530 1813 uis.

1564 36 1577 72 i

1568 163 1608 194 50

1567 487 1606 518 55

1561 802 1604 834 60

937 1839 1035 1889 quid
1064 1840 1275 1878 facturu's?
1342 1841 1417 1878 PH.
1454 1839 1531 1879 iam
1554 1849 1592 1885 75

1419 1905 1528 1945 scies.

198 1984 297 2009 anus
317 1970 381 2009 hic
401 1971 500 2010 solet
520 1971 664 2009 cubare
686 1976 818 2008 custos
839 1968 1004 2015 ianitrix,

244 2083 286 2114 55
309 2085 328 2105 e
346 2084 432 2104 nuce
449 2075 506 2114 qui
526 2074 566 2114 (3)
585 2074 650 2104 Leo
739 2073 903 2104 nuculeos
918 2071 1006 2104 codd.
1026 2072 1185 2103 Macrobii
1196 2082 1226 2113 3,
1250 2075 1300 2113 18,
1324 2085 1361 2113 14
1449 2074 1532 2119 (se)

202 2128 279 2149 esse
295 2117 436 2148 Mueller
449 2118 582 2158 (Rhein.
601 2116 692 2148 Mus.
712 2126 765 2157 54,
781 2117 860 2155 388)

912 2120 987 2157 post
1001 2126 1029 2147 v.
1045 2118 1087 2146 60
1103 2116 1259 2147 lacunam
1277 2119 1363 2158 stgn.
1377 2118 1535 2150 Bosscher

205 2161 262 2191 ‘de
279 2161 389 2192 Curc.'
408 2163 429 2192 8
574 2163 614 2192 61
641 2161 696 2192 hic
717 2160 775 2200 qui
792 2159 868 2190 add.
885 2160 950 2190 Leo
1039 2159 1058 2191 1.
1076 2159 1129 2190 hic
1145 2158 1280 2203 (nunc)
1302 2161 1442 2192 Mueller
1462 2163 1482 2194 l.
1502 2174 1525 2194 c.

190 2205 272 2244 sort.
296 2204 429 2247 (nunc)
450 2205 515 2237 inc.
649 2205 692 2243 65
716 2204 877 2234 iniurium

200 2291 241 2321 73
265 2281 455 2312 ieientaculi
473 2281 562 2313 codd.
583 2281 687 2312 Nonii
703 2281 764 2310 126

199 2328 238 2355 ut
251 2324 330 2364 md,
346 2325 402 2356 vix
414 2325 473 2364 3³)

902 2207 954 2234 est
977 2202 1043 2233 cod.
1175 2205 1219 2234 66
1241 2204 1315 2246 qui]
1342 2206 1420 2244 quid
1448 2205 1528 2235 PBD

897 2280 938 2318 76
962 2254 1066 2312 cubazil?
1083 2282 1120 2310 ut
1134 2279 1196 2311 vid.
1214 2279 1278 2310 cod.
1299 2281 1462 2314 (cubitare
1477 2280 1527 2311 Β1
