1742 2718
766 66 1055 107 CVRCVLIO
1526 64 1572 101 V.
1596 64 1625 100 11

157 186 229 222 610
246 183 326 221 ΤΗ.
358 183 488 221 saluos
508 193 606 227 sum,
629 192 767 218 eccum
790 192 908 228 quem
930 177 1178 228 quaerebam.
1238 174 1335 225 quid
1355 174 1446 225 agis,
1470 175 1575 213 bone

1195 240 1282 278 uir?
1339 241 1410 280 Cv.
1443 239 1573 278 audio.

245 311 277 351 si
306 312 365 351 uis
399 311 512 350 tribu'
545 309 645 350 bolis
676 311 738 348 uel
774 308 813 347 in
843 308 1104 358 chlamydem.
1166 308 1245 344 ΤΗ.
1278 304 1374 355 quin
1405 313 1446 343 tu
1476 304 1507 342 is
1538 304 1576 342 in

1253 373 1397 410 malam
1418 383 1576 409 crucem

245 456 336 481 cum
357 441 468 488 bolis,
492 455 582 480 cum
604 440 749 479 bullis?
779 440 900 478 redde
921 438 1038 477 etiam
1059 444 1263 487 argentum
1284 444 1351 474 aut
1372 434 1574 485 uirginem.

246 509 318 547 Cv.
351 507 459 557 quod
485 513 700 556 argentum,
725 518 822 555 quas
853 512 894 542 tu
926 503 1020 541 mihi
1051 502 1165 541 tricas
1196 503 1356 540 narras?
1385 513 1504 550 quarn
1536 507 1578 537 tu
1603 510 1638 542 ¹5

1387 565 1578 615 uirginem

247 651 310 676 me
337 636 537 687 reposcis?
593 637 672 674 ΤΗ.
705 648 825 685 quam
855 634 905 672 ab
936 635 1079 672 lenone
1109 631 1272 672 abduxti
1300 630 1431 677 hodie,
1462 631 1579 668 seelu'

1494 694 1576 733 uiri.

159 769 225 814 615
248 767 319 807 Cv.
350 768 498 805 nullam
518 765 675 820 abduxi.
735 767 814 803 ΤΗ.
845 770 949 803 certe
971 762 1155 801 eccistam
1178 761 1307 800 uideo.
1368 763 1442 799 ΡΗ.
1470 760 1579 809 uirgo

1249 828 1346 864 haee
1367 825 1488 864 libera
1508 833 1576 864 est.

246 899 326 935 ΤΗ.
359 910 474 936 mean
501 896 642 934 aneilla
669 895 791 934 libera
815 901 857 932 ut
885 893 946 941 sit,
971 906 1090 942 quarn
1122 904 1195 942 ego
1222 903 1441 940 numquam
1469 889 1579 928 emisi

1432 956 1581 993 manu?

248 1029 323 1065 ΡΗ.
355 1026 441 1077 quis
469 1025 539 1064 tibi
566 1027 669 1064 hanc
696 1024 806 1064 dedit
832 1023 1074 1073 mancupio?
1107 1028 1174 1060 aut
1201 1021 1308 1059 unde
1332 1019 1490 1058 emisti?
1520 1021 1580 1057 fac

1445 1084 1577 1123 sciam.

247 1158 327 1195 ΤΗ.
360 1156 596 1206 egoquidem
618 1169 688 1206 pro
710 1155 805 1194 istac
825 1167 907 1192 rem
929 1152 1029 1191 solui
1050 1153 1100 1191 ab
1122 1151 1306 1201 tarpezita
1327 1164 1416 1189 meo
1436 1166 1442 1189 :
1602 1166 1644 1188 20

248 1235 367 1272 quam
415 1235 489 1272 ego
536 1221 746 1271 pecuniam
793 1217 1091 1269 quadruplicem
1155 1217 1224 1267 aps
1273 1224 1311 1254 te
1354 1224 1391 1255 et
1439 1217 1583 1254 lenone

1397 1281 1582 1319 auferam.

162 1356 233 1390 620
252 1354 325 1390 PH.
358 1351 426 1401 qui
447 1351 521 1391 seis
542 1350 704 1389 mercari
725 1349 886 1388 furtiuas
906 1356 1026 1398 atque
1046 1347 1236 1397 ingenuas
1258 1345 1438 1396 uirgines,

250 1417 410 1456 ambula
430 1417 470 1455 in
491 1417 561 1455 ius.
620 1418 700 1454 ΤΗ.
733 1428 813 1454 non
834 1428 893 1453 eo.
954 1415 1028 1452 ΡΗ.
1062 1412 1154 1451 licet
1174 1419 1212 1450 te
1232 1410 1446 1450 antestari?
1502 1412 1581 1448 ΤΗ.

1380 1489 1461 1514 non
1482 1475 1582 1514 licet.

253 1538 327 1574 ΡΗ.
361 1535 536 1586 Iuppiter
556 1543 608 1583 te,
629 1536 789 1576 †male†
810 1535 963 1584 perdat,
983 1532 1189 1571 intestatus
1212 1522 1336 1569 uiuite
1352 1545 1362 1578 3

252 1609 291 1640 at
310 1614 394 1651 ego,
417 1614 537 1651 quem
557 1600 658 1648 licet,
681 1608 730 1639 te.
775 1600 922 1638 accede
942 1599 1030 1636 hue.
1091 1599 1170 1635 ΤΗ.
1195 1608 1351 1635 seruom
1372 1595 1586 1634 antestari?
1606 1605 1643 1638 25

1376 1662 1447 1701 Cv.
1480 1661 1582 1701 uide.

118 1736 231 1780 624—5
254 1731 317 1770 em
346 1738 389 1770 ut
418 1731 517 1770 scias
548 1744 611 1769 me
637 1730 804 1769 liberum
834 1732 943 1769 esse!
992 1741 1084 1779 ergo
1113 1728 1275 1766 ambula
1304 1726 1343 1765 in
1374 1726 1443 1765 ius.
1503 1728 1582 1764 ΤΗ.

1406 1804 1470 1830 em
1491 1791 1561 1829 tibi
1579 1795 1585 1829 1

253 1863 325 1902 CV.
349 1875 373 1900 ο
393 1862 511 1909 ciues,
533 1861 640 1900 ciues
659 1863 667 1898 1
709 1862 788 1898 TH.
812 1859 909 1910 quid
929 1861 1106 1898 clamas?
1159 1859 1234 1896 ΡΗ.
1259 1856 1355 1907 quid
1376 1856 1447 1895 tibi
1467 1856 1585 1895 istum

1359 1921 1479 1960 tactio
1499 1923 1587 1960 est?

253 1994 333 2031 ΤΗ.
365 1991 458 2042 quia
485 1991 540 2030 mi
568 1990 738 2031 lubitum
765 1997 834 2029 est.
895 1992 969 2029 ΡΗ.
1001 1990 1148 2029 accede
1180 1991 1258 2028 hue
1290 1996 1344 2035 tu,
1373 2000 1447 2038 ego
1475 1986 1585 2025 illum

1215 2054 1286 2094 tibi
1307 2055 1464 2100 dedam,
1488 2059 1583 2090 tace.

298 2162 359 2192 611
388 2162 415 2192 is
430 2160 504 2192 Ital.
521 2172 528 2192 :
552 2171 590 2192 es
604 2160 671 2192 cod.
690 2160 766 2203 (pro
782 2161 832 2192 eis
843 2160 869 2202 2)
1026 2161 1091 2190 612
1116 2158 1224 2190 bulbis
1240 2158 1274 2190 B
1362 2158 1468 2189 redde
1487 2158 1586 2188 etiam

255 2208 458 2246 suspectum:
485 2215 510 2236 r.
531 2205 613 2235 mihi
631 2205 695 2236 iam
712 2204 853 2244 Pylades
984 2204 1048 2242 614
1073 2202 1245 2234 abduxisti
1262 2201 1336 2233 Ital.
1451 2203 1517 2240 619
1539 2200 1590 2230 vel

256 2249 314 2279 ted
481 2249 546 2278 620
569 2248 636 2280 scis
651 2247 758 2279 Pius:
781 2247 871 2279 scies
888 2247 953 2278 cod.
975 2247 1052 2287 (pro
1079 2247 1168 2277 sceis
1179 2246 1206 2285 2)
1386 2246 1447 2276 621
1476 2249 1510 2275 te
1526 2243 1585 2274 del,

257 2291 385 2323 Merula
516 2294 580 2323 622
596 2298 631 2323 te
648 2292 746 2322 miles
761 2291 826 2322 Leo
843 2303 848 2321 :
873 2291 961 2322 male
979 2294 1012 2320 te
1028 2289 1150 2320 Klotz:
1173 2290 1253 2328 sort.
1273 2294 1318 2328 te,
1339 2289 1439 2326 male,
1457 2286 1587 2330 (male)

256 2338 320 2374 623
343 2336 393 2366 vel
407 2336 463 2366 ted
566 2337 640 2376 623,
659 2338 722 2375 624
747 2335 797 2366 vel
810 2335 899 2365 uide.
948 2334 1010 2364 Cv.
1031 2333 1092 2364 Em
1211 2334 1276 2363 626
1301 2334 1401 2363 istum
1420 2332 1478 2363 tibi
1496 2330 1560 2363 cod.
1579 2342 1586 2361 :

256 2379 327 2410 trat'.
349 2379 483 2410 Guietus
