1742 2718
704 98 1049 137 AMPHITRVO
1468 97 1534 133 IV.
1558 96 1571 132 i

208 227 299 252 nam
320 211 448 251 omnis
469 212 617 262 plateas
638 208 871 261 perreptaui,
893 207 1095 258 gymnasia
1115 214 1152 245 et
1174 206 1389 257 myropolia
1406 221 1413 250 ;

205 279 313 329 apud
333 276 552 327 emporium
572 283 692 325 atque
712 274 752 312 in
774 274 950 319 macello,
970 274 1009 310 in
1030 273 1222 322 palaestra
1241 278 1360 321 atque
1381 270 1420 308 in
1442 272 1535 317 foro,

206 343 245 381 in
267 341 484 388 medicinis,
508 340 547 378 in
568 339 754 386 tostrinis,
776 339 883 389 apud
904 337 1032 376 omnis
1053 337 1161 375 aedis
1183 349 1310 375 sacras
1559 355 1575 384 5

206 422 293 446 sum
314 409 489 446 defessus
511 405 794 456 quaeritando:
823 417 1018 453 nusquam
1039 402 1200 441 inuenio
1222 403 1471 440 Naucratem.

98 482 184 519 1015
206 486 311 511 nunc
328 473 492 511 domum
513 470 580 509 ibo
596 478 715 520 atque
732 483 778 508 ex
794 482 913 507 uxore
934 469 1036 506 hanc
1053 481 1133 506 rem
1151 480 1307 517 pergam
1326 465 1536 515 exquirere,

206 538 293 588 quis
314 537 427 576 fuerit
448 550 567 587 quem
589 543 748 586 propter
769 548 911 585 corpus
932 547 1045 572 suom
1067 531 1187 582 stupri
1210 531 1478 581 compleuerit.

206 616 297 641 nam
318 616 381 640 me
403 616 521 652 quam
543 601 650 640 illam
672 599 945 651 quaestionem
966 597 1193 648 inquisitam
1214 596 1335 635 hodie
1354 596 1532 635 amittere

207 675 404 707 mortuom
426 667 572 706 satiust.
634 667 703 704 sed
724 664 833 704 aedis
854 665 1114 702 occluserunt.
1174 674 1358 712 eugepae,
1563 678 1600 698 10

207 733 348 784 pariter
367 734 445 771 hoc
465 733 508 770 fit
527 739 646 782 atque
668 739 709 769 ut
729 731 804 769 alia
825 731 927 768 facta
947 736 1047 767 sunt.
1108 727 1242 766 feriam
1264 728 1375 766 fores.

99 808 188 833 1020
205 798 352 849 aperite
368 799 455 837 hoc.
508 799 616 844 heus,
636 796 771 847 ecquis
787 795 851 834 hic
868 796 955 834 est?
985 793 1119 844 ecquis
1136 794 1212 832 hoc
1228 792 1351 843 aperit
1367 791 1541 831 ostium?

476 911 816 946 MERCVRIVS
927 908 1273 943 AMPH1TRvo
1559 904 1587 941 ii

206 995 288 1032 ME.
322 992 422 1042 Quis
451 993 502 1031 ad
532 993 633 1030 fores
664 991 751 1029 est?
818 991 899 1027 AM.
933 1002 1006 1038 ego
1033 1001 1130 1026 sum.
1204 989 1287 1025 ME.
1320 986 1416 1037 quid
1447 991 1540 1037 ‘ego

557 1056 695 1094 sum'?
753 1057 835 1093 AM.
869 1053 922 1092 ita
942 1055 1092 1102 loquor.
1154 1053 1238 1090 ΜΕ.
1270 1051 1342 1090 tibi
1364 1051 1540 1102 Iuppiter

204 1124 324 1174 dique
345 1136 484 1162 omnes
505 1120 591 1160 irati
612 1127 719 1159 certo
740 1126 831 1158 sunt
852 1118 918 1169 qui
940 1118 995 1157 sic
1015 1119 1169 1168 frangas
1190 1119 1304 1156 fores.

205 1191 286 1226 AM.
319 1201 399 1238 quo
420 1187 572 1225 modo?
629 1187 713 1223 ΜΕ.
747 1198 794 1223 eo
815 1185 948 1231 modo,
972 1190 1015 1221 ut
1034 1184 1212 1233 profecto
1233 1181 1344 1220 uiuas
1370 1189 1540 1221 aetatem

1410 1261 1536 1286 m1ser.

205 1321 286 1357 AM.
319 1317 440 1357 Sosia.
515 1318 598 1355 ΜΕ.
635 1314 712 1354 ita:
753 1328 840 1353 sum
876 1312 998 1360 Sosia,
1032 1312 1106 1351 nisi
1146 1327 1209 1351 me
1248 1326 1332 1351 esse
1372 1312 1539 1351 oblitum

1314 1377 1537 1416 existumas.

97 1461 182 1499 1025
205 1448 300 1499 quid
330 1461 437 1486 nunc
465 1446 554 1485 uis?
610 1448 692 1484 AM.
725 1446 899 1492 sceleste,
922 1451 962 1482 at
992 1443 1110 1482 etiam
1141 1443 1237 1494 quid
1266 1442 1397 1490 uelim,
1426 1442 1467 1481 id
1496 1450 1538 1481 tu
1557 1452 1575 1484 5

1299 1521 1379 1546 *me
1398 1521 1510 1558 rogas
1522 1509 1540 1545 ?

205 1581 288 1617 ME.
321 1578 384 1626 ita,
407 1591 511 1628 rogo.
571 1590 698 1627 paene
719 1574 923 1625 ecfregisti,
946 1576 1062 1621 fatue,
1086 1573 1235 1612 foribus
1256 1572 1446 1612 cardines.

203 1658 253 1681 an
273 1645 375 1682 fores
395 1643 586 1682 censebas
606 1641 721 1681 nobis
742 1640 955 1691 publicitus
975 1638 1225 1690 praeberier?

203 1708 300 1760 quid
321 1723 384 1748 me
410 1716 600 1759 aspectas,
623 1707 795 1746 stolide?
824 1705 921 1756 quid
947 1718 1054 1743 nunc
1074 1704 1133 1743 uis
1160 1703 1261 1742 tibi?
1288 1712 1357 1742 aut
1382 1703 1470 1754 quis
1497 1710 1537 1742 tu

1326 1783 1367 1808 es
1387 1771 1539 1808 homo?

204 1842 286 1879 AM.
323 1840 500 1887 uerbero,
541 1838 660 1878 etiam
698 1836 786 1889 quis
825 1850 898 1887 ego
937 1835 1010 1875 sim
1049 1849 1113 1874 me
1151 1835 1305 1886 rogitas,
1342 1836 1536 1874 ulmorum

1276 1901 1539 1939 Accheruns?

97 1981 187 2018 1030
205 1983 325 2020 quem
344 1971 411 2021 pol
432 1983 505 2021 ego
524 1969 646 2009 hodie
665 1969 718 2007 ob
734 1967 855 2006 istaec
875 1966 981 2006 dicta
1000 1966 1142 2006 faciam
1158 1968 1376 2005 {eruentem
1396 1965 1535 2016 flagris.
1560 1980 1597 2002 10

206 2038 289 2074 ΜΕ.
321 2036 530 2087 prodigum
550 2043 588 2074 te
608 2035 727 2074 fuisse
748 2040 902 2085 oportet
923 2032 1017 2072 olim
1037 2032 1077 2071 in
1097 2031 1376 2071 adulescentia.

203 2102 286 2139 AM.
319 2100 514 2152 quidum?
582 2102 666 2139 ME.
699 2099 791 2150 quia
823 2106 983 2137 senecta
1015 2104 1143 2136 aetate
1175 2097 1199 2135 a
1236 2110 1300 2135 me
1334 2096 1536 2135 mendicas

1373 2163 1531 2199 malum.

204 2231 285 2268 AM.
317 2243 407 2269 cum
430 2229 603 2269 cruciatu
624 2237 693 2268 tuo
714 2229 834 2268 istaec
854 2227 985 2275 hodie,
1008 2241 1139 2274 uerna,
1163 2227 1284 2266 uerba
1303 2226 1486 2265 funditas.

642 2344 720 2373 1031
748 2333 1013 2364 adulescentiam
1029 2331 1096 2362 cod.
