1814 2723
222 100 302 136 V.i
707 95 752 132 T.
787 92 968 132 MACCI
1000 92 1203 130 PLAVTI

290 210 377 261 quis
398 222 461 248 me
476 207 645 247 Athenis
666 220 772 245 nunc
794 205 906 255 magi'
923 202 1132 254 quisquam
1153 210 1211 242 est
1230 203 1353 241 homo
1372 200 1466 251 quoi
1487 199 1527 239 di
1547 198 1624 238 sint
1643 202 1712 236 810

1436 263 1626 315 propitii?

294 342 365 378 Lv.
397 346 505 378 certo
532 337 638 377 enim
665 349 738 386 ego
766 348 908 374 uocem
938 333 1002 372 hic
1029 332 1226 384 loquentis
1257 332 1378 370 modo
1409 329 1462 368 mi
1491 328 1626 367 audire

1106 398 1205 436 uisu’
1227 410 1324 436 sum.
1384 397 1428 433 L.
1453 396 1489 434 S.
1521 395 1625 440 hem,

259 484 276 515 5
295 483 457 509 erumne
479 482 551 519 ego
571 466 722 518 aspicio
743 466 905 504 meum?
963 466 1033 503 Lv.
1066 463 1214 503 uideon
1243 475 1316 512 ego
1337 463 1444 499 hunc
1471 472 1627 498 seruom

1467 536 1600 562 meum
1613 523 1630 560 ?

297 603 339 639 L.
364 603 400 640 S.
433 600 540 650 ipsus
561 606 629 637 est.
681 599 754 635 Lv.
775 597 882 634 baud
903 595 1000 634 alius
1022 602 1089 633 est.
1141 596 1183 632 L.
1208 595 1246 632 S.
1268 590 1510 643 congrediar.
1558 590 1628 627 Lv.

1216 659 1431 697 contollam
1452 655 1630 706 gradum.

298 733 418 771 credo
439 743 511 780 ego
533 730 655 776 illum,
678 731 721 766 iit
748 727 852 774 iussi,
877 738 1036 776 eampse
1060 738 1182 763 anum
1202 723 1354 770 adiisse,
1378 721 1494 760 huius
1515 718 1632 758 nutri·
1651 694 1720 784 {J}

1351 800 1438 826 cem
1458 783 1630 835 uirginis.

300 865 343 901 L.
367 864 403 901 S.
436 860 531 911 quin
553 873 626 910 ego
655 859 709 897 illi
738 872 801 897 me
825 856 1024 896 inuenisse
1054 855 1145 895 dico
1172 856 1274 892 hane
1300 853 1486 904 praedam
1515 857 1634 899 atque

1443 918 1607 967 eloquor
1619 916 1635 952 ?

235 1025 236 1028 η
302 994 417 1045 igitur
437 993 559 1032 orabo
579 999 622 1030 ut
642 1004 762 1029 manu
783 1003 847 1028 me
868 988 1030 1028 emittat.
1089 987 1156 1025 ibo
1176 994 1295 1036 atque
1315 986 1485 1034 eloquar.

246 1078 284 1100 10
303 1059 585 1111 repperi—LV.
615 1057 712 1109 quid
732 1054 965 1107 repperisti?
1022 1055 1064 1092 L.
1084 1055 1123 1092 S.
1152 1065 1234 1091 non
1254 1051 1363 1101 quod
1383 1048 1493 1100 pueri
1508 1047 1638 1087 clami-

1555 1120 1638 1152 tant

303 1193 344 1231 in
364 1192 456 1231 faba
476 1205 517 1231 se
537 1189 765 1242 repperisse.
826 1190 896 1226 Lv.
928 1187 1060 1226 iamne
1080 1192 1227 1232 autem,
1247 1191 1289 1222 ut
1309 1183 1440 1222 soles?
1470 1179 1635 1220 deludis.

305 1260 348 1296 L.
368 1259 404 1297 S.
428 1271 502 1305 ere,
519 1270 646 1303 mane,
662 1257 824 1305 eloquar
843 1253 933 1300 iam,
948 1253 1138 1291 ausculta.
1168 1252 1238 1288 Lv.
1261 1262 1333 1299 age
1353 1261 1444 1298 ergo
1464 1249 1636 1296 loquere.
1658 1243 1727 1278 820

1198 1317 1242 1353 L.
1265 1316 1302 1353 S.
1334 1312 1487 1364 repperi
1506 1311 1638 1358 hodie,

306 1401 384 1437 ere,
403 1387 561 1427 diuitias
582 1386 733 1425 nimias.
794 1387 865 1423 LY.
888 1383 1081 1422 ubinam?
1138 1383 1182 1419 L.
1205 1382 1242 1419 S.
1274 1378 1564 1430 quadrilibrem,
1587 1376 1641 1414 in-

1063 1459 1193 1496 quam,
1216 1446 1346 1483 aulam
1366 1443 1448 1482 auri
1468 1444 1640 1494 plenam.

310 1520 380 1557 Lv.
411 1518 520 1568 quod
551 1530 624 1567 ego
652 1515 804 1555 facinus
833 1513 953 1553 audio
982 1527 1028 1551 ex
1057 1513 1124 1550 te?
1199 1512 1242 1548 L.
1266 1511 1302 1548 S.
1341 1508 1523 1547 Euclioni
1549 1506 1642 1545 huic

1066 1611 1077 1620 ,
1347 1574 1430 1613 seni
1451 1572 1640 1623 surrupui.

255 1663 292 1695 15
311 1651 383 1688 LY.
414 1648 483 1688 ubi
504 1648 544 1688 id
565 1655 623 1687 est
642 1647 811 1685 aurum?
868 1646 911 1683 L.
935 1645 971 1683 S.
1003 1643 1044 1681 in
1063 1655 1153 1681 area
1167 1641 1275 1692 apud
1291 1654 1365 1679 me.
1424 1652 1530 1677 nunc
1550 1638 1644 1676 uolo

1281 1719 1344 1744 me
1365 1704 1490 1744 emitti
1510 1716 1640 1742 manu.

582 1780 653 1816 Lv.
685 1790 812 1827 egone
831 1783 870 1814 te
890 1775 1067 1814 emittam
1088 1786 1220 1820 manu,

581 1844 772 1882 scelerum
793 1840 1144 1880 cumulatissume?
1665 1827 1730 1870 825

584 1910 626 1946 L.
650 1909 685 1946 S.
717 1907 794 1954 abi,
817 1920 892 1954 ere,
915 1905 997 1944 scio
1017 1918 1137 1954 quam
1157 1916 1239 1942 rem
1259 1915 1381 1952 geras,

313 1975 443 2026 lepide
482 1975 613 2012 hercle
650 1972 828 2011 animum
867 1980 978 2010 tuom
1016 1968 1218 2020 temptaui.
1281 1967 1360 2006 iarn
1398 1973 1440 2004 ut
1478 1963 1645 2015 eriperes

1405 2029 1645 2080 apparabas:

258 2122 298 2144 20
317 2105 413 2157 quid
427 2107 584 2152 faceres,
604 2104 635 2142 si
650 2103 938 2154 repperissem?
987 2102 1056 2138 Lv.
1089 2113 1169 2138 non
1185 2105 1297 2150 potes
1310 2097 1498 2147 probasse
1511 2107 1643 2145 nugas.

362 2212 421 2241 811
448 2210 492 2240 mi
520 2208 685 2249 Wagner:
709 2218 762 2238 me
779 2207 844 2237 cod.
980 2206 1043 2236 812
1069 2204 1170 2235 uideo
1188 2202 1252 2234 cod.
1323 2203 1412 2232 hunc
1429 2201 1534 2232 Brt'x:
1558 2201 1647 2231 hunc

276 2252 285 2262 Χ
318 2254 492 2287 Strobilum
519 2253 584 2284 cod.
720 2253 783 2290 813
813 2250 899 2281 alius
926 2248 1083 2289 Pylades:
1118 2247 1208 2278 aliud
1237 2245 1302 2277 cod.
1433 2246 1498 2275 816
1522 2244 1567 2275 illi
1593 2254 1647 2274 me

318 2298 472 2339 Pylades:
507 2297 598 2327 illum
623 2295 688 2326 cod.
833 2299 935 2332 atque
959 2292 1099 2332 eloquar
1122 2290 1212 2322 cod.:
1244 2290 1313 2321 secl.
1338 2288 1464 2329 Ussing
1488 2288 1542 2328 (cf.
1567 2288 1648 2327 817)

318 2344 379 2382 817
405 2342 526 2380 iboque
543 2346 643 2379 atque
661 2338 728 2371 cod.
749 2338 806 2380 (iv.
823 2338 861 2379 3)
984 2337 1047 2366 822
1071 2335 1120 2366 vel
1134 2335 1190 2366 ted
1260 2333 1352 2365 Eucl.
1374 2331 1446 2373 (del.
1469 2331 1505 2363 L.
1527 2331 1576 2374 S.)
1595 2331 1648 2361 hic

318 2386 394 2418 seni
410 2383 578 2423 subripuit
596 2383 661 2413 Leo
