1742 2718
732 71 1020 113 CVRCVLIO
1468 69 1535 105 IV.
1557 66 1587 103 ii

214 191 283 227 ΙΝ.
317 190 541 231 Summane,
560 183 755 233 numquid
776 181 961 219 nunciam
983 193 1045 218 me
1066 180 1155 218 uis?
1212 179 1283 218 Cv.
1317 179 1403 215 uale
1423 184 1541 226 atque

1421 244 1539 288 salue,

214 332 304 356 nam
326 319 364 355 et
384 329 543 366 operam
564 322 602 352 et
623 312 833 364 pecuniam
855 311 1024 360 benigne
1044 308 1267 360 praebuisti.

216 385 284 419 ΙΝ.
317 383 480 418 salutem
503 380 666 416 multam
687 377 808 415 dicito
829 384 1005 425 patrono.
1067 375 1138 414 CV.
1171 373 1431 412 nuntiabo.—

130 460 192 496 525
217 450 284 484 Lv.
317 445 511 495 numquid
540 444 611 490 uis,
640 444 760 481 leno?
818 442 889 480 CA.
922 440 1014 478 istas
1044 439 1170 477 minas
1200 440 1351 485 decem,
1383 437 1450 487 qui
1480 451 1542 475 me

1324 516 1540 554 procurem,

215 578 309 614 dum
328 575 465 613 melius
486 574 535 612 sit
555 572 619 619 mi,
638 574 719 611 des.
771 573 840 609 Lv.
864 571 1073 614 dabuntur,
1096 583 1179 607 cras
1200 568 1280 619 peti
1301 568 1503 606 iubeto.-—
1562 582 1604 612 40

216 642 287 679 CA.
320 640 479 689 quando
500 639 603 676 bene
622 637 723 686 gessi
744 650 836 682 rem,
860 637 953 673 uolo
974 634 1037 672 hic
1058 634 1097 671 in
1119 635 1210 672 fano
1231 633 1460 683 supplicare.

216 718 306 742 nam
329 704 433 742 illam
454 702 570 740 minis
591 701 684 740 olim
706 702 844 739 decem
866 700 1037 750 puellam
1059 700 1260 749 paruolam
1282 697 1370 744 emi,

218 771 287 808 sed
308 783 398 808 eum
419 767 486 818 qui
508 767 603 821 mihi
625 767 731 804 illam
752 764 933 803 uendidit
954 777 1172 813 numquam
1194 762 1350 812 postilla
1370 761 1476 809 uidi3

132 851 199 887 530
217 835 375 885 periisse
396 835 524 872 credo.
582 832 676 882 quid
698 831 739 869 id
756 844 844 868 mea
863 831 1006 868 refert?
1036 842 1109 879 ego
1125 836 1328 878 argentum
1349 828 1489 865 habeo.

218 899 311 950 quoi
331 898 482 937 homini
502 898 542 936 di
563 905 654 936 sunt
674 895 842 946 propitii,
861 897 1014 933 lucrum
1035 894 1070 932 ei
1091 895 1268 944 profecto
1289 892 1476 932 obiciunt.
1564 902 1606 935 45

217 978 324 1003 nunc
343 964 397 1003 rei
417 963 576 1002 diuinae
597 975 757 1012 operam
779 961 894 999 dabo.
932 966 1120 998 certumst
1140 959 1242 997 bene
1263 972 1326 997 me
1346 971 1547 996 curare.—

431 1047 1006 1084 THERAPONTIGONVS
1186 1044 1332 1080 cho
1567 1041 1612 1077 iii

218 1121 297 1157 ΤΗ.
330 1119 423 1156 Non
444 1131 516 1167 ego
537 1130 643 1154 nunc
664 1114 853 1154 mediocri
874 1114 1018 1153 incedo
1040 1113 1159 1152 iratus
1180 1112 1392 1158 iracundia,

218 1184 289 1221 sed
309 1196 426 1232 eapse
446 1182 511 1220 illa
531 1195 609 1232 qua
630 1180 879 1219 excidionem
901 1181 1028 1218 facere
1050 1178 1251 1217 condidici
1272 1176 1438 1228 oppidis.

133 1261 197 1298 535
218 1261 324 1286 nunc
345 1247 418 1285 nisi
439 1254 480 1284 tu
502 1246 598 1284 mihi
618 1259 782 1296 propere
803 1258 986 1296 properas
1009 1245 1101 1282 dare
1121 1243 1199 1282 iam
1220 1242 1376 1293 triginta
1396 1240 1532 1288 minas,

218 1327 315 1364 quas
336 1326 409 1362 ego
428 1313 535 1362 apud
556 1319 594 1350 te
614 1310 805 1361 deposiui‚
830 1310 952 1348 uitam
973 1323 1139 1360 propera
1158 1321 1315 1358 ponere.

217 1380 289 1416 LY.
321 1391 402 1415 non
422 1377 565 1426 edepol
586 1390 691 1414 nunc
713 1389 786 1426 ego
807 1382 844 1413 te
866 1374 1055 1413 mediocri
1078 1381 1208 1412 macto
1228 1371 1454 1419 infortunio,
1567 1380 1584 1413 5

218 1444 288 1481 sed
309 1455 428 1492 eopse
449 1441 516 1479 illo
537 1454 617 1491 quo
638 1448 808 1478 mactare
830 1441 938 1478 soleo
959 1439 1053 1489 quoi
1074 1438 1128 1476 nil
1149 1439 1289 1477 debeo.

218 1509 298 1545 TH.
330 1520 380 1545 ne
400 1513 438 1544 te
459 1505 555 1543 mihi
577 1504 694 1543 facias
715 1507 887 1543 ferocem
907 1511 974 1542 aut
995 1503 1214 1553 supplicare
1235 1516 1406 1541 censeas.

136 1585 202 1620 540
220 1574 291 1610 Lv.
336 1584 409 1609 nec
448 1578 489 1608 tu
529 1583 592 1608 me
630 1569 793 1619 quidem
835 1582 1025 1618 umquam
1071 1567 1227 1618 subiges
1267 1567 1465 1606 redditum
1507 1573 1550 1605 ut

1280 1633 1444 1671 reddam
1465 1631 1547 1678 tibi,

219 1714 294 1739 nec
327 1701 488 1739 daturus
521 1701 619 1737 siim.
679 1700 758 1736 TH.
790 1697 897 1737 idern
931 1711 1004 1748 ego
1042 1697 1142 1736 istuc
1177 1710 1299 1747 quom
1338 1696 1549 1735 credebam

1386 1760 1546 1808 credidi,

220 1838 259 1869 te
278 1829 376 1868 nihil
396 1842 481 1868 esse
501 1827 756 1867 redditurum.
816 1829 886 1866 Lv.
916 1841 989 1878 qur
1008 1841 1114 1865 nunc
1133 1841 1157 1865 a
1176 1840 1240 1865 me
1260 1825 1374 1877 igitur
1394 1825 1523 1876 petis?
1571 1837 1608 1860 10

220 1897 300 1933 ΤΗ.
333 1894 430 1932 scire
450 1895 543 1932 uolo
564 1893 658 1943 quoi
678 1892 894 1932 reddidisti.
956 1895 1025 1931 Lv.
1057 1894 1168 1930 lusco
1188 1891 1329 1930 liberto
1350 1898 1429 1938 tuo,

221 1960 253 1998 is
274 1961 534 1998 Summanum
555 1971 596 1996 se
616 1957 748 1996 uocari
769 1957 875 2004 dixit,
898 1957 934 1995 ei
953 1957 1118 1996 reddidi.

140 2040 202 2078 545
224 2024 290 2075 qui
311 2025 381 2062 has
402 2025 564 2063 tabellas
585 2023 808 2074 opsignatas
829 2023 969 2070 attulit,
988 2036 1085 2073 quas
1106 2030 1148 2061 tu
1169 2022 1319 2060 mihi—

224 2092 303 2127 TH.
335 2103 435 2139 quos
455 2097 497 2127 tu
517 2088 615 2127 mihi
634 2090 765 2127 luscos
785 2088 956 2135 libertos,
976 2101 1075 2138 quos
1092 2089 1329 2126 Summanos
1351 2087 1553 2126 somnias?

267 2191 332 2221 523
364 2191 502 2221 operam
528 2180 617 2224 (mi)
647 2180 788 2221 Pylades
934 2189 999 2219 529
1037 2181 1189 2211 uendidit
1221 2179 1312 2210 illam
1344 2180 1410 2211 cod.
1432 2192 1439 2211 :
1477 2181 1549 2211 trai.

230 2225 259 2256 T
256 2225 429 2256 aubmann
539 2235 602 2265 534
616 2226 698 2265 sort.
718 2235 819 2264 eapsa
837 2223 888 2263 (cſs
908 2223 955 2254 ad
968 2224 1046 2263 538)
1173 2225 1237 2263 538
1253 2234 1358 2263 eopso
1381 2224 1459 2263 cod.‚
1473 2224 1552 2263 sort.

224 2273 299 2299 recte
407 2278 470 2308 539
493 2280 534 2299 an
552 2280 577 2300 s.
597 2270 757 2299 censeas?
782 2268 939 2298 Bosscher
1046 2277 1108 2306 542
1125 2278 1210 2306 quur
1226 2267 1291 2299 cod.
1398 2277 1460 2307 545
1484 2267 1551 2298 ΤΗ.

223 2323 306 2353 quas
324 2312 389 2343 cod.
480 2312 563 2342 mihi
581 2312 794 2343 Cameram'us
809 2324 816 2342 :
840 2311 920 2341 mihi
937 2311 1078 2342 tabellas
1094 2310 1161 2342 cod.
1291 2312 1356 2350 546
1378 2312 1459 2342 lusc.
1480 2310 1552 2353 lib.]

226 2357 390 2397 parasitos
412 2355 524 2387 luscos
539 2355 696 2387 Donatus
710 2355 758 2386 ad
768 2354 909 2395 Adelph.
924 2364 955 2396 5,
971 2364 998 2394 7,
1012 2364 1033 2393 9
1050 2354 1233 2395 (neglegens
1247 2355 1365 2395 citatio)
1424 2398 1464 2428 ⁰2

270 2409 390 2431 PLAVT.
409 2409 420 2429 1
1424 2419 1442 2428 .-
