1742 2718
713 239 950 288 ACTVS
1004 241 1022 286 I

458 352 784 389 PALlNVRvs
896 353 1286 389 PHAEDROMVS
1558 353 1625 390 1.i

207 450 278 486 ΡΑ.
311 450 403 497 Quo
424 450 491 487 ted
512 450 588 487 hoc
609 449 736 487 noctis
757 450 887 488 dicam
909 449 1101 499 proficisci
1124 451 1226 487 foras

206 527 296 551 cum
319 514 416 552 istoc
437 522 575 552 ornatu
597 528 767 564 cumque
788 516 861 552 hac
882 528 1042 564 pompa,
1064 515 1340 552 Phaedrome?

209 581 281 616 PH.
314 591 394 628 quo
414 580 541 616 Venu'
563 579 802 628 Cupidoque
823 579 999 628 imperat,
1017 579 1236 628 suadetque
1256 581 1380 617 Amor
1399 594 1405 616 :

207 644 237 681 si
259 644 389 681 media
409 657 487 680 nox
507 650 564 681 est
585 643 668 681 siue
689 651 746 681 est
767 644 893 694 prima
917 657 1090 693 uespera,

167 717 184 754 5
206 709 236 746 si
257 710 383 756 statu',
403 707 609 746 condictus
631 722 721 745 cum
744 710 856 746 hoste
876 708 1082 747 intercedit
1102 709 1198 755 dies,
1555 727 1573 758 5

204 782 336 811 tamen
357 781 414 811 est
435 774 610 811 eundum
632 787 711 822 quo
733 773 926 823 imperant
946 773 1128 824 ingratiis.

207 840 273 876 ΡΑ.
304 846 344 876 at
364 839 535 885 tandem,
561 839 856 876 tandem—PH.
889 839 1050 876 tandem
1071 852 1111 876 es
1132 838 1293 876 odiosus
1318 838 1424 877 mihi.

207 905 273 941 ΡΑ.
306 903 404 941 istuc
425 903 586 953 quidem
607 917 680 941 nec
703 904 850 941 bellum
871 911 929 942 est
949 917 1022 941 nec
1044 903 1298 942 memorabile
1317 920 1323 942 :

204 975 287 1006 tute
307 967 377 1005 tibi
397 981 493 1017 puer
513 981 564 1014 eS‚
588 969 716 1006 lautus
738 970 844 1006 luces
865 982 1032 1006 cereum.

146 1041 187 1066 10
206 1034 278 1070 PH.
311 1045 412 1082 egon
431 1032 673 1082 apicularum
694 1046 812 1083 opera
832 1040 1062 1083 congestum
1084 1046 1163 1071 non
1184 1034 1304 1071 feram
1553 1048 1592 1071 10

203 1111 250 1135 ex
270 1097 375 1136 dulci
396 1097 607 1136 oriundum
629 1100 799 1136 melculo
820 1097 925 1136 dulci
947 1099 1065 1136 meo?

204 1164 271 1200 PA.
304 1176 395 1200 nam
417 1176 496 1212 quo
517 1170 554 1201 te
574 1163 704 1201 dicam
725 1177 798 1213 ego
819 1163 904 1201 ire?
962 1165 1034 1200 PH.
1068 1163 1099 1200 si
1119 1171 1160 1200 tu
1182 1177 1244 1201 me
1265 1177 1386 1213 roges,

201 1227 330 1265 dicam
352 1236 393 1266 ut
413 1228 522 1265 scias.
582 1229 650 1265 PA.
684 1228 715 1266 si
736 1228 911 1277 rogitem,
934 1227 1030 1277 quid
1051 1229 1320 1277 respondeas?

204 1294 277 1330 PH.
310 1294 386 1331 hoc
407 1293 617 1342 Aesculapi
640 1295 774 1331 fanum
795 1300 864 1331 est.
925 1294 994 1330 PA.
1025 1294 1113 1342 plus
1134 1293 1210 1329 iam
1231 1307 1337 1332 anno
1357 1293 1449 1332 scio.

144 1371 182 1407 15
204 1359 277 1395 PH.
310 1357 401 1395 huic
421 1371 656 1407 proxumum
676 1358 773 1396 illud
794 1357 975 1395 ostiumst
995 1357 1288 1395 oeulissumum.
1553 1372 1590 1404 15

204 1424 320 1470 salue,
344 1423 558 1461 ualuistin?
616 1425 684 1461 ΡΑ.
718 1423 863 1461 ostium
884 1422 1223 1469 occlusissumum,

202 1487 376 1525 caruitne
396 1487 513 1525 febris
534 1496 580 1525 te·
592 1487 674 1526 heri
695 1489 758 1526 uel
778 1486 1060 1525 nudiustertius

202 1560 240 1590 et
260 1552 342 1591 heri
363 1552 636 1591 cenauistine?
694 1555 767 1591 PH.
801 1553 1009 1591 deridesne
1030 1555 1122 1591 me?

204 1619 272 1655 ΡΑ.
305 1618 401 1668 quid
422 1625 463 1656 tu
484 1632 588 1668 ergo,
609 1618 755 1664 insane,
780 1618 921 1667 rogitas
942 1621 1122 1658 ualeatne
1142 1619 1316 1658 ostium?

140 1695 185 1719 20
204 1685 278 1721 PH.
310 1683 582 1721 bellissumum
608 1684 739 1721 hercle
760 1682 844 1720 uidi
864 1690 901 1721 et
923 1683 1298 1733 taciturnissumum,
1551 1696 1593 1718 20

202 1761 419 1798 numquam
440 1750 563 1786 ullum
584 1749 750 1786 uerbum
772 1748 903 1786 muttit
922 1764 929 1786 τ
959 1762 1080 1798 quom
1101 1750 1270 1800 aperitur
1290 1757 1401 1797 tacet,

202 1826 323 1862 quom
344 1813 409 1850 illa
429 1820 549 1851 noctu
570 1814 793 1850 clanculum
815 1814 867 1851 ad
889 1826 952 1851 me
973 1813 1063 1861 exit,
1084 1821 1196 1852 tacet.

249 1926 261 1945 1
289 1917 352 1947 hoc
375 1916 440 1948 cod.
469 1917 611 1948 Charisii
634 1928 703 1957 112y
732 1917 818 1949 codd.
846 1917 960 1949 Diom.
982 1929 1066 1957 441:
1093 1918 1155 1948 hac
1179 1917 1244 1948 cod.
1400 1929 1419 1958 3
1444 1920 1535 1959 cupi-

203 1960 312 1999 doque
329 1959 418 1991 codd.
435 1960 539 1991 Nom'i
551 1971 624 2001 421,
645 1961 739 1992 schol.
762 1961 852 2001 Verg.
865 1962 912 1992 A.
925 1973 955 2001 4y
973 1971 1031 2000 194
1047 1974 1055 2001 3
1080 1962 1200 2001 cupido
1211 1961 1276 1992 cod.
1368 1963 1534 2001 imperant

202 2002 341 2041 Pylades
428 2005 547 2034 suadet
571 2004 628 2043 31,
655 2005 750 2036 schol.
781 2004 874 2045 Verg.
1009 2006 1030 2034 6
1054 2006 1221 2044 imperant
1245 2005 1310 2036 cod.
1341 2005 1429 2036 Festi
1447 2017 1534 2046 314:

202 2046 344 2084 imperat
369 2047 435 2079 cod.
575 2058 614 2078 10
638 2049 743 2089 egon]
770 2058 834 2087 ego
858 2059 934 2078 nam
956 2048 1046 2079 codd.
1070 2047 1236 2080 Prisciani
1257 2060 1284 2089 1,
1308 2060 1365 2089 107
1457 2060 1532 2081 con-

201 2093 336 2128 gestum
358 2100 460 2129 opera
481 2090 585 2121 Bothe
721 2102 754 2121 11
783 2092 951 2122 melliculo
976 2092 1040 2123 cod.
1071 2092 1124 2133 (cf
1154 2092 1226 2124 Cas.
1251 2094 1312 2132 837
1330 2093 1533 2124 melliculum

197 2138 260 2172 pro
276 2133 454 2164 melculum
470 2134 514 2173 P)
608 2145 656 2170 12.
675 2145 713 2173 13
737 2135 764 2165 si
778 2159 785 2166 .
802 2159 810 2166 .
826 2159 833 2166 .
854 2136 941 2166 scias
956 2134 1120 2166 Palinuro
1136 2137 1305 2167 continuat
1319 2137 1398 2176 cod„
1415 2141 1452 2167 ut
1467 2137 1529 2167 vid.

207 2186 244 2215 13
267 2177 295 2206 si
312 2175 420 2218 (ego)
436 2177 595 2209 Bossclzer
611 2178 668 2208 ‘de
686 2178 794 2209 Cnrc.'
814 2190 834 2217 4
1004 2180 1108 2217 15—16
1133 2179 1222 2210 Huic
1239 2205 1246 2211 .
1265 2205 1273 2211 .
1294 2185 1346 2210 est
1362 2181 1445 2211 ocul.
1466 2185 1529 2211 ost.

201 2219 342 2250 Amicae
357 2221 410 2259 (ex
425 2221 507 2252 Fest.
526 2222 601 2262 178)
619 2219 704 2264 (ΡΑ,
725 2222 806 2252 mihi
820 2222 954 2252 uidetur
969 2221 1117 2265 ocolus.)
1134 2222 1199 2254 PH.
1220 2223 1341 2254 Salue.
1359 2248 1366 2254 .
1381 2222 1533 2266 (usque)

203 2262 289 2293 ocul.
309 2268 372 2295 ost.
394 2263 489 2294 Goetz
623 2274 661 2303 15
685 2265 840 2295 ostiumst
863 2265 1058 2297 Fleckeisen:
1098 2267 1221 2297 ostium
1246 2267 1312 2298 cod.
1413 2267 1531 2297 oculis—

203 2307 322 2336 simum
347 2307 463 2337 Festus
488 2309 548 2346 178
573 2309 622 2347 (cf.
642 2308 774 2338 Paulus
796 2308 932 2345 Dictum
957 2309 1224 2340 occlusissimum
1247 2310 1313 2341 cod.
1341 2309 1394 2350 (ex
1416 2321 1445 2341 v.
1476 2311 1529 2350 16)

204 2360 246 2379 22
260 2360 401 2388 cumque
408 2351 546 2389 Pylades
555 2352 738 2392 ‚cuihiatus
750 2362 850 2392 quom
862 2352 866 2394 Ι
880 2353 935 2383 illa
949 2353 1100 2393 displzket:
1115 2364 1159 2384 an
1171 2359 1204 2384 et
1215 2356 1333 2394 quom?
1349 2356 1466 2394 (praec.
1481 2353 1529 2394 et)
