1742 2718
469 515 946 565 PROLOGVS

530 651 875 687 MERCVRIVS

154 740 237 777 ME.
270 740 333 776 VT
362 751 433 776 uos
463 736 501 774 in
533 735 673 774 uostris
704 735 820 773 uoltis
852 733 1115 772 mercimoniis

153 803 335 842 emundis
365 801 670 850 uendundisque
699 814 764 838 me
792 801 937 838 laetum
967 798 1082 837 lucris

153 870 321 907 adficere
349 875 467 917 atque
496 855 682 904 adiuuare
712 865 751 902 in
781 865 896 902 rebus
927 864 1122 910 omnibus,

154 941 192 972 et
221 941 263 971 ut
292 946 352 971 res
380 932 629 980 rationesque
659 938 880 968 nostrorum
911 930 1087 968 omnium

117 1011 132 1047 5
155 998 257 1036 bene
282 997 465 1047 expedire
494 996 610 1034 uoltis
640 996 869 1047 peregrique
898 1004 936 1035 et
965 996 1085 1039 domi,

154 1065 341 1114 bonoque
369 1070 488 1112 atque
516 1063 650 1111 amplo
679 1068 835 1099 auctare
864 1067 1054 1110 perpetuo
1084 1061 1192 1096 luero

154 1142 332 1180 quasque
360 1127 560 1177 incepistis
590 1141 649 1165 res
679 1139 856 1176 quasque
885 1124 1144 1175 inceptabitis,

155 1203 193 1233 et
222 1193 278 1233 uti
307 1193 423 1232 bonis
452 1206 524 1231 uos
554 1200 789 1241 nostrosque
818 1190 947 1229 omnis
977 1189 1124 1228 nuntiis

156 1274 220 1299 me
247 1260 416 1298 adficere
445 1257 573 1304 uoltis,
605 1271 652 1295 ea
679 1256 865 1302 adferam,
896 1269 943 1293 ea
971 1262 1013 1292 ut
1042 1253 1219 1292 nuntiem

96 1342 138 1367 10
156 1338 258 1375 quae
287 1337 470 1362 maxume
498 1323 538 1360 in
567 1336 649 1360 rem
679 1328 853 1360 nostram
882 1332 1136 1358 communem
1167 1318 1267 1356 sient

156 1391 265 1441 (nam
295 1403 367 1428 uos
396 1388 558 1438 quidem
588 1387 629 1425 id
657 1385 735 1424 iam
765 1385 871 1424 scitis
900 1397 1132 1422 concessum
1163 1390 1201 1421 et
1230 1384 1365 1420 datum

156 1455 210 1493 mi
238 1468 324 1494 esse
351 1454 403 1494 ab
432 1453 493 1492 dis
521 1452 617 1499 aliis,
651 1451 797 1489 nuntiis
827 1449 994 1500 praesim
1025 1456 1063 1487 et
1092 1447 1242 1498 lucro):

157 1522 254 1559 haec
283 1528 326 1559 ut
354 1534 417 1558 me
447 1518 563 1558 uoltis
592 1518 822 1568 adprobare,
853 1515 1020 1554 adnitier

158 1588 309 1624 lucrum
339 1592 381 1623 ut
409 1598 582 1635 perenne
611 1583 726 1622 uobis
756 1595 910 1631 semper
939 1587 1130 1630 suppetat,

100 1663 138 1699 15
158 1650 212 1689 ita
239 1650 331 1689 huic
360 1649 509 1688 facietis
538 1649 694 1686 fabulae
723 1646 921 1686 silentium

158 1716 289 1766 itaque
318 1715 433 1765 aequi
462 1722 501 1753 et
529 1713 620 1752 iusti
648 1713 713 1751 hic
742 1712 846 1751 eritis
876 1724 1014 1750 omnes
1043 1708 1185 1748 arbitri.

213 1784 332 1820 Nunc
361 1781 517 1832 quoiius
545 1780 653 1819 iussu
683 1779 802 1818 uenio
831 1785 869 1817 et
898 1777 1017 1827 quam
1047 1776 1099 1814 ob
1129 1789 1209 1814 rem
1240 1771 1413 1812 uenerim

160 1846 290 1885 dicam
319 1846 514 1895 simulque
543 1845 627 1895 ipse
657 1846 819 1894 eloquar
849 1856 994 1880 nomen
1025 1854 1168 1878 meum.

162 1912 261 1952 Ioui'
291 1912 398 1951 iussu
428 1911 569 1950 uenio:
601 1924 747 1949 nomen
780 1907 1015 1947 Mercuriost
1045 1905 1165 1943 mihi:

99 1995 145 2020 20
162 1986 271 2029 pater
298 1979 377 2016 hue
406 1991 470 2015 me
499 1975 603 2015 misit
632 1977 682 2014 ad
712 1989 784 2013 uos
815 1981 967 2012 oratum
998 1985 1135 2018 meus3

162 2051 242 2082 tam
271 2043 343 2082 etsi
371 2056 443 2093 pro
471 2041 636 2092 imperio
665 2040 780 2079 uobis
810 2039 918 2089 quod
947 2037 1097 2076 dictum
1127 2037 1224 2074 foret

163 2108 287 2147 scibat
316 2109 497 2154 facturos,
529 2106 675 2156 quippe
705 2104 772 2155 qui
803 2103 1042 2142 intellexerat

162 2172 287 2212 uereri
315 2186 388 2211 uos
416 2186 458 2211 se
487 2179 525 2211 et
555 2178 739 2217 metuere,
768 2169 822 2207 ita
849 2176 892 2206 ut
920 2180 1089 2216 aequom
1120 2173 1178 2204 est
1209 2166 1372 2209 Iouem;

163 2252 301 2277 uerum
330 2239 506 2288 profecto
535 2238 612 2275 hoc
642 2243 774 2285 petere
803 2247 866 2271 me
895 2230 1070 2282 precario

103 2316 144 2352 25
165 2317 189 2341 a
216 2302 331 2341 uobis
359 2301 470 2340 iussit
498 2301 637 2340 leniter
666 2298 781 2338 dictis
811 2296 936 2336 bonis.

166 2367 312 2407 etenim
341 2367 406 2406 ille
435 2366 578 2417 quoius
607 2367 686 2403 huc
715 2364 823 2402 iussu
853 2361 982 2408 uenio,
1016 2360 1193 2410 Iuppiter

200 2478 219 2507 5
243 2469 274 2499 b.
294 2479 346 2499 me
359 2478 435 2508 exp.
451 2467 597 2502 Loman,
618 2467 684 2498 Leo
736 2477 757 2505 9
782 2466 889 2496 feram
906 2464 1049 2500 Loman,
1069 2462 1123 2493 cui
1135 2465 1175 2492 ea
1191 2461 1339 2492 adseram
1357 2457 1493 2499 dt'splt'cct

167 2514 214 2545 uti
231 2513 300 2544 edd.
456 2523 494 2551 19
519 2511 688 2542 Mercurio
707 2514 758 2541 est
774 2509 848 2539 Ital.
866 2519 873 2538 :
899 2506 1100 2538 mercuriest
1116 2504 1184 2536 cod.

1506 1332 1543 1353 10
