<?xml version="1.0" encoding="UTF-8"?>
<!DOCTYPE html PUBLIC "-//W3C//DTD XHTML 1.0 Transitional//EN"
    "http://www.w3.org/TR/xhtml1/DTD/xhtml1-transitional.dtd">
<html xmlns="http://www.w3.org/1999/xhtml" xml:lang="en" lang="en">
 <head>
  <title>
</title>
<meta http-equiv="Content-Type" content="text/html;charset=utf-8" />
  <meta name='ocr-system' content='tesseract 3.04.00' />
  <meta name='ocr-capabilities' content='ocr_page ocr_carea ocr_par ocr_line ocrx_word'/>
</head>
<body>
  <div class='ocr_page' id='page_1' title='image "./tmacciplauticomo01plauuoft_0405.png"; bbox 0 0 1742 2718; ppageno 0'>
   <div class='ocr_carea' id='block_1_1' title="bbox 676 55 1512 100">
    <p class='ocr_par' dir='ltr' id='par_1_1' title="bbox 676 55 1512 100">
     <span class='ocr_line' id='line_1_1' title="bbox 676 55 1512 100; baseline -0.011 0"><span class='ocrx_word' id='word_1_1' title='bbox 676 60 937 100; x_wconf 90' lang='lat' dir='ltr'>EPIDICVS</span> <span class='ocrx_word' id='word_1_2' title='bbox 1394 56 1461 93; x_wconf 85' lang='lat' dir='ltr'>IV.</span> <span class='ocrx_word' id='word_1_3' title='bbox 1483 55 1512 91; x_wconf 78' lang='lat' dir='ltr'>ii</span> 
     </span>
    </p>
   </div>
   <div class='ocr_carea' id='block_1_2' title="bbox 59 169 1536 853">
    <p class='ocr_par' dir='ltr' id='par_1_2' title="bbox 59 169 1536 853">
     <span class='ocr_line' id='line_1_2' title="bbox 59 169 1470 228; baseline -0.011 -10"><span class='ocrx_word' id='word_1_4' title='bbox 59 183 127 228; x_wconf 83' lang='lat'>580</span> <span class='ocrx_word' id='word_1_5' title='bbox 144 177 194 217; x_wconf 77' lang='lat' dir='ltr'>ne</span> <span class='ocrx_word' id='word_1_6' title='bbox 214 190 287 227; x_wconf 85' lang='lat' dir='ltr'>ego</span> <span class='ocrx_word' id='word_1_7' title='bbox 309 190 371 215; x_wconf 89' lang='lat' dir='ltr'>me</span> <span class='ocrx_word' id='word_1_8' title='bbox 398 188 498 225; x_wconf 84' lang='lat' dir='ltr'>nego</span> <span class='ocrx_word' id='word_1_9' title='bbox 519 186 634 213; x_wconf 89' lang='lat' dir='ltr'>nosse</span> <span class='ocrx_word' id='word_1_10' title='bbox 655 174 758 211; x_wconf 84' lang='lat' dir='ltr'>hanc</span> <span class='ocrx_word' id='word_1_11' title='bbox 780 185 880 222; x_wconf 86' lang='lat' dir='ltr'>quae</span> <span class='ocrx_word' id='word_1_12' title='bbox 901 170 959 209; x_wconf 87' lang='lat' dir='ltr'>sit.</span> <span class='ocrx_word' id='word_1_13' title='bbox 1022 171 1088 208; x_wconf 79' lang='lat' dir='ltr'>PE.</span> <span class='ocrx_word' id='word_1_14' title='bbox 1122 182 1191 220; x_wconf 91' lang='lat' dir='ltr'>pro</span> <span class='ocrx_word' id='word_1_15' title='bbox 1213 169 1331 206; x_wconf 86' lang='lat' dir='ltr'>deum</span> <span class='ocrx_word' id='word_1_16' title='bbox 1352 173 1470 216; x_wconf 87' lang='lat' dir='ltr'>atque</span> 
     </span>
     <span class='ocr_line' id='line_1_3' title="bbox 1099 233 1473 272; baseline -0.011 0"><span class='ocrx_word' id='word_1_17' title='bbox 1099 233 1305 272; x_wconf 88' lang='lat' dir='ltr'>hominum</span> <span class='ocrx_word' id='word_1_18' title='bbox 1329 233 1448 270; x_wconf 83' lang='lat' dir='ltr'>fidem</span> <span class='ocrx_word' id='word_1_19' title='bbox 1467 234 1473 268; x_wconf 88' lang='lat'>!</span> 
     </span>
     <span class='ocr_line' id='line_1_4' title="bbox 146 296 1331 358; baseline -0.01 -12"><span class='ocrx_word' id='word_1_20' title='bbox 146 307 271 358; x_wconf 82' lang='lat' dir='ltr'>quid?</span> <span class='ocrx_word' id='word_1_21' title='bbox 303 319 375 356; x_wconf 86' lang='lat' dir='ltr'>ego</span> <span class='ocrx_word' id='word_1_22' title='bbox 395 303 635 343; x_wconf 83' lang='lat' dir='ltr'>lenocinium</span> <span class='ocrx_word' id='word_1_23' title='bbox 656 302 758 341; x_wconf 78' lang='lat' dir='ltr'>facio</span> <span class='ocrx_word' id='word_1_24' title='bbox 779 303 846 351; x_wconf 74' lang='lat' dir='ltr'>qui</span> <span class='ocrx_word' id='word_1_25' title='bbox 866 301 1033 339; x_wconf 86' lang='lat' dir='ltr'>habeam</span> <span class='ocrx_word' id='word_1_26' title='bbox 1056 298 1202 337; x_wconf 84' lang='lat' dir='ltr'>alienas</span> <span class='ocrx_word' id='word_1_27' title='bbox 1223 296 1331 336; x_wconf 90' lang='lat' dir='ltr'>domi</span> 
     </span>
     <span class='ocr_line' id='line_1_5' title="bbox 145 362 1475 422; baseline -0.011 -11"><span class='ocrx_word' id='word_1_28' title='bbox 145 380 264 422; x_wconf 86' lang='lat' dir='ltr'>atque</span> <span class='ocrx_word' id='word_1_29' title='bbox 297 377 501 420; x_wconf 84' lang='lat' dir='ltr'>argentum</span> <span class='ocrx_word' id='word_1_30' title='bbox 535 367 748 419; x_wconf 83' lang='lat' dir='ltr'>egurgitem</span> <span class='ocrx_word' id='word_1_31' title='bbox 781 367 903 404; x_wconf 90' lang='lat' dir='ltr'>domo</span> <span class='ocrx_word' id='word_1_32' title='bbox 935 365 1102 415; x_wconf 71' lang='lat' dir='ltr'>prdsus?</span> <span class='ocrx_word' id='word_1_33' title='bbox 1159 362 1254 412; x_wconf 86' lang='lat' dir='ltr'>quid</span> <span class='ocrx_word' id='word_1_34' title='bbox 1286 368 1339 408; x_wconf 85' lang='lat' dir='ltr'>tu,</span> <span class='ocrx_word' id='word_1_35' title='bbox 1375 373 1475 410; x_wconf 87' lang='lat' dir='ltr'>quae</span> 
     </span>
     <span class='ocr_line' id='line_1_6' title="bbox 1325 432 1475 476; baseline -0.007 -13"><span class='ocrx_word' id='word_1_36' title='bbox 1325 432 1475 476; x_wconf 88' lang='lat' dir='ltr'>patrem</span> 
     </span>
     <span class='ocr_line' id='line_1_7' title="bbox 147 490 1477 549; baseline -0.011 -8"><span class='ocrx_word' id='word_1_37' title='bbox 147 511 257 541; x_wconf 89' lang='lat' dir='ltr'>tuom</span> <span class='ocrx_word' id='word_1_38' title='bbox 271 513 390 540; x_wconf 89' lang='lat' dir='ltr'>uocas</span> <span class='ocrx_word' id='word_1_39' title='bbox 404 513 467 538; x_wconf 90' lang='lat' dir='ltr'>me</span> <span class='ocrx_word' id='word_1_40' title='bbox 480 507 598 549; x_wconf 87' lang='lat' dir='ltr'>atque</span> <span class='ocrx_word' id='word_1_41' title='bbox 615 499 804 543; x_wconf 77' lang='lat' dir='ltr'>osculare,</span> <span class='ocrx_word' id='word_1_42' title='bbox 820 496 916 546; x_wconf 83' lang='lat' dir='ltr'>quid</span> <span class='ocrx_word' id='word_1_43' title='bbox 932 503 1008 532; x_wconf 88' lang='lat' dir='ltr'>stas</span> <span class='ocrx_word' id='word_1_44' title='bbox 1023 493 1179 543; x_wconf 83' lang='lat' dir='ltr'>stupida</span> <span class='ocrx_word' id='word_1_45' title='bbox 1194 494 1210 530; x_wconf 89' lang='lat'>?</span> <span class='ocrx_word' id='word_1_46' title='bbox 1231 491 1326 541; x_wconf 89' lang='lat' dir='ltr'>quid</span> <span class='ocrx_word' id='word_1_47' title='bbox 1343 490 1477 528; x_wconf 83' lang='lat' dir='ltr'>taces?</span> 
     </span>
     <span class='ocr_line' id='line_1_8' title="bbox 148 562 1536 616; baseline -0.011 -11"><span class='ocrx_word' id='word_1_48' title='bbox 148 570 220 605; x_wconf 85' lang='lat' dir='ltr'>Ac.</span> <span class='ocrx_word' id='word_1_49' title='bbox 252 566 347 616; x_wconf 87' lang='lat' dir='ltr'>quid</span> <span class='ocrx_word' id='word_1_50' title='bbox 368 566 504 614; x_wconf 88' lang='lat' dir='ltr'>loquar</span> <span class='ocrx_word' id='word_1_51' title='bbox 524 562 613 601; x_wconf 88' lang='lat' dir='ltr'>uis?</span> <span class='ocrx_word' id='word_1_52' title='bbox 642 564 711 600; x_wconf 77' lang='lat' dir='ltr'>PE.</span> <span class='ocrx_word' id='word_1_53' title='bbox 743 563 840 599; x_wconf 88' lang='lat' dir='ltr'>haec</span> <span class='ocrx_word' id='word_1_54' title='bbox 862 567 976 609; x_wconf 79' lang='lat' dir='ltr'>negat</span> <span class='ocrx_word' id='word_1_55' title='bbox 1004 572 1045 597; x_wconf 90' lang='lat' dir='ltr'>se</span> <span class='ocrx_word' id='word_1_56' title='bbox 1067 565 1173 596; x_wconf 89' lang='lat' dir='ltr'>tuam</span> <span class='ocrx_word' id='word_1_57' title='bbox 1194 569 1278 595; x_wconf 90' lang='lat' dir='ltr'>esse</span> <span class='ocrx_word' id='word_1_58' title='bbox 1300 562 1473 593; x_wconf 82' lang='lat' dir='ltr'>matrem.</span> <span class='ocrx_word' id='word_1_59' title='bbox 1499 566 1536 597; x_wconf 90' lang='lat'>15</span> 
     </span>
     <span class='ocr_line' id='line_1_9' title="bbox 1218 621 1477 660; baseline -0.012 0"><span class='ocrx_word' id='word_1_60' title='bbox 1218 624 1291 660; x_wconf 90' lang='lat' dir='ltr'>Ac.</span> <span class='ocrx_word' id='word_1_61' title='bbox 1323 634 1373 658; x_wconf 89' lang='lat' dir='ltr'>ne</span> <span class='ocrx_word' id='word_1_62' title='bbox 1397 621 1477 657; x_wconf 84' lang='lat' dir='ltr'>fuat</span> 
     </span>
     <span class='ocr_line' id='line_1_10' title="bbox 64 685 1371 748; baseline -0.01 -12"><span class='ocrx_word' id='word_1_63' title='bbox 64 703 128 748; x_wconf 82' lang='lat'>585</span> <span class='ocrx_word' id='word_1_64' title='bbox 150 696 181 735; x_wconf 88' lang='lat' dir='ltr'>si</span> <span class='ocrx_word' id='word_1_65' title='bbox 201 709 281 734; x_wconf 90' lang='lat' dir='ltr'>non</span> <span class='ocrx_word' id='word_1_66' title='bbox 302 696 407 733; x_wconf 89' lang='lat' dir='ltr'>uolt:</span> <span class='ocrx_word' id='word_1_67' title='bbox 437 693 621 744; x_wconf 79' lang='lat' dir='ltr'>equidem</span> <span class='ocrx_word' id='word_1_68' title='bbox 643 693 716 730; x_wconf 88' lang='lat' dir='ltr'>hac</span> <span class='ocrx_word' id='word_1_69' title='bbox 736 691 859 729; x_wconf 90' lang='lat' dir='ltr'>inuita</span> <span class='ocrx_word' id='word_1_70' title='bbox 878 698 1011 728; x_wconf 87' lang='lat' dir='ltr'>tamen</span> <span class='ocrx_word' id='word_1_71' title='bbox 1032 701 1097 727; x_wconf 89' lang='lat' dir='ltr'>ero</span> <span class='ocrx_word' id='word_1_72' title='bbox 1119 687 1249 725; x_wconf 74' lang='lat' dir='ltr'>matris</span> <span class='ocrx_word' id='word_1_73' title='bbox 1270 685 1371 733; x_wconf 83' lang='lat' dir='ltr'>filia3</span> 
     </span>
     <span class='ocr_line' id='line_1_11' title="bbox 150 749 1479 808; baseline -0.01 -8"><span class='ocrx_word' id='word_1_74' title='bbox 150 774 231 800; x_wconf 92' lang='lat' dir='ltr'>non</span> <span class='ocrx_word' id='word_1_75' title='bbox 260 761 352 800; x_wconf 87' lang='lat' dir='ltr'>med</span> <span class='ocrx_word' id='word_1_76' title='bbox 382 759 505 798; x_wconf 79' lang='lat' dir='ltr'>istanc</span> <span class='ocrx_word' id='word_1_77' title='bbox 535 771 674 808; x_wconf 88' lang='lat' dir='ltr'>cogere</span> <span class='ocrx_word' id='word_1_78' title='bbox 695 769 866 806; x_wconf 86' lang='lat' dir='ltr'>aequom</span> <span class='ocrx_word' id='word_1_79' title='bbox 894 762 951 794; x_wconf 87' lang='lat' dir='ltr'>est</span> <span class='ocrx_word' id='word_1_80' title='bbox 981 767 1107 793; x_wconf 87' lang='lat' dir='ltr'>meam</span> <span class='ocrx_word' id='word_1_81' title='bbox 1140 766 1224 792; x_wconf 88' lang='lat' dir='ltr'>esse</span> <span class='ocrx_word' id='word_1_82' title='bbox 1255 758 1417 789; x_wconf 88' lang='lat' dir='ltr'>matrem</span> <span class='ocrx_word' id='word_1_83' title='bbox 1448 749 1479 787; x_wconf 89' lang='lat' dir='ltr'>si</span> 
     </span>
     <span class='ocr_line' id='line_1_12' title="bbox 573 815 1478 853; baseline -0.01 8"><span class='ocrx_word' id='word_1_84' title='bbox 573 825 577 827; x_wconf 68' lang='grc'>’</span> <span class='ocrx_word' id='word_1_85' title='bbox 1332 815 1478 853; x_wconf 91' lang='lat' dir='ltr'>neuolt.</span> 
     </span>
    </p>
   </div>
   <div class='ocr_carea' id='block_1_3' title="bbox 71 881 1545 1914">
    <p class='ocr_par' dir='ltr' id='par_1_3' title="bbox 71 881 1545 1914">
     <span class='ocr_line' id='line_1_13' title="bbox 153 881 1480 941; baseline -0.01 -11"><span class='ocrx_word' id='word_1_86' title='bbox 153 894 222 930; x_wconf 85' lang='lat' dir='ltr'>PE.</span> <span class='ocrx_word' id='word_1_87' title='bbox 254 904 327 941; x_wconf 89' lang='lat' dir='ltr'>qur</span> <span class='ocrx_word' id='word_1_88' title='bbox 347 903 410 928; x_wconf 91' lang='lat' dir='ltr'>me</span> <span class='ocrx_word' id='word_1_89' title='bbox 430 888 544 939; x_wconf 85' lang='lat' dir='ltr'>igitur</span> <span class='ocrx_word' id='word_1_90' title='bbox 563 896 714 938; x_wconf 88' lang='lat' dir='ltr'>patrem</span> <span class='ocrx_word' id='word_1_91' title='bbox 734 885 936 925; x_wconf 80' lang='lat' dir='ltr'>uocabas?</span> <span class='ocrx_word' id='word_1_92' title='bbox 988 886 1059 922; x_wconf 89' lang='lat' dir='ltr'>Ac.</span> <span class='ocrx_word' id='word_1_93' title='bbox 1090 890 1157 921; x_wconf 89' lang='lat' dir='ltr'>tua</span> <span class='ocrx_word' id='word_1_94' title='bbox 1176 881 1296 920; x_wconf 80' lang='lat' dir='ltr'>istaec</span> <span class='ocrx_word' id='word_1_95' title='bbox 1316 881 1480 930; x_wconf 86' lang='lat' dir='ltr'>culpast‚</span> 
     </span>
     <span class='ocr_line' id='line_1_14' title="bbox 1281 958 1479 985; baseline -0.015 0"><span class='ocrx_word' id='word_1_96' title='bbox 1281 959 1361 985; x_wconf 90' lang='lat' dir='ltr'>non</span> <span class='ocrx_word' id='word_1_97' title='bbox 1382 958 1479 983; x_wconf 85' lang='lat' dir='ltr'>mea.</span> 
     </span>
     <span class='ocr_line' id='line_1_15' title="bbox 154 1010 1483 1072; baseline -0.01 -12"><span class='ocrx_word' id='word_1_98' title='bbox 154 1035 235 1060; x_wconf 92' lang='lat' dir='ltr'>non</span> <span class='ocrx_word' id='word_1_99' title='bbox 255 1028 404 1072; x_wconf 85' lang='lat' dir='ltr'>patrem</span> <span class='ocrx_word' id='word_1_100' title='bbox 426 1032 498 1069; x_wconf 82' lang='lat' dir='ltr'>ego</span> <span class='ocrx_word' id='word_1_101' title='bbox 514 1027 552 1057; x_wconf 94' lang='lat' dir='ltr'>te</span> <span class='ocrx_word' id='word_1_102' title='bbox 568 1018 782 1062; x_wconf 86' lang='lat' dir='ltr'>nominem,</span> <span class='ocrx_word' id='word_1_103' title='bbox 799 1016 867 1055; x_wconf 88' lang='lat' dir='ltr'>ubi</span> <span class='ocrx_word' id='word_1_104' title='bbox 883 1023 924 1054; x_wconf 89' lang='lat' dir='ltr'>tu</span> <span class='ocrx_word' id='word_1_105' title='bbox 942 1023 1049 1053; x_wconf 88' lang='lat' dir='ltr'>tuam</span> <span class='ocrx_word' id='word_1_106' title='bbox 1066 1027 1129 1052; x_wconf 89' lang='lat' dir='ltr'>me</span> <span class='ocrx_word' id='word_1_107' title='bbox 1144 1013 1318 1063; x_wconf 80' lang='lat' dir='ltr'>appelles</span> <span class='ocrx_word' id='word_1_108' title='bbox 1334 1010 1483 1048; x_wconf 86' lang='lat' dir='ltr'>filiam?</span> 
     </span>
     <span class='ocr_line' id='line_1_16' title="bbox 155 1080 1545 1136; baseline -0.01 -11"><span class='ocrx_word' id='word_1_109' title='bbox 155 1089 257 1125; x_wconf 91' lang='lat' dir='ltr'>hanc</span> <span class='ocrx_word' id='word_1_110' title='bbox 278 1098 437 1136; x_wconf 87' lang='lat' dir='ltr'>quoque</span> <span class='ocrx_word' id='word_1_111' title='bbox 457 1084 589 1132; x_wconf 89' lang='lat' dir='ltr'>etiam,</span> <span class='ocrx_word' id='word_1_112' title='bbox 609 1083 641 1122; x_wconf 88' lang='lat' dir='ltr'>si</span> <span class='ocrx_word' id='word_1_113' title='bbox 661 1096 725 1121; x_wconf 89' lang='lat' dir='ltr'>me</span> <span class='ocrx_word' id='word_1_114' title='bbox 744 1083 915 1132; x_wconf 89' lang='lat' dir='ltr'>appellet</span> <span class='ocrx_word' id='word_1_115' title='bbox 936 1080 1067 1126; x_wconf 89' lang='lat' dir='ltr'>filiam,</span> <span class='ocrx_word' id='word_1_116' title='bbox 1090 1086 1253 1116; x_wconf 87' lang='lat' dir='ltr'>matrem</span> <span class='ocrx_word' id='word_1_117' title='bbox 1275 1089 1426 1115; x_wconf 90' lang='lat' dir='ltr'>uocem.</span> <span class='ocrx_word' id='word_1_118' title='bbox 1505 1089 1545 1110; x_wconf 92' lang='lat'>20</span> 
     </span>
     <span class='ocr_line' id='line_1_17' title="bbox 71 1145 1484 1204; baseline -0.009 -13"><span class='ocrx_word' id='word_1_119' title='bbox 71 1167 138 1204; x_wconf 82' lang='lat'>590</span> <span class='ocrx_word' id='word_1_120' title='bbox 155 1159 270 1202; x_wconf 87' lang='lat' dir='ltr'>negat</span> <span class='ocrx_word' id='word_1_121' title='bbox 290 1152 388 1189; x_wconf 87' lang='lat' dir='ltr'>haec</span> <span class='ocrx_word' id='word_1_122' title='bbox 408 1149 527 1188; x_wconf 87' lang='lat' dir='ltr'>filiam</span> <span class='ocrx_word' id='word_1_123' title='bbox 549 1162 613 1187; x_wconf 91' lang='lat' dir='ltr'>me</span> <span class='ocrx_word' id='word_1_124' title='bbox 634 1161 746 1187; x_wconf 83' lang='lat' dir='ltr'>suam</span> <span class='ocrx_word' id='word_1_125' title='bbox 767 1160 852 1185; x_wconf 88' lang='lat' dir='ltr'>esse</span> <span class='ocrx_word' id='word_1_126' title='bbox 872 1163 878 1185; x_wconf 92' lang='lat'><strong>:</strong></span> <span class='ocrx_word' id='word_1_127' title='bbox 915 1158 995 1184; x_wconf 93' lang='lat' dir='ltr'>non</span> <span class='ocrx_word' id='word_1_128' title='bbox 1021 1157 1112 1195; x_wconf 86' lang='lat' dir='ltr'>ergo</span> <span class='ocrx_word' id='word_1_129' title='bbox 1132 1145 1230 1181; x_wconf 88' lang='lat' dir='ltr'>haec</span> <span class='ocrx_word' id='word_1_130' title='bbox 1250 1149 1373 1180; x_wconf 89' lang='lat' dir='ltr'>mater</span> <span class='ocrx_word' id='word_1_131' title='bbox 1397 1154 1484 1179; x_wconf 89' lang='lat' dir='ltr'>mea</span> 
     </span>
     <span class='ocr_line' id='line_1_18' title="bbox 1414 1212 1482 1243; baseline 0 0"><span class='ocrx_word' id='word_1_132' title='bbox 1414 1212 1482 1243; x_wconf 88' lang='lat' dir='ltr'>est.</span> 
     </span>
     <span class='ocr_line' id='line_1_19' title="bbox 155 1269 1488 1332; baseline -0.01 -12"><span class='ocrx_word' id='word_1_133' title='bbox 155 1289 355 1332; x_wconf 92' lang='lat' dir='ltr'>postremo</span> <span class='ocrx_word' id='word_1_134' title='bbox 375 1282 473 1319; x_wconf 92' lang='lat' dir='ltr'>haec</span> <span class='ocrx_word' id='word_1_135' title='bbox 494 1293 580 1318; x_wconf 83' lang='lat' dir='ltr'>mea</span> <span class='ocrx_word' id='word_1_136' title='bbox 602 1280 717 1329; x_wconf 89' lang='lat' dir='ltr'>culpa</span> <span class='ocrx_word' id='word_1_137' title='bbox 736 1291 817 1316; x_wconf 89' lang='lat' dir='ltr'>non</span> <span class='ocrx_word' id='word_1_138' title='bbox 848 1284 906 1314; x_wconf 90' lang='lat' dir='ltr'>est</span> <span class='ocrx_word' id='word_1_139' title='bbox 923 1293 929 1314; x_wconf 92' lang='lat'>:</span> <span class='ocrx_word' id='word_1_140' title='bbox 969 1288 1070 1325; x_wconf 87' lang='lat' dir='ltr'>quae</span> <span class='ocrx_word' id='word_1_141' title='bbox 1090 1272 1211 1313; x_wconf 88' lang='lat' dir='ltr'>didici</span> <span class='ocrx_word' id='word_1_142' title='bbox 1231 1272 1311 1311; x_wconf 83' lang='lat' dir='ltr'>dixi</span> <span class='ocrx_word' id='word_1_143' title='bbox 1330 1269 1488 1318; x_wconf 85' lang='lat' dir='ltr'>omnia;</span> 
     </span>
     <span class='ocr_line' id='line_1_20' title="bbox 157 1335 1462 1397; baseline -0.008 -12"><span class='ocrx_word' id='word_1_144' title='bbox 157 1346 346 1397; x_wconf 88' lang='lat' dir='ltr'>Epidicus</span> <span class='ocrx_word' id='word_1_145' title='bbox 367 1345 463 1383; x_wconf 87' lang='lat' dir='ltr'>mihi</span> <span class='ocrx_word' id='word_1_146' title='bbox 483 1344 555 1383; x_wconf 82' lang='lat' dir='ltr'>fuit</span> <span class='ocrx_word' id='word_1_147' title='bbox 574 1343 766 1394; x_wconf 85' lang='lat' dir='ltr'>magister.</span> <span class='ocrx_word' id='word_1_148' title='bbox 818 1344 886 1380; x_wconf 64' lang='lat' dir='ltr'>PE„</span> <span class='ocrx_word' id='word_1_149' title='bbox 919 1340 1015 1392; x_wconf 87' lang='lat' dir='ltr'>perii</span> <span class='ocrx_word' id='word_1_150' title='bbox 1032 1343 1038 1378; x_wconf 71' lang='grc' dir='ltr'>ἕ</span> <span class='ocrx_word' id='word_1_151' title='bbox 1069 1341 1284 1390; x_wconf 81' lang='lat' dir='ltr'>plaustrum</span> <span class='ocrx_word' id='word_1_152' title='bbox 1304 1335 1462 1388; x_wconf 89' lang='lat' dir='ltr'>perculi.</span> 
     </span>
     <span class='ocr_line' id='line_1_21' title="bbox 155 1403 1488 1461; baseline -0.01 -10"><span class='ocrx_word' id='word_1_153' title='bbox 155 1414 228 1451; x_wconf 85' lang='lat' dir='ltr'>Ac.</span> <span class='ocrx_word' id='word_1_154' title='bbox 260 1410 454 1461; x_wconf 84' lang='lat' dir='ltr'>numquid</span> <span class='ocrx_word' id='word_1_155' title='bbox 474 1423 546 1460; x_wconf 86' lang='lat' dir='ltr'>ego</span> <span class='ocrx_word' id='word_1_156' title='bbox 567 1409 632 1457; x_wconf 89' lang='lat' dir='ltr'>ibi,</span> <span class='ocrx_word' id='word_1_157' title='bbox 651 1416 769 1459; x_wconf 90' lang='lat' dir='ltr'>pater,</span> <span class='ocrx_word' id='word_1_158' title='bbox 794 1406 989 1458; x_wconf 90' lang='lat' dir='ltr'>peccaui?</span> <span class='ocrx_word' id='word_1_159' title='bbox 1045 1406 1113 1442; x_wconf 82' lang='lat' dir='ltr'>PE.</span> <span class='ocrx_word' id='word_1_160' title='bbox 1147 1403 1178 1442; x_wconf 80' lang='lat' dir='ltr'>si</span> <span class='ocrx_word' id='word_1_161' title='bbox 1199 1403 1328 1441; x_wconf 88' lang='lat' dir='ltr'>hercle</span> <span class='ocrx_word' id='word_1_162' title='bbox 1348 1409 1386 1440; x_wconf 91' lang='lat' dir='ltr'>te</span> <span class='ocrx_word' id='word_1_163' title='bbox 1406 1413 1488 1439; x_wconf 92' lang='lat' dir='ltr'>um-</span> 
     </span>
     <span class='ocr_line' id='line_1_22' title="bbox 980 1466 1487 1521; baseline -0.008 -13"><span class='ocrx_word' id='word_1_164' title='bbox 980 1517 986 1521; x_wconf 42' lang='lat'>·</span> <span class='ocrx_word' id='word_1_165' title='bbox 1158 1481 1277 1519; x_wconf 89' lang='lat' dir='ltr'>quam</span> <span class='ocrx_word' id='word_1_166' title='bbox 1297 1466 1487 1505; x_wconf 88' lang='lat' dir='ltr'>audiuero</span> 
     </span>
     <span class='ocr_line' id='line_1_23' title="bbox 157 1523 1484 1593; baseline -0.01 -12"><span class='ocrx_word' id='word_1_167' title='bbox 157 1556 220 1581; x_wconf 93' lang='lat' dir='ltr'>me</span> <span class='ocrx_word' id='word_1_168' title='bbox 235 1549 384 1593; x_wconf 82' lang='lat' dir='ltr'>patrem</span> <span class='ocrx_word' id='word_1_169' title='bbox 398 1554 551 1588; x_wconf 86' lang='lat' dir='ltr'>uocare,</span> <span class='ocrx_word' id='word_1_170' title='bbox 566 1540 689 1579; x_wconf 85' lang='lat' dir='ltr'>uitam</span> <span class='ocrx_word' id='word_1_171' title='bbox 703 1547 811 1578; x_wconf 87' lang='lat' dir='ltr'>tuam</span> <span class='ocrx_word' id='word_1_172' title='bbox 825 1551 897 1588; x_wconf 85' lang='lat' dir='ltr'>ego</span> <span class='ocrx_word' id='word_1_173' title='bbox 912 1535 1144 1575; x_wconf 88' lang='lat' dir='ltr'>interimam.</span> <span class='ocrx_word' id='word_1_174' title='bbox 1178 1535 1252 1571; x_wconf 84' lang='lat' dir='ltr'>Ac.</span> <span class='ocrx_word' id='word_1_175' title='bbox 1274 1523 1355 1570; x_wconf 72' lang='lat' dir='ltr'>ndn</span> <span class='ocrx_word' id='word_1_176' title='bbox 1371 1543 1484 1570; x_wconf 90' lang='lat' dir='ltr'>uoco.</span> 
     </span>
     <span class='ocr_line' id='line_1_24' title="bbox 72 1598 1373 1659; baseline -0.009 -12"><span class='ocrx_word' id='word_1_177' title='bbox 72 1623 134 1659; x_wconf 80' lang='lat'>595</span> <span class='ocrx_word' id='word_1_178' title='bbox 158 1607 225 1646; x_wconf 89' lang='lat' dir='ltr'>ubi</span> <span class='ocrx_word' id='word_1_179' title='bbox 246 1608 354 1646; x_wconf 91' lang='lat' dir='ltr'>uoles</span> <span class='ocrx_word' id='word_1_180' title='bbox 376 1614 485 1657; x_wconf 86' lang='lat' dir='ltr'>pater</span> <span class='ocrx_word' id='word_1_181' title='bbox 505 1619 590 1645; x_wconf 86' lang='lat' dir='ltr'>esse</span> <span class='ocrx_word' id='word_1_182' title='bbox 610 1605 665 1644; x_wconf 90' lang='lat' dir='ltr'>ibi</span> <span class='ocrx_word' id='word_1_183' title='bbox 685 1612 770 1644; x_wconf 92' lang='lat' dir='ltr'>esto</span> <span class='ocrx_word' id='word_1_184' title='bbox 788 1619 797 1652; x_wconf 87' lang='lat'>;</span> <span class='ocrx_word' id='word_1_185' title='bbox 827 1603 895 1642; x_wconf 88' lang='lat' dir='ltr'>ubi</span> <span class='ocrx_word' id='word_1_186' title='bbox 916 1603 1026 1640; x_wconf 87' lang='lat' dir='ltr'>noles</span> <span class='ocrx_word' id='word_1_187' title='bbox 1048 1613 1098 1638; x_wconf 90' lang='lat' dir='ltr'>ne</span> <span class='ocrx_word' id='word_1_188' title='bbox 1117 1598 1234 1638; x_wconf 89' lang='lat' dir='ltr'>fueris</span> <span class='ocrx_word' id='word_1_189' title='bbox 1254 1605 1373 1648; x_wconf 87' lang='lat' dir='ltr'>pater.</span> 
     </span>
     <span class='ocr_line' id='line_1_25' title="bbox 160 1664 1491 1724; baseline -0.01 -12"><span class='ocrx_word' id='word_1_190' title='bbox 160 1675 233 1712; x_wconf 82' lang='lat' dir='ltr'>PH.</span> <span class='ocrx_word' id='word_1_191' title='bbox 265 1672 361 1723; x_wconf 87' lang='lat' dir='ltr'>quid</span> <span class='ocrx_word' id='word_1_192' title='bbox 384 1671 451 1724; x_wconf 76' lang='lat' dir='ltr'>(si)</span> <span class='ocrx_word' id='word_1_193' title='bbox 476 1670 480 1724; x_wconf 85' lang='grc' dir='ltr'>Ι</span> <span class='ocrx_word' id='word_1_194' title='bbox 506 1671 559 1710; x_wconf 94' lang='lat' dir='ltr'>ob</span> <span class='ocrx_word' id='word_1_195' title='bbox 586 1684 673 1710; x_wconf 86' lang='lat' dir='ltr'>earn</span> <span class='ocrx_word' id='word_1_196' title='bbox 700 1683 782 1709; x_wconf 91' lang='lat' dir='ltr'>rem</span> <span class='ocrx_word' id='word_1_197' title='bbox 809 1670 912 1707; x_wconf 89' lang='lat' dir='ltr'>hanc</span> <span class='ocrx_word' id='word_1_198' title='bbox 937 1665 1066 1706; x_wconf 90' lang='lat' dir='ltr'>emisti</span> <span class='ocrx_word' id='word_1_199' title='bbox 1086 1664 1178 1716; x_wconf 90' lang='lat' dir='ltr'>quia</span> <span class='ocrx_word' id='word_1_200' title='bbox 1204 1670 1312 1702; x_wconf 89' lang='lat' dir='ltr'>tuam</span> <span class='ocrx_word' id='word_1_201' title='bbox 1332 1669 1491 1712; x_wconf 89' lang='lat' dir='ltr'>gnatam</span> 
     </span>
     <span class='ocr_line' id='line_1_26' title="bbox 1362 1728 1488 1773; baseline 0 -8"><span class='ocrx_word' id='word_1_202' title='bbox 1362 1728 1488 1773; x_wconf 87' lang='lat' dir='ltr'>ratu&#39;s,</span> 
     </span>
     <span class='ocr_line' id='line_1_27' title="bbox 159 1792 1488 1854; baseline -0.011 -11"><span class='ocrx_word' id='word_1_203' title='bbox 159 1803 292 1854; x_wconf 88' lang='lat' dir='ltr'>quibu&#39;</span> <span class='ocrx_word' id='word_1_204' title='bbox 309 1804 359 1842; x_wconf 91' lang='lat' dir='ltr'>de</span> <span class='ocrx_word' id='word_1_205' title='bbox 375 1802 493 1854; x_wconf 84' lang='lat' dir='ltr'>signis</span> <span class='ocrx_word' id='word_1_206' title='bbox 509 1801 782 1852; x_wconf 85' lang='lat' dir='ltr'>agnoscebas?</span> <span class='ocrx_word' id='word_1_207' title='bbox 835 1801 904 1837; x_wconf 83' lang='lat' dir='ltr'>PE.</span> <span class='ocrx_word' id='word_1_208' title='bbox 927 1797 1054 1836; x_wconf 89' lang='lat' dir='ltr'>nullis.</span> <span class='ocrx_word' id='word_1_209' title='bbox 1119 1798 1193 1834; x_wconf 81' lang='grc' dir='ltr'>ΡΗ.</span> <span class='ocrx_word' id='word_1_210' title='bbox 1210 1807 1288 1845; x_wconf 84' lang='lat' dir='ltr'>qua</span> <span class='ocrx_word' id='word_1_211' title='bbox 1308 1807 1348 1832; x_wconf 93' lang='lat' dir='ltr'>re</span> <span class='ocrx_word' id='word_1_212' title='bbox 1368 1792 1488 1830; x_wconf 86' lang='lat' dir='ltr'>filiam</span> 
     </span>
     <span class='ocr_line' id='line_1_28' title="bbox 159 1858 1334 1914; baseline -0.01 -6"><span class='ocrx_word' id='word_1_213' title='bbox 159 1868 358 1908; x_wconf 88' lang='lat' dir='ltr'>credidisti</span> <span class='ocrx_word' id='word_1_214' title='bbox 378 1869 584 1907; x_wconf 85' lang='lat' dir='ltr'>nostram?</span> <span class='ocrx_word' id='word_1_215' title='bbox 641 1868 710 1904; x_wconf 79' lang='lat' dir='ltr'>PE.</span> <span class='ocrx_word' id='word_1_216' title='bbox 743 1878 876 1904; x_wconf 87' lang='lat' dir='ltr'>seruos</span> <span class='ocrx_word' id='word_1_217' title='bbox 899 1862 1088 1914; x_wconf 88' lang='lat' dir='ltr'>Epidicus</span> <span class='ocrx_word' id='word_1_218' title='bbox 1111 1860 1207 1900; x_wconf 84' lang='lat' dir='ltr'>dixit</span> <span class='ocrx_word' id='word_1_219' title='bbox 1228 1858 1334 1897; x_wconf 86' lang='lat' dir='ltr'>mihi.</span> 
     </span>
    </p>
   </div>
   <div class='ocr_carea' id='block_1_4' title="bbox 159 1963 1490 2055">
    <p class='ocr_par' dir='ltr' id='par_1_4' title="bbox 159 1963 1490 2055">
     <span class='ocr_line' id='line_1_29' title="bbox 203 1963 1490 2013; baseline -0.009 -9"><span class='ocrx_word' id='word_1_220' title='bbox 203 1974 268 2013; x_wconf 88' lang='lat'>580</span> <span class='ocrx_word' id='word_1_221' title='bbox 291 1983 334 2003; x_wconf 86' lang='lat' dir='ltr'>ne</span> <span class='ocrx_word' id='word_1_222' title='bbox 348 1996 355 2003; x_wconf 93' lang='lat'>.</span> <span class='ocrx_word' id='word_1_223' title='bbox 369 1996 376 2004; x_wconf 91' lang='lat'>.</span> <span class='ocrx_word' id='word_1_224' title='bbox 393 1996 401 2003; x_wconf 94' lang='lat'>.</span> <span class='ocrx_word' id='word_1_225' title='bbox 418 1972 460 2003; x_wconf 87' lang='lat' dir='ltr'>sit</span> <span class='ocrx_word' id='word_1_226' title='bbox 471 1972 512 2012; x_wconf 65' lang='lat'>(2)</span> <span class='ocrx_word' id='word_1_227' title='bbox 527 1970 593 2001; x_wconf 83' lang='lat' dir='ltr'>Leo</span> <span class='ocrx_word' id='word_1_228' title='bbox 605 1971 708 2010; x_wconf 74' lang='lat' dir='ltr'>(nego</span> <span class='ocrx_word' id='word_1_229' title='bbox 721 1980 774 2000; x_wconf 88' lang='lat' dir='ltr'>me</span> <span class='ocrx_word' id='word_1_230' title='bbox 789 1968 899 2008; x_wconf 66' lang='lat' dir='ltr'>Gom)</span> <span class='ocrx_word' id='word_1_231' title='bbox 918 1978 924 1997; x_wconf 91' lang='lat'>:</span> <span class='ocrx_word' id='word_1_232' title='bbox 948 1977 990 1997; x_wconf 91' lang='lat' dir='ltr'>ne</span> <span class='ocrx_word' id='word_1_233' title='bbox 1005 1976 1069 2005; x_wconf 88' lang='lat' dir='ltr'>ego</span> <span class='ocrx_word' id='word_1_234' title='bbox 1084 1975 1137 1996; x_wconf 87' lang='lat' dir='ltr'>me</span> <span class='ocrx_word' id='word_1_235' title='bbox 1151 1975 1196 1995; x_wconf 93' lang='lat' dir='ltr'>no</span> <span class='ocrx_word' id='word_1_236' title='bbox 1207 1982 1251 1987; x_wconf 99' lang='lat'>—</span> <span class='ocrx_word' id='word_1_237' title='bbox 1262 1974 1310 2004; x_wconf 69' lang='lat' dir='ltr'>sse</span> <span class='ocrx_word' id='word_1_238' title='bbox 1323 1963 1345 2002; x_wconf 81' lang='lat' dir='ltr'>h</span> <span class='ocrx_word' id='word_1_239' title='bbox 1363 1987 1370 1994; x_wconf 92' lang='lat'>.</span> <span class='ocrx_word' id='word_1_240' title='bbox 1389 1986 1397 1994; x_wconf 94' lang='lat'>.</span> <span class='ocrx_word' id='word_1_241' title='bbox 1414 1971 1435 1999; x_wconf 94' lang='lat' dir='ltr'>q</span> <span class='ocrx_word' id='word_1_242' title='bbox 1448 1981 1490 1985; x_wconf 87' lang='lat'>—</span> 
     </span>
     <span class='ocr_line' id='line_1_30' title="bbox 159 2003 1490 2055; baseline -0.009 -8"><span class='ocrx_word' id='word_1_243' title='bbox 159 2017 192 2047; x_wconf 88' lang='lat' dir='ltr'><em>A</em></span> <span class='ocrx_word' id='word_1_244' title='bbox 212 2031 217 2050; x_wconf 74' lang='grc' dir='ltr'>ε</span> <span class='ocrx_word' id='word_1_245' title='bbox 248 2027 292 2047; x_wconf 85' lang='lat' dir='ltr'>ne</span> <span class='ocrx_word' id='word_1_246' title='bbox 317 2026 380 2055; x_wconf 90' lang='lat' dir='ltr'>ego</span> <span class='ocrx_word' id='word_1_247' title='bbox 405 2025 477 2046; x_wconf 88' lang='lat' dir='ltr'>eam</span> <span class='ocrx_word' id='word_1_248' title='bbox 502 2015 639 2045; x_wconf 83' lang='lat' dir='ltr'>nouisse</span> <span class='ocrx_word' id='word_1_249' title='bbox 656 2013 690 2043; x_wconf 84' lang='lat' dir='ltr'><em>P</em></span> <span class='ocrx_word' id='word_1_250' title='bbox 796 2022 859 2051; x_wconf 88' lang='lat' dir='ltr'>pro</span> <span class='ocrx_word' id='word_1_251' title='bbox 884 2012 982 2041; x_wconf 88' lang='lat' dir='ltr'>deum</span> <span class='ocrx_word' id='word_1_252' title='bbox 1004 2020 1069 2040; x_wconf 86' lang='lat' dir='ltr'>om.</span> <span class='ocrx_word' id='word_1_253' title='bbox 1089 2009 1121 2039; x_wconf 87' lang='grc' dir='ltr'><em>Ρ</em></span> <span class='ocrx_word' id='word_1_254' title='bbox 1271 2008 1333 2046; x_wconf 85' lang='lat'>581</span> <span class='ocrx_word' id='word_1_255' title='bbox 1359 2003 1490 2037; x_wconf 82' lang='lat' dir='ltr'>alie&#39;nas</span> 
     </span>
    </p>
   </div>
   <div class='ocr_carea' id='block_1_5' title="bbox 160 2049 1491 2186">
    <p class='ocr_par' dir='ltr' id='par_1_5' title="bbox 160 2049 1491 2186">
     <span class='ocr_line' id='line_1_31' title="bbox 160 2049 1491 2098; baseline -0.008 -8"><span class='ocrx_word' id='word_1_256' title='bbox 160 2059 277 2091; x_wconf 81' lang='lat' dir='ltr'>Dousa</span> <span class='ocrx_word' id='word_1_257' title='bbox 296 2071 303 2091; x_wconf 92' lang='lat'>:</span> <span class='ocrx_word' id='word_1_258' title='bbox 327 2059 452 2090; x_wconf 85' lang='lat' dir='ltr'>alienos</span> <span class='ocrx_word' id='word_1_259' title='bbox 464 2057 512 2090; x_wconf 90' lang='lat' dir='ltr'>P:</span> <span class='ocrx_word' id='word_1_260' title='bbox 538 2056 740 2098; x_wconf 81' lang='lat' dir='ltr'>(a)nc(illas)</span> <span class='ocrx_word' id='word_1_261' title='bbox 753 2055 785 2085; x_wconf 90' lang='lat' dir='ltr'><em>A</em></span> <span class='ocrx_word' id='word_1_262' title='bbox 804 2058 840 2095; x_wconf 88' lang='lat' dir='ltr'>(v</span> <span class='ocrx_word' id='word_1_263' title='bbox 866 2055 898 2095; x_wconf 86' lang='lat'>1)</span> <span class='ocrx_word' id='word_1_264' title='bbox 1013 2054 1075 2092; x_wconf 87' lang='lat'>585</span> <span class='ocrx_word' id='word_1_265' title='bbox 1103 2051 1234 2083; x_wconf 90' lang='lat' dir='ltr'>hancA</span> <span class='ocrx_word' id='word_1_266' title='bbox 1308 2055 1374 2081; x_wconf 86' lang='lat' dir='ltr'>tam</span> <span class='ocrx_word' id='word_1_267' title='bbox 1387 2049 1491 2080; x_wconf 82' lang='lat' dir='ltr'><em>Bothe</em></span> 
     </span>
     <span class='ocr_line' id='line_1_32' title="bbox 161 2094 1488 2143; baseline -0.01 -8"><span class='ocrx_word' id='word_1_268' title='bbox 161 2105 287 2143; x_wconf 83' lang='lat'>587-91</span> <span class='ocrx_word' id='word_1_269' title='bbox 307 2108 415 2143; x_wconf 82' lang='lat' dir='ltr'>pauca</span> <span class='ocrx_word' id='word_1_270' title='bbox 431 2103 587 2143; x_wconf 83' lang='lat' dir='ltr'>leguntur</span> <span class='ocrx_word' id='word_1_271' title='bbox 599 2102 633 2131; x_wconf 81' lang='lat' dir='ltr'>in</span> <span class='ocrx_word' id='word_1_272' title='bbox 650 2100 682 2130; x_wconf 94' lang='lat' dir='ltr'><em>A</em></span> <span class='ocrx_word' id='word_1_273' title='bbox 799 2099 865 2137; x_wconf 86' lang='lat'>588</span> <span class='ocrx_word' id='word_1_274' title='bbox 889 2096 1040 2137; x_wconf 82' lang='lat' dir='ltr'>appellas</span> <span class='ocrx_word' id='word_1_275' title='bbox 1058 2095 1134 2125; x_wconf 77' lang='lat' dir='ltr'>PBD</span> <span class='ocrx_word' id='word_1_276' title='bbox 1152 2095 1200 2133; x_wconf 87' lang='lat' dir='ltr'>(A</span> <span class='ocrx_word' id='word_1_277' title='bbox 1220 2105 1252 2126; x_wconf 90' lang='lat' dir='ltr'>n.</span> <span class='ocrx_word' id='word_1_278' title='bbox 1270 2094 1305 2135; x_wconf 86' lang='lat' dir='ltr'>l.)</span> <span class='ocrx_word' id='word_1_279' title='bbox 1427 2102 1488 2131; x_wconf 86' lang='lat'>592</span> 
     </span>
     <span class='ocr_line' id='line_1_33' title="bbox 162 2137 1488 2186; baseline -0.01 -8"><span class='ocrx_word' id='word_1_280' title='bbox 162 2148 324 2186; x_wconf 85' lang='lat' dir='ltr'>magister</span> <span class='ocrx_word' id='word_1_281' title='bbox 340 2146 399 2177; x_wconf 85' lang='lat' dir='ltr'>suit</span> <span class='ocrx_word' id='word_1_282' title='bbox 412 2145 445 2176; x_wconf 91' lang='lat' dir='ltr'><em>P</em></span> <span class='ocrx_word' id='word_1_283' title='bbox 529 2149 677 2175; x_wconf 84' lang='lat' dir='ltr'>austrum</span> <span class='ocrx_word' id='word_1_284' title='bbox 695 2142 728 2173; x_wconf 90' lang='lat' dir='ltr'><em>P</em></span> <span class='ocrx_word' id='word_1_285' title='bbox 855 2151 918 2181; x_wconf 85' lang='lat'>593</span> <span class='ocrx_word' id='word_1_286' title='bbox 942 2146 1040 2180; x_wconf 81' lang='lat' dir='ltr'>pater</span> <span class='ocrx_word' id='word_1_287' title='bbox 1056 2142 1084 2169; x_wconf 82' lang='lat' dir='ltr'>et</span> <span class='ocrx_word' id='word_1_288' title='bbox 1098 2139 1259 2169; x_wconf 84' lang='lat' dir='ltr'>audiuero</span> <span class='ocrx_word' id='word_1_289' title='bbox 1279 2137 1374 2176; x_wconf 81' lang='lat' dir='ltr'>(sort.</span> <span class='ocrx_word' id='word_1_290' title='bbox 1390 2137 1488 2166; x_wconf 82' lang='lat' dir='ltr'>eliam</span> 
     </span>
    </p>
   </div>
   <div class='ocr_carea' id='block_1_6' title="bbox 161 2180 1490 2357">
    <p class='ocr_par' dir='ltr' id='par_1_6' title="bbox 161 2180 1490 2357">
     <span class='ocr_line' id='line_1_34' title="bbox 161 2180 1489 2230; baseline -0.009 -9"><span class='ocrx_word' id='word_1_291' title='bbox 161 2191 314 2230; x_wconf 73' lang='lat' dir='ltr'>peccaui)</span> <span class='ocrx_word' id='word_1_292' title='bbox 334 2200 399 2220; x_wconf 89' lang='lat' dir='ltr'>om.</span> <span class='ocrx_word' id='word_1_293' title='bbox 418 2188 452 2219; x_wconf 87' lang='lat' dir='ltr'><em>P</em></span> <span class='ocrx_word' id='word_1_294' title='bbox 465 2190 609 2229; x_wconf 79' lang='lat' dir='ltr'>(propter</span> <span class='ocrx_word' id='word_1_295' title='bbox 619 2188 800 2226; x_wconf 81' lang='lat' dir='ltr'>fenestram</span> <span class='ocrx_word' id='word_1_296' title='bbox 824 2186 858 2216; x_wconf 84' lang='lat' dir='ltr'>in</span> <span class='ocrx_word' id='word_1_297' title='bbox 882 2183 1041 2223; x_wconf 80' lang='lat' dir='ltr'>archetypi</span> <span class='ocrx_word' id='word_1_298' title='bbox 1053 2182 1200 2222; x_wconf 81' lang='lat' dir='ltr'>pagina:</span> <span class='ocrx_word' id='word_1_299' title='bbox 1229 2181 1265 2219; x_wconf 72' lang='lat' dir='ltr'>cf</span> <span class='ocrx_word' id='word_1_300' title='bbox 1289 2181 1336 2211; x_wconf 88' lang='lat' dir='ltr'>ad</span> <span class='ocrx_word' id='word_1_301' title='bbox 1354 2191 1384 2211; x_wconf 83' lang='lat' dir='ltr'>v.</span> <span class='ocrx_word' id='word_1_302' title='bbox 1409 2180 1489 2218; x_wconf 82' lang='lat'>608)</span> 
     </span>
     <span class='ocr_line' id='line_1_35' title="bbox 162 2223 1490 2274; baseline -0.009 -10"><span class='ocrx_word' id='word_1_303' title='bbox 162 2243 226 2273; x_wconf 83' lang='lat'>595</span> <span class='ocrx_word' id='word_1_304' title='bbox 251 2233 312 2274; x_wconf 87' lang='lat' dir='ltr'>ibi]</span> <span class='ocrx_word' id='word_1_305' title='bbox 330 2238 426 2273; x_wconf 86' lang='lat' dir='ltr'>pater</span> <span class='ocrx_word' id='word_1_306' title='bbox 441 2232 474 2262; x_wconf 92' lang='lat' dir='ltr'><em>A</em></span> <span class='ocrx_word' id='word_1_307' title='bbox 496 2234 539 2272; x_wconf 81' lang='lat' dir='ltr'>(v.</span> <span class='ocrx_word' id='word_1_308' title='bbox 557 2233 590 2272; x_wconf 86' lang='lat'>1)</span> <span class='ocrx_word' id='word_1_309' title='bbox 679 2230 744 2269; x_wconf 88' lang='lat'>596</span> <span class='ocrx_word' id='word_1_310' title='bbox 766 2229 795 2259; x_wconf 85' lang='lat' dir='ltr'>si</span> <span class='ocrx_word' id='word_1_311' title='bbox 812 2228 918 2268; x_wconf 69' lang='lat' dir='ltr'>suppl.</span> <span class='ocrx_word' id='word_1_312' title='bbox 937 2225 1153 2257; x_wconf 83' lang='lat' dir='ltr'>Studemund</span> <span class='ocrx_word' id='word_1_313' title='bbox 1167 2224 1215 2263; x_wconf 89' lang='lat' dir='ltr'>(A</span> <span class='ocrx_word' id='word_1_314' title='bbox 1237 2235 1268 2255; x_wconf 87' lang='lat' dir='ltr'>n.</span> <span class='ocrx_word' id='word_1_315' title='bbox 1282 2224 1319 2262; x_wconf 85' lang='lat' dir='ltr'>l.)</span> <span class='ocrx_word' id='word_1_316' title='bbox 1383 2223 1490 2253; x_wconf 84' lang='lat' dir='ltr'>istanc</span> 
     </span>
     <span class='ocr_line' id='line_1_36' title="bbox 161 2267 1489 2317; baseline -0.01 -9"><span class='ocrx_word' id='word_1_317' title='bbox 161 2277 247 2307; x_wconf 81' lang='lat' dir='ltr'><em>Brix</em></span> <span class='ocrx_word' id='word_1_318' title='bbox 325 2276 485 2317; x_wconf 49' lang='lat' dir='ltr'>(emistisss</span> <span class='ocrx_word' id='word_1_319' title='bbox 501 2275 533 2306; x_wconf 97' lang='lat' dir='ltr'><em>A</em></span> <span class='ocrx_word' id='word_1_320' title='bbox 618 2274 674 2313; x_wconf 87' lang='lat' dir='ltr'>qui</span> <span class='ocrx_word' id='word_1_321' title='bbox 691 2273 724 2302; x_wconf 90' lang='lat' dir='ltr'><em>A</em></span> <span class='ocrx_word' id='word_1_322' title='bbox 803 2281 841 2302; x_wconf 87' lang='lat' dir='ltr'>es</span> <span class='ocrx_word' id='word_1_323' title='bbox 853 2276 944 2302; x_wconf 83' lang='lat' dir='ltr'>ratus</span> <span class='ocrx_word' id='word_1_324' title='bbox 960 2269 992 2299; x_wconf 89' lang='lat' dir='ltr'><em>A</em></span> <span class='ocrx_word' id='word_1_325' title='bbox 1085 2278 1192 2308; x_wconf 87' lang='lat'>597—9</span> <span class='ocrx_word' id='word_1_326' title='bbox 1215 2277 1280 2299; x_wconf 87' lang='lat' dir='ltr'>om.</span> <span class='ocrx_word' id='word_1_327' title='bbox 1299 2267 1332 2297; x_wconf 90' lang='lat' dir='ltr'><em>A</em></span> <span class='ocrx_word' id='word_1_328' title='bbox 1351 2267 1489 2308; x_wconf 75' lang='lat' dir='ltr'>&lt;propter</span> 
     </span>
     <span class='ocr_line' id='line_1_37' title="bbox 161 2318 720 2357; baseline -0.005 -6"><span class='ocrx_word' id='word_1_329' title='bbox 161 2320 378 2352; x_wconf 78' lang='lat' dir='ltr'>homoeoarch.</span> <span class='ocrx_word' id='word_1_330' title='bbox 398 2329 541 2356; x_wconf 66' lang='lat' dir='ltr'>erssvz</span> <span class='ocrx_word' id='word_1_331' title='bbox 558 2322 587 2349; x_wconf 84' lang='lat' dir='ltr'>et</span> <span class='ocrx_word' id='word_1_332' title='bbox 599 2318 720 2357; x_wconf 77' lang='lat' dir='ltr'>vaE)</span> 
     </span>
    </p>
   </div>
  </div>
 </body>
</html>
