<?xml version="1.0" encoding="UTF-8"?>
<!DOCTYPE html PUBLIC "-//W3C//DTD XHTML 1.0 Transitional//EN"
    "http://www.w3.org/TR/xhtml1/DTD/xhtml1-transitional.dtd">
<html xmlns="http://www.w3.org/1999/xhtml" xml:lang="en" lang="en">
 <head>
  <title>
</title>
<meta http-equiv="Content-Type" content="text/html;charset=utf-8" />
  <meta name='ocr-system' content='tesseract 3.04.00' />
  <meta name='ocr-capabilities' content='ocr_page ocr_carea ocr_par ocr_line ocrx_word'/>
</head>
<body>
  <div class='ocr_page' id='page_1' title='image "./tmacciplauticomo01plauuoft_0438.png"; bbox 0 0 1814 2723; ppageno 0'>
   <div class='ocr_carea' id='block_1_1' title="bbox 213 44 291 83">
    <p class='ocr_par' dir='ltr' id='par_1_1' title="bbox 213 44 291 83">
     <span class='ocr_line' id='line_1_1' title="bbox 213 44 291 83; baseline -0.026 0"><span class='ocrx_word' id='word_1_1' title='bbox 213 44 291 83; x_wconf 88' lang='lat'>111.</span> 
     </span>
    </p>
   </div>
   <div class='ocr_carea' id='block_1_2' title="bbox 313 37 1225 80">
    <p class='ocr_par' dir='ltr' id='par_1_2' title="bbox 313 37 1225 80">
     <span class='ocr_line' id='line_1_2' title="bbox 313 37 1225 80; baseline -0.007 0"><span class='ocrx_word' id='word_1_2' title='bbox 313 43 344 80; x_wconf 79' lang='lat' dir='ltr'>ii</span> <span class='ocrx_word' id='word_1_3' title='bbox 731 42 776 78; x_wconf 93' lang='lat' dir='ltr'>T.</span> <span class='ocrx_word' id='word_1_4' title='bbox 811 38 990 78; x_wconf 86' lang='lat' dir='ltr'>MACCI</span> <span class='ocrx_word' id='word_1_5' title='bbox 1022 37 1225 76; x_wconf 92' lang='lat' dir='ltr'>PLAVTI</span> 
     </span>
    </p>
   </div>
   <div class='ocr_carea' id='block_1_3' title="bbox 316 144 1775 331">
    <p class='ocr_par' dir='ltr' id='par_1_3' title="bbox 316 144 1775 331">
     <span class='ocr_line' id='line_1_3' title="bbox 316 144 1180 196; baseline -0.006 -7"><span class='ocrx_word' id='word_1_6' title='bbox 316 150 445 190; x_wconf 91' lang='lat' dir='ltr'>omnis</span> <span class='ocrx_word' id='word_1_7' title='bbox 466 150 653 189; x_wconf 80' lang='lat' dir='ltr'>cinaedos</span> <span class='ocrx_word' id='word_1_8' title='bbox 674 162 761 188; x_wconf 89' lang='lat' dir='ltr'>esse</span> <span class='ocrx_word' id='word_1_9' title='bbox 778 160 915 187; x_wconf 84' lang='lat' dir='ltr'><strong>censes</strong></span> <span class='ocrx_word' id='word_1_10' title='bbox 936 145 1028 196; x_wconf 86' lang='lat' dir='ltr'>quia</span> <span class='ocrx_word' id='word_1_11' title='bbox 1046 153 1089 184; x_wconf 92' lang='lat' dir='ltr'>tu</span> <span class='ocrx_word' id='word_1_12' title='bbox 1109 144 1180 184; x_wconf 90' lang='lat' dir='ltr'>e&#39;s?</span> 
     </span>
     <span class='ocr_line' id='line_1_4' title="bbox 318 210 1775 262; baseline -0.01 -7"><span class='ocrx_word' id='word_1_13' title='bbox 318 224 389 255; x_wconf 91' lang='lat' dir='ltr'>tun</span> <span class='ocrx_word' id='word_1_14' title='bbox 410 217 501 254; x_wconf 91' lang='lat' dir='ltr'>med</span> <span class='ocrx_word' id='word_1_15' title='bbox 522 215 705 254; x_wconf 88' lang='lat' dir='ltr'>indutum</span> <span class='ocrx_word' id='word_1_16' title='bbox 726 213 845 251; x_wconf 92' lang='lat' dir='ltr'>fuisse</span> <span class='ocrx_word' id='word_1_17' title='bbox 865 213 1009 262; x_wconf 84' lang='lat' dir='ltr'>pallam</span> <span class='ocrx_word' id='word_1_18' title='bbox 1029 210 1261 261; x_wconf 85' lang='lat' dir='ltr'>praedicas?</span> <span class='ocrx_word' id='word_1_19' title='bbox 1668 213 1775 250; x_wconf 86' lang='lat'>514-5</span> 
     </span>
     <span class='ocr_line' id='line_1_5' title="bbox 321 271 1582 331; baseline -0.009 -11"><span class='ocrx_word' id='word_1_20' title='bbox 321 283 389 319; x_wconf 82' lang='lat' dir='ltr'>PE.</span> <span class='ocrx_word' id='word_1_21' title='bbox 422 294 495 331; x_wconf 85' lang='lat' dir='ltr'>ego</span> <span class='ocrx_word' id='word_1_22' title='bbox 515 281 645 318; x_wconf 88' lang='lat' dir='ltr'>hercle</span> <span class='ocrx_word' id='word_1_23' title='bbox 665 292 769 317; x_wconf 88' lang='lat' dir='ltr'>uero.</span> <span class='ocrx_word' id='word_1_24' title='bbox 832 279 948 315; x_wconf 85' lang='lat' dir='ltr'>MEN.</span> <span class='ocrx_word' id='word_1_25' title='bbox 980 288 1061 314; x_wconf 90' lang='lat' dir='ltr'>non</span> <span class='ocrx_word' id='word_1_26' title='bbox 1082 283 1123 313; x_wconf 92' lang='lat' dir='ltr'>tu</span> <span class='ocrx_word' id='word_1_27' title='bbox 1143 274 1227 312; x_wconf 84' lang='lat' dir='ltr'>abis</span> <span class='ocrx_word' id='word_1_28' title='bbox 1248 286 1329 323; x_wconf 89' lang='lat' dir='ltr'>quo</span> <span class='ocrx_word' id='word_1_29' title='bbox 1349 271 1491 322; x_wconf 88' lang='lat' dir='ltr'>dignus</span> <span class='ocrx_word' id='word_1_30' title='bbox 1511 272 1582 310; x_wconf 90' lang='lat' dir='ltr'>es?</span> 
     </span>
    </p>
   </div>
   <div class='ocr_carea' id='block_1_4' title="bbox 254 340 1119 396">
    <p class='ocr_par' dir='ltr' id='par_1_4' title="bbox 254 340 1119 396">
     <span class='ocr_line' id='line_1_6' title="bbox 254 340 1119 396; baseline -0.01 -10"><span class='ocrx_word' id='word_1_31' title='bbox 254 365 298 396; x_wconf 86' lang='lat'>50</span> <span class='ocrx_word' id='word_1_32' title='bbox 318 354 385 385; x_wconf 89' lang='lat' dir='ltr'>aut</span> <span class='ocrx_word' id='word_1_33' title='bbox 406 354 444 384; x_wconf 90' lang='lat' dir='ltr'>te</span> <span class='ocrx_word' id='word_1_34' title='bbox 463 344 560 395; x_wconf 89' lang='lat' dir='ltr'>piari</span> <span class='ocrx_word' id='word_1_35' title='bbox 580 344 682 391; x_wconf 77' lang='lat' dir='ltr'>iube,</span> <span class='ocrx_word' id='word_1_36' title='bbox 706 345 828 381; x_wconf 90' lang='lat' dir='ltr'>homo</span> <span class='ocrx_word' id='word_1_37' title='bbox 848 340 1119 379; x_wconf 84' lang='lat' dir='ltr'>insanissume.</span> 
     </span>
    </p>
   </div>
   <div class='ocr_carea' id='block_1_5' title="bbox 320 402 1736 653">
    <p class='ocr_par' dir='ltr' id='par_1_5' title="bbox 320 402 1536 460">
     <span class='ocr_line' id='line_1_7' title="bbox 320 402 1536 460; baseline -0.009 -10"><span class='ocrx_word' id='word_1_38' title='bbox 320 414 388 450; x_wconf 85' lang='lat' dir='ltr'>PE.</span> <span class='ocrx_word' id='word_1_39' title='bbox 420 423 638 460; x_wconf 81' lang='lat' dir='ltr'>numquam</span> <span class='ocrx_word' id='word_1_40' title='bbox 659 409 801 458; x_wconf 81' lang='lat' dir='ltr'>edepol</span> <span class='ocrx_word' id='word_1_41' title='bbox 822 406 1031 457; x_wconf 91' lang='lat' dir='ltr'>quisquam</span> <span class='ocrx_word' id='word_1_42' title='bbox 1052 419 1115 443; x_wconf 92' lang='lat' dir='ltr'>me</span> <span class='ocrx_word' id='word_1_43' title='bbox 1135 403 1310 443; x_wconf 85' lang='lat' dir='ltr'>exorabit</span> <span class='ocrx_word' id='word_1_44' title='bbox 1329 402 1426 453; x_wconf 92' lang='lat' dir='ltr'>quin</span> <span class='ocrx_word' id='word_1_45' title='bbox 1447 409 1536 440; x_wconf 86' lang='lat' dir='ltr'>tuae</span> 
     </span>
    </p>

    <p class='ocr_par' dir='ltr' id='par_1_6' title="bbox 320 471 1314 520">
     <span class='ocr_line' id='line_1_8' title="bbox 320 471 1314 520; baseline -0.01 -4"><span class='ocrx_word' id='word_1_46' title='bbox 320 476 428 516; x_wconf 87' lang='lat' dir='ltr'>uxori</span> <span class='ocrx_word' id='word_1_47' title='bbox 449 489 530 514; x_wconf 91' lang='lat' dir='ltr'>rem</span> <span class='ocrx_word' id='word_1_48' title='bbox 551 487 711 513; x_wconf 88' lang='lat' dir='ltr'>omnem</span> <span class='ocrx_word' id='word_1_49' title='bbox 732 473 821 519; x_wconf 76' lang='lat' dir='ltr'>iam,</span> <span class='ocrx_word' id='word_1_50' title='bbox 844 471 899 510; x_wconf 87' lang='lat' dir='ltr'>uti</span> <span class='ocrx_word' id='word_1_51' title='bbox 920 471 968 509; x_wconf 91' lang='lat' dir='ltr'>sit</span> <span class='ocrx_word' id='word_1_52' title='bbox 987 477 1105 520; x_wconf 87' lang='lat' dir='ltr'>gesta,</span> <span class='ocrx_word' id='word_1_53' title='bbox 1128 471 1290 518; x_wconf 89' lang='lat' dir='ltr'>eloquar</span> <span class='ocrx_word' id='word_1_54' title='bbox 1302 483 1314 516; x_wconf 79' lang='lat'>3</span> 
     </span>
    </p>

    <p class='ocr_par' dir='ltr' id='par_1_7' title="bbox 320 535 1736 653">
     <span class='ocr_line' id='line_1_9' title="bbox 320 535 1736 580; baseline -0.009 0"><span class='ocrx_word' id='word_1_55' title='bbox 320 555 458 580; x_wconf 92' lang='lat' dir='ltr'>omnes</span> <span class='ocrx_word' id='word_1_56' title='bbox 479 541 518 578; x_wconf 91' lang='lat' dir='ltr'>in</span> <span class='ocrx_word' id='word_1_57' title='bbox 539 540 576 578; x_wconf 79' lang='lat' dir='ltr'>te</span> <span class='ocrx_word' id='word_1_58' title='bbox 597 539 716 577; x_wconf 80' lang='lat' dir='ltr'>istaec</span> <span class='ocrx_word' id='word_1_59' title='bbox 736 537 912 576; x_wconf 87' lang='lat' dir='ltr'>recident</span> <span class='ocrx_word' id='word_1_60' title='bbox 933 535 1218 574; x_wconf 81' lang='lat' dir='ltr'>contumeliae:</span> <span class='ocrx_word' id='word_1_61' title='bbox 1670 542 1736 578; x_wconf 87' lang='lat'>520</span> 
     </span>
     <span class='ocr_line' id='line_1_10' title="bbox 322 599 1239 653; baseline -0.009 -8"><span class='ocrx_word' id='word_1_62' title='bbox 322 609 410 645; x_wconf 83' lang='lat' dir='ltr'>faxo</span> <span class='ocrx_word' id='word_1_63' title='bbox 431 607 535 644; x_wconf 80' lang='lat' dir='ltr'>haud</span> <span class='ocrx_word' id='word_1_64' title='bbox 557 605 703 642; x_wconf 87' lang='lat' dir='ltr'>inultus</span> <span class='ocrx_word' id='word_1_65' title='bbox 723 602 932 653; x_wconf 86' lang='lat' dir='ltr'>prandium</span> <span class='ocrx_word' id='word_1_66' title='bbox 953 599 1239 639; x_wconf 78' lang='lat' dir='ltr'>comederis„—</span> 
     </span>
    </p>
   </div>
   <div class='ocr_carea' id='block_1_6' title="bbox 260 661 1620 720">
    <p class='ocr_par' dir='ltr' id='par_1_8' title="bbox 260 661 1620 720">
     <span class='ocr_line' id='line_1_11' title="bbox 260 661 1620 720; baseline -0.008 -10"><span class='ocrx_word' id='word_1_67' title='bbox 260 686 302 717; x_wconf 86' lang='lat'>55</span> <span class='ocrx_word' id='word_1_68' title='bbox 324 674 439 709; x_wconf 82' lang='lat' dir='ltr'><strong>MEN.</strong></span> <span class='ocrx_word' id='word_1_69' title='bbox 472 670 568 720; x_wconf 91' lang='lat' dir='ltr'>quid</span> <span class='ocrx_word' id='word_1_70' title='bbox 589 671 665 706; x_wconf 93' lang='lat' dir='ltr'>hoc</span> <span class='ocrx_word' id='word_1_71' title='bbox 686 668 744 706; x_wconf 78' lang='lat' dir='ltr'>est</span> <span class='ocrx_word' id='word_1_72' title='bbox 764 666 925 716; x_wconf 79' lang='lat' dir='ltr'>negoti?</span> <span class='ocrx_word' id='word_1_73' title='bbox 954 665 1088 712; x_wconf 88' lang='lat' dir='ltr'>satine,</span> <span class='ocrx_word' id='word_1_74' title='bbox 1107 664 1163 703; x_wconf 89' lang='lat' dir='ltr'>uti</span> <span class='ocrx_word' id='word_1_75' title='bbox 1183 677 1383 714; x_wconf 83' lang='lat' dir='ltr'>quemque</span> <span class='ocrx_word' id='word_1_76' title='bbox 1402 661 1620 712; x_wconf 86' lang='lat' dir='ltr'>conspicor,</span> 
     </span>
    </p>
   </div>
   <div class='ocr_carea' id='block_1_7' title="bbox 255 853 300 889">
    <p class='ocr_par' dir='ltr' id='par_1_9' title="bbox 255 853 300 889">
     <span class='ocr_line' id='line_1_12' title="bbox 255 853 300 889; baseline -0.022 0"><span class='ocrx_word' id='word_1_77' title='bbox 255 853 300 889; x_wconf 92' lang='lat' dir='ltr'>iii</span> 
     </span>
    </p>
   </div>
   <div class='ocr_carea' id='block_1_8' title="bbox 288 1207 305 1237">
    <p class='ocr_par' dir='ltr' id='par_1_10' title="bbox 288 1207 305 1237">
     <span class='ocr_line' id='line_1_13' title="bbox 288 1207 305 1237; baseline 0 0"><span class='ocrx_word' id='word_1_78' title='bbox 288 1207 305 1237; x_wconf 89' lang='grc'>5</span> 
     </span>
    </p>
   </div>
   <div class='ocr_carea' id='block_1_9' title="bbox 270 1530 308 1552">
    <p class='ocr_par' dir='ltr' id='par_1_11' title="bbox 270 1530 308 1552">
     <span class='ocr_line' id='line_1_14' title="bbox 270 1530 308 1552; baseline 0.026 -1"><span class='ocrx_word' id='word_1_79' title='bbox 270 1530 308 1552; x_wconf 84' lang='lat'>10</span> 
     </span>
    </p>
   </div>
   <div class='ocr_carea' id='block_1_10' title="bbox 323 730 1239 781">
    <p class='ocr_par' dir='ltr' id='par_1_12' title="bbox 323 730 1239 781">
     <span class='ocr_line' id='line_1_15' title="bbox 323 730 1239 781; baseline -0.009 -6"><span class='ocrx_word' id='word_1_80' title='bbox 323 737 377 775; x_wconf 88' lang='lat' dir='ltr'>ita</span> <span class='ocrx_word' id='word_1_81' title='bbox 398 750 460 775; x_wconf 89' lang='lat' dir='ltr'>me</span> <span class='ocrx_word' id='word_1_82' title='bbox 481 735 713 774; x_wconf 88' lang='lat' dir='ltr'>ludificant?</span> <span class='ocrx_word' id='word_1_83' title='bbox 742 734 813 772; x_wconf 83' lang='lat' dir='ltr'>sed</span> <span class='ocrx_word' id='word_1_84' title='bbox 833 730 1061 781; x_wconf 87' lang='lat' dir='ltr'>concrepuit</span> <span class='ocrx_word' id='word_1_85' title='bbox 1081 730 1239 768; x_wconf 86' lang='lat' dir='ltr'>ostium.</span> 
     </span>
    </p>
   </div>
   <div class='ocr_carea' id='block_1_11' title="bbox 551 841 1417 886">
    <p class='ocr_par' dir='ltr' id='par_1_13' title="bbox 551 841 1417 886">
     <span class='ocr_line' id='line_1_16' title="bbox 551 841 1417 886; baseline -0.009 -1"><span class='ocrx_word' id='word_1_86' title='bbox 551 850 806 886; x_wconf 85' lang='lat' dir='ltr'><strong>ANCILLA</strong></span> <span class='ocrx_word' id='word_1_87' title='bbox 918 847 1319 882; x_wconf 83' lang='lat' dir='ltr'>MENAECHMVS</span> <span class='ocrx_word' id='word_1_88' title='bbox 1364 841 1417 879; x_wconf 93' lang='lat' dir='ltr'>II</span> 
     </span>
    </p>
   </div>
   <div class='ocr_carea' id='block_1_12' title="bbox 321 923 1742 1565">
    <p class='ocr_par' dir='ltr' id='par_1_14' title="bbox 321 923 1396 976">
     <span class='ocr_line' id='line_1_17' title="bbox 321 923 1396 976; baseline -0.011 -4"><span class='ocrx_word' id='word_1_89' title='bbox 321 935 400 971; x_wconf 90' lang='lat' dir='ltr'>AN.</span> <span class='ocrx_word' id='word_1_90' title='bbox 434 932 708 976; x_wconf 84' lang='lat' dir='ltr'>Menaechme,</span> <span class='ocrx_word' id='word_1_91' title='bbox 731 941 863 966; x_wconf 87' lang='lat' dir='ltr'>amare</span> <span class='ocrx_word' id='word_1_92' title='bbox 882 927 936 965; x_wconf 90' lang='lat' dir='ltr'>ait</span> <span class='ocrx_word' id='word_1_93' title='bbox 956 934 994 965; x_wconf 89' lang='lat' dir='ltr'>te</span> <span class='ocrx_word' id='word_1_94' title='bbox 1015 927 1182 963; x_wconf 88' lang='lat' dir='ltr'>multum</span> <span class='ocrx_word' id='word_1_95' title='bbox 1204 923 1396 970; x_wconf 89' lang='lat' dir='ltr'>Erotium,</span> 
     </span>
    </p>

    <p class='ocr_par' dir='ltr' id='par_1_15' title="bbox 323 991 1737 1112">
     <span class='ocr_line' id='line_1_18' title="bbox 323 991 1737 1045; baseline -0.013 -8"><span class='ocrx_word' id='word_1_96' title='bbox 323 1002 393 1039; x_wconf 88' lang='lat' dir='ltr'>†ut</span> <span class='ocrx_word' id='word_1_97' title='bbox 414 998 490 1034; x_wconf 90' lang='lat' dir='ltr'>hoc</span> <span class='ocrx_word' id='word_1_98' title='bbox 511 1009 589 1034; x_wconf 90' lang='lat' dir='ltr'>una</span> <span class='ocrx_word' id='word_1_99' title='bbox 609 1007 727 1045; x_wconf 83' lang='lat' dir='ltr'>opera</span> <span class='ocrx_word' id='word_1_100' title='bbox 746 994 798 1031; x_wconf 91' lang='lat' dir='ltr'>ad</span> <span class='ocrx_word' id='word_1_101' title='bbox 818 993 1031 1030; x_wconf 92' lang='lat' dir='ltr'>auruficem</span> <span class='ocrx_word' id='word_1_102' title='bbox 1052 991 1242 1036; x_wconf 81' lang='lat' dir='ltr'>deferas†,</span> <span class='ocrx_word' id='word_1_103' title='bbox 1673 992 1737 1029; x_wconf 83' lang='lat'>525</span> 
     </span>
     <span class='ocr_line' id='line_1_19' title="bbox 324 1054 1217 1112; baseline -0.01 -11"><span class='ocrx_word' id='word_1_104' title='bbox 324 1071 443 1112; x_wconf 90' lang='lat' dir='ltr'>atque</span> <span class='ocrx_word' id='word_1_105' title='bbox 463 1063 540 1099; x_wconf 92' lang='lat' dir='ltr'>huc</span> <span class='ocrx_word' id='word_1_106' title='bbox 561 1068 603 1099; x_wconf 93' lang='lat' dir='ltr'>ut</span> <span class='ocrx_word' id='word_1_107' title='bbox 622 1061 747 1098; x_wconf 85' lang='lat' dir='ltr'>addas</span> <span class='ocrx_word' id='word_1_108' title='bbox 766 1058 849 1096; x_wconf 89' lang='lat' dir='ltr'>auri</span> <span class='ocrx_word' id='word_1_109' title='bbox 869 1058 1005 1108; x_wconf 91' lang='lat' dir='ltr'>pondo</span> <span class='ocrx_word' id='word_1_110' title='bbox 1031 1055 1035 1107; x_wconf 79' lang='grc' dir='ltr'>Ι</span> <span class='ocrx_word' id='word_1_111' title='bbox 1061 1054 1217 1093; x_wconf 87' lang='lat' dir='ltr'>unciam</span> 
     </span>
    </p>

    <p class='ocr_par' dir='ltr' id='par_1_16' title="bbox 326 1119 1222 1176">
     <span class='ocr_line' id='line_1_20' title="bbox 326 1119 1222 1176; baseline -0.01 -10"><span class='ocrx_word' id='word_1_112' title='bbox 326 1128 541 1176; x_wconf 87' lang='lat' dir='ltr'>iubeasque</span> <span class='ocrx_word' id='word_1_113' title='bbox 562 1125 709 1175; x_wconf 84' lang='lat' dir='ltr'>spinter</span> <span class='ocrx_word' id='word_1_114' title='bbox 730 1136 879 1161; x_wconf 91' lang='lat' dir='ltr'>nouom</span> <span class='ocrx_word' id='word_1_115' title='bbox 900 1119 1222 1160; x_wconf 82' lang='lat' dir='ltr'>reconcinnarier.</span> 
     </span>
    </p>

    <p class='ocr_par' dir='ltr' id='par_1_17' title="bbox 328 1185 1258 1237">
     <span class='ocr_line' id='line_1_21' title="bbox 328 1185 1258 1237; baseline -0.01 -6"><span class='ocrx_word' id='word_1_116' title='bbox 328 1194 443 1230; x_wconf 84' lang='lat' dir='ltr'><strong>MEN.</strong></span> <span class='ocrx_word' id='word_1_117' title='bbox 475 1199 512 1230; x_wconf 91' lang='lat' dir='ltr'>et</span> <span class='ocrx_word' id='word_1_118' title='bbox 533 1191 632 1228; x_wconf 82' lang='lat' dir='ltr'>ist1ic</span> <span class='ocrx_word' id='word_1_119' title='bbox 653 1197 691 1228; x_wconf 93' lang='lat' dir='ltr'>et</span> <span class='ocrx_word' id='word_1_120' title='bbox 711 1188 818 1227; x_wconf 85' lang='lat' dir='ltr'>aliud</span> <span class='ocrx_word' id='word_1_121' title='bbox 839 1187 870 1225; x_wconf 94' lang='lat' dir='ltr'>si</span> <span class='ocrx_word' id='word_1_122' title='bbox 891 1187 986 1237; x_wconf 91' lang='lat' dir='ltr'>quid</span> <span class='ocrx_word' id='word_1_123' title='bbox 1007 1185 1131 1224; x_wconf 86' lang='lat' dir='ltr'>curari</span> <span class='ocrx_word' id='word_1_124' title='bbox 1152 1186 1258 1223; x_wconf 90' lang='lat' dir='ltr'>uolet</span> 
     </span>
    </p>

    <p class='ocr_par' dir='ltr' id='par_1_18' title="bbox 327 1251 1142 1302">
     <span class='ocr_line' id='line_1_22' title="bbox 327 1251 1142 1302; baseline -0.01 -6"><span class='ocrx_word' id='word_1_125' title='bbox 327 1271 390 1296; x_wconf 89' lang='lat' dir='ltr'>me</span> <span class='ocrx_word' id='word_1_126' title='bbox 411 1264 634 1295; x_wconf 85' lang='lat' dir='ltr'>curaturum</span> <span class='ocrx_word' id='word_1_127' title='bbox 655 1253 786 1299; x_wconf 91' lang='lat' dir='ltr'>dicito,</span> <span class='ocrx_word' id='word_1_128' title='bbox 810 1251 1005 1302; x_wconf 89' lang='lat' dir='ltr'>quidquid</span> <span class='ocrx_word' id='word_1_129' title='bbox 1025 1252 1142 1289; x_wconf 90' lang='lat' dir='ltr'>uolet.</span> 
     </span>
    </p>

    <p class='ocr_par' dir='ltr' id='par_1_19' title="bbox 326 1312 1742 1434">
     <span class='ocr_line' id='line_1_23' title="bbox 326 1312 1742 1370; baseline -0.008 -10"><span class='ocrx_word' id='word_1_130' title='bbox 326 1324 404 1360; x_wconf 86' lang='lat' dir='ltr'>AN.</span> <span class='ocrx_word' id='word_1_131' title='bbox 437 1321 520 1359; x_wconf 90' lang='lat' dir='ltr'>scin</span> <span class='ocrx_word' id='word_1_132' title='bbox 541 1320 636 1370; x_wconf 91' lang='lat' dir='ltr'>quid</span> <span class='ocrx_word' id='word_1_133' title='bbox 657 1320 733 1357; x_wconf 91' lang='lat' dir='ltr'>hoc</span> <span class='ocrx_word' id='word_1_134' title='bbox 754 1318 802 1356; x_wconf 88' lang='lat' dir='ltr'>sit</span> <span class='ocrx_word' id='word_1_135' title='bbox 823 1317 998 1367; x_wconf 82' lang='lat' dir='ltr'>spinter?</span> <span class='ocrx_word' id='word_1_136' title='bbox 1056 1316 1173 1353; x_wconf 85' lang='grc' dir='ltr'><strong>ΜΕΝ.</strong></span> <span class='ocrx_word' id='word_1_137' title='bbox 1199 1313 1334 1352; x_wconf 92' lang='lat' dir='ltr'>nescio</span> <span class='ocrx_word' id='word_1_138' title='bbox 1354 1312 1427 1352; x_wconf 86' lang='lat' dir='ltr'>nisi</span> <span class='ocrx_word' id='word_1_139' title='bbox 1451 1325 1626 1352; x_wconf 84' lang='lat' dir='ltr'>aureum.</span> <span class='ocrx_word' id='word_1_140' title='bbox 1674 1320 1742 1356; x_wconf 82' lang='lat'>530</span> 
     </span>
     <span class='ocr_line' id='line_1_24' title="bbox 326 1379 1334 1434; baseline -0.009 -9"><span class='ocrx_word' id='word_1_141' title='bbox 326 1389 404 1425; x_wconf 85' lang='lat' dir='ltr'>AN.</span> <span class='ocrx_word' id='word_1_142' title='bbox 436 1388 512 1424; x_wconf 94' lang='lat' dir='ltr'>hoc</span> <span class='ocrx_word' id='word_1_143' title='bbox 533 1393 591 1424; x_wconf 91' lang='lat' dir='ltr'>est</span> <span class='ocrx_word' id='word_1_144' title='bbox 611 1385 720 1434; x_wconf 90' lang='lat' dir='ltr'>quod</span> <span class='ocrx_word' id='word_1_145' title='bbox 741 1383 835 1421; x_wconf 91' lang='lat' dir='ltr'>olim</span> <span class='ocrx_word' id='word_1_146' title='bbox 857 1382 1080 1420; x_wconf 89' lang='lat' dir='ltr'>clanculum</span> <span class='ocrx_word' id='word_1_147' title='bbox 1101 1394 1148 1419; x_wconf 87' lang='lat' dir='ltr'>ex</span> <span class='ocrx_word' id='word_1_148' title='bbox 1167 1379 1334 1418; x_wconf 86' lang='lat' dir='ltr'>armario</span> 
     </span>
    </p>

    <p class='ocr_par' dir='ltr' id='par_1_20' title="bbox 326 1447 1033 1501">
     <span class='ocr_line' id='line_1_25' title="bbox 326 1447 1033 1501; baseline -0.011 -10"><span class='ocrx_word' id='word_1_149' title='bbox 326 1460 365 1491; x_wconf 91' lang='lat' dir='ltr'>te</span> <span class='ocrx_word' id='word_1_150' title='bbox 386 1450 629 1501; x_wconf 88' lang='lat' dir='ltr'>surrupuisse</span> <span class='ocrx_word' id='word_1_151' title='bbox 648 1449 780 1487; x_wconf 84' lang='lat' dir='ltr'>aiebas</span> <span class='ocrx_word' id='word_1_152' title='bbox 802 1447 911 1485; x_wconf 86' lang='lat' dir='ltr'>uxori</span> <span class='ocrx_word' id='word_1_153' title='bbox 931 1454 1033 1484; x_wconf 86' lang='lat' dir='ltr'>tuae.</span> 
     </span>
    </p>

    <p class='ocr_par' dir='ltr' id='par_1_21' title="bbox 330 1508 1653 1565">
     <span class='ocr_line' id='line_1_26' title="bbox 330 1508 1653 1565; baseline -0.007 -10"><span class='ocrx_word' id='word_1_154' title='bbox 330 1519 445 1555; x_wconf 85' lang='lat' dir='ltr'><strong>MEN.</strong></span> <span class='ocrx_word' id='word_1_155' title='bbox 481 1528 698 1565; x_wconf 87' lang='lat' dir='ltr'>numquam</span> <span class='ocrx_word' id='word_1_156' title='bbox 728 1514 858 1552; x_wconf 88' lang='lat' dir='ltr'>hercle</span> <span class='ocrx_word' id='word_1_157' title='bbox 888 1513 1034 1550; x_wconf 87' lang='lat' dir='ltr'>factum</span> <span class='ocrx_word' id='word_1_158' title='bbox 1064 1518 1133 1549; x_wconf 89' lang='lat' dir='ltr'>est.</span> <span class='ocrx_word' id='word_1_159' title='bbox 1209 1512 1288 1548; x_wconf 89' lang='lat' dir='ltr'>AN.</span> <span class='ocrx_word' id='word_1_160' title='bbox 1318 1523 1399 1548; x_wconf 92' lang='lat' dir='ltr'>non</span> <span class='ocrx_word' id='word_1_161' title='bbox 1430 1508 1653 1555; x_wconf 90' lang='lat' dir='ltr'>meministi,</span> 
     </span>
    </p>
   </div>
   <div class='ocr_carea' id='block_1_13' title="bbox 328 1575 1740 1760">
    <p class='ocr_par' dir='ltr' id='par_1_22' title="bbox 328 1575 1740 1760">
     <span class='ocr_line' id='line_1_27' title="bbox 1463 1575 1657 1623; baseline 0 -11"><span class='ocrx_word' id='word_1_162' title='bbox 1463 1575 1657 1623; x_wconf 89' lang='lat' dir='ltr'>opsecro?</span> 
     </span>
     <span class='ocr_line' id='line_1_28' title="bbox 328 1640 1496 1696; baseline -0.007 -11"><span class='ocrx_word' id='word_1_163' title='bbox 328 1648 449 1685; x_wconf 89' lang='lat' dir='ltr'>redde</span> <span class='ocrx_word' id='word_1_164' title='bbox 469 1646 583 1696; x_wconf 83' lang='lat' dir='ltr'>igitur</span> <span class='ocrx_word' id='word_1_165' title='bbox 603 1644 759 1695; x_wconf 90' lang='lat' dir='ltr'>spinter,</span> <span class='ocrx_word' id='word_1_166' title='bbox 783 1643 815 1681; x_wconf 85' lang='lat' dir='ltr'>si</span> <span class='ocrx_word' id='word_1_167' title='bbox 835 1656 915 1681; x_wconf 93' lang='lat' dir='ltr'>non</span> <span class='ocrx_word' id='word_1_168' title='bbox 937 1640 1161 1680; x_wconf 91' lang='lat' dir='ltr'>meministi.</span> <span class='ocrx_word' id='word_1_169' title='bbox 1221 1642 1337 1678; x_wconf 84' lang='lat' dir='ltr'>MEN.</span> <span class='ocrx_word' id='word_1_170' title='bbox 1369 1653 1496 1678; x_wconf 87' lang='lat' dir='ltr'>mane.</span> 
     </span>
     <span class='ocr_line' id='line_1_29' title="bbox 328 1704 1740 1760; baseline -0.006 -10"><span class='ocrx_word' id='word_1_171' title='bbox 328 1713 451 1750; x_wconf 88' lang='lat' dir='ltr'>immo</span> <span class='ocrx_word' id='word_1_172' title='bbox 472 1711 658 1760; x_wconf 89' lang='lat' dir='ltr'>equidem</span> <span class='ocrx_word' id='word_1_173' title='bbox 679 1708 852 1748; x_wconf 91' lang='lat' dir='ltr'>memini.</span> <span class='ocrx_word' id='word_1_174' title='bbox 911 1720 1055 1756; x_wconf 88' lang='lat' dir='ltr'>nempe</span> <span class='ocrx_word' id='word_1_175' title='bbox 1076 1708 1152 1744; x_wconf 93' lang='lat' dir='ltr'>hoc</span> <span class='ocrx_word' id='word_1_176' title='bbox 1173 1713 1230 1743; x_wconf 89' lang='lat' dir='ltr'>est</span> <span class='ocrx_word' id='word_1_177' title='bbox 1250 1705 1359 1754; x_wconf 92' lang='lat' dir='ltr'>quod</span> <span class='ocrx_word' id='word_1_178' title='bbox 1379 1704 1435 1742; x_wconf 83' lang='lat' dir='ltr'>illi</span> <span class='ocrx_word' id='word_1_179' title='bbox 1454 1704 1581 1743; x_wconf 89' lang='lat' dir='ltr'>dedei.</span> <span class='ocrx_word' id='word_1_180' title='bbox 1676 1710 1740 1747; x_wconf 85' lang='grc'>535</span> 
     </span>
    </p>
   </div>
   <div class='ocr_carea' id='block_1_14' title="bbox 330 1770 1612 1890">
    <p class='ocr_par' dir='ltr' id='par_1_23' title="bbox 330 1770 1612 1890">
     <span class='ocr_line' id='line_1_30' title="bbox 330 1770 1342 1822; baseline -0.008 -7"><span class='ocrx_word' id='word_1_181' title='bbox 330 1778 428 1815; x_wconf 90' lang='lat' dir='ltr'>istuc</span> <span class='ocrx_word' id='word_1_182' title='bbox 445 1793 452 1815; x_wconf 75' lang='grc' dir='ltr'>ι</span> <span class='ocrx_word' id='word_1_183' title='bbox 482 1776 549 1814; x_wconf 93' lang='lat' dir='ltr'>ubi</span> <span class='ocrx_word' id='word_1_184' title='bbox 566 1776 654 1814; x_wconf 88' lang='lat' dir='ltr'>illae</span> <span class='ocrx_word' id='word_1_185' title='bbox 674 1775 847 1813; x_wconf 75' lang='lat' dir='ltr'>armillae</span> <span class='ocrx_word' id='word_1_186' title='bbox 868 1781 959 1811; x_wconf 92' lang='lat' dir='ltr'>sunt</span> <span class='ocrx_word' id='word_1_187' title='bbox 980 1785 1077 1822; x_wconf 87' lang='lat' dir='ltr'>quas</span> <span class='ocrx_word' id='word_1_188' title='bbox 1097 1784 1176 1809; x_wconf 82' lang='lat' dir='ltr'>una</span> <span class='ocrx_word' id='word_1_189' title='bbox 1196 1770 1342 1809; x_wconf 88' lang='lat' dir='ltr'>dedei?</span> 
     </span>
     <span class='ocr_line' id='line_1_31' title="bbox 332 1833 1612 1890; baseline -0.006 -10"><span class='ocrx_word' id='word_1_190' title='bbox 332 1845 411 1880; x_wconf 87' lang='lat' dir='ltr'>AN.</span> <span class='ocrx_word' id='word_1_191' title='bbox 441 1854 658 1890; x_wconf 86' lang='lat' dir='ltr'>numquam</span> <span class='ocrx_word' id='word_1_192' title='bbox 680 1839 834 1878; x_wconf 87' lang='lat' dir='ltr'>dedisti.</span> <span class='ocrx_word' id='word_1_193' title='bbox 896 1840 1012 1876; x_wconf 84' lang='grc' dir='ltr'><strong>ΜΕΝ.</strong></span> <span class='ocrx_word' id='word_1_194' title='bbox 1043 1850 1135 1874; x_wconf 85' lang='lat' dir='ltr'>nam</span> <span class='ocrx_word' id='word_1_195' title='bbox 1156 1837 1222 1886; x_wconf 90' lang='lat' dir='ltr'>pol</span> <span class='ocrx_word' id='word_1_196' title='bbox 1243 1836 1319 1873; x_wconf 82' lang='lat' dir='ltr'>hoc</span> <span class='ocrx_word' id='word_1_197' title='bbox 1340 1848 1463 1873; x_wconf 88' lang='lat' dir='ltr'>unum</span> <span class='ocrx_word' id='word_1_198' title='bbox 1484 1833 1612 1873; x_wconf 91' lang='lat' dir='ltr'>dedei.</span> 
     </span>
    </p>
   </div>
   <div class='ocr_carea' id='block_1_15' title="bbox 375 1927 1655 1974">
    <p class='ocr_par' dir='ltr' id='par_1_24' title="bbox 375 1927 1655 1974">
     <span class='ocr_line' id='line_1_32' title="bbox 375 1927 1655 1974; baseline -0.006 -9"><span class='ocrx_word' id='word_1_199' title='bbox 375 1945 440 1974; x_wconf 86' lang='lat'>513</span> <span class='ocrx_word' id='word_1_200' title='bbox 463 1939 498 1964; x_wconf 91' lang='lat' dir='ltr'>tu</span> <span class='ocrx_word' id='word_1_201' title='bbox 521 1934 598 1973; x_wconf 85' lang='lat' dir='ltr'>quia</span> <span class='ocrx_word' id='word_1_202' title='bbox 623 1944 660 1964; x_wconf 84' lang='lat' dir='ltr'>es</span> <span class='ocrx_word' id='word_1_203' title='bbox 686 1933 895 1964; x_wconf 71' lang='lat' dir='ltr'>Camerarius</span> <span class='ocrx_word' id='word_1_204' title='bbox 912 1932 958 1973; x_wconf 71' lang='lat' dir='ltr'>&lt;A</span> <span class='ocrx_word' id='word_1_205' title='bbox 985 1943 1016 1962; x_wconf 85' lang='lat' dir='ltr'>n.</span> <span class='ocrx_word' id='word_1_206' title='bbox 1044 1932 1081 1972; x_wconf 85' lang='lat' dir='ltr'>l.)</span> <span class='ocrx_word' id='word_1_207' title='bbox 1098 1932 1178 1970; x_wconf 79' lang='lat' dir='ltr'>sort.</span> <span class='ocrx_word' id='word_1_208' title='bbox 1207 1932 1282 1960; x_wconf 78' lang='lat' dir='ltr'>recte</span> <span class='ocrx_word' id='word_1_209' title='bbox 1380 1938 1454 1968; x_wconf 84' lang='lat'>514,</span> <span class='ocrx_word' id='word_1_210' title='bbox 1481 1937 1544 1967; x_wconf 88' lang='lat'>515</span> <span class='ocrx_word' id='word_1_211' title='bbox 1569 1932 1605 1958; x_wconf 89' lang='lat' dir='ltr'>tu</span> <span class='ocrx_word' id='word_1_212' title='bbox 1621 1927 1655 1957; x_wconf 98' lang='lat' dir='ltr'><em>A</em></span> 
     </span>
    </p>
   </div>
   <div class='ocr_carea' id='block_1_16' title="bbox 267 1971 1720 2364">
    <p class='ocr_par' dir='ltr' id='par_1_25' title="bbox 332 1971 1720 2235">
     <span class='ocr_line' id='line_1_33' title="bbox 332 1971 1656 2018; baseline -0.005 -10"><span class='ocrx_word' id='word_1_213' title='bbox 332 1988 394 2018; x_wconf 90' lang='lat'>517</span> <span class='ocrx_word' id='word_1_214' title='bbox 420 1978 516 2008; x_wconf 90' lang='lat' dir='ltr'>iubes</span> <span class='ocrx_word' id='word_1_215' title='bbox 532 1976 671 2016; x_wconf 78' lang='lat' dir='ltr'>Pylades</span> <span class='ocrx_word' id='word_1_216' title='bbox 693 1977 740 2015; x_wconf 88' lang='lat' dir='ltr'><em>(A</em></span> <span class='ocrx_word' id='word_1_217' title='bbox 768 1987 799 2008; x_wconf 82' lang='lat' dir='ltr'>n.</span> <span class='ocrx_word' id='word_1_218' title='bbox 819 1977 858 2015; x_wconf 77' lang='lat' dir='ltr'>l.)</span> <span class='ocrx_word' id='word_1_219' title='bbox 1007 1985 1066 2014; x_wconf 88' lang='lat'>521</span> <span class='ocrx_word' id='word_1_220' title='bbox 1094 1974 1236 2005; x_wconf 88' lang='lat' dir='ltr'>inultum</span> <span class='ocrx_word' id='word_1_221' title='bbox 1252 1972 1286 2003; x_wconf 90' lang='lat' dir='ltr'><em>P</em></span> <span class='ocrx_word' id='word_1_222' title='bbox 1395 1971 1608 2002; x_wconf 87' lang='lat' dir='ltr'>comedereis</span> <span class='ocrx_word' id='word_1_223' title='bbox 1622 1971 1656 2001; x_wconf 87' lang='lat' dir='ltr'><em>A</em></span> 
     </span>
     <span class='ocr_line' id='line_1_34' title="bbox 332 2015 1720 2062; baseline -0.006 -10"><span class='ocrx_word' id='word_1_224' title='bbox 332 2030 460 2062; x_wconf 87' lang='lat'>522-37</span> <span class='ocrx_word' id='word_1_225' title='bbox 484 2021 575 2051; x_wconf 76' lang='lat' dir='ltr'>initia</span> <span class='ocrx_word' id='word_1_226' title='bbox 577 2021 649 2060; x_wconf 80' lang='lat' dir='ltr'>fere</span> <span class='ocrx_word' id='word_1_227' title='bbox 662 2020 862 2060; x_wconf 82' lang='lat' dir='ltr'>legmzturA</span> <span class='ocrx_word' id='word_1_228' title='bbox 997 2029 1060 2058; x_wconf 88' lang='lat'>522</span> <span class='ocrx_word' id='word_1_229' title='bbox 1084 2026 1286 2058; x_wconf 87' lang='lat' dir='ltr'>quemquem</span> <span class='ocrx_word' id='word_1_230' title='bbox 1316 2015 1349 2045; x_wconf 89' lang='grc' dir='ltr'><em>Β</em></span> <span class='ocrx_word' id='word_1_231' title='bbox 1468 2024 1531 2055; x_wconf 87' lang='lat'>525</span> <span class='ocrx_word' id='word_1_232' title='bbox 1555 2024 1658 2054; x_wconf 87' lang='lat' dir='ltr'>opera</span> <span class='ocrx_word' id='word_1_233' title='bbox 1709 2033 1720 2044; x_wconf 86' lang='grc'><strong>.</strong></span> 
     </span>
     <span class='ocr_line' id='line_1_35' title="bbox 332 2058 1659 2108; baseline -0.006 -12"><span class='ocrx_word' id='word_1_234' title='bbox 332 2064 441 2108; x_wconf 85' lang='lat' dir='ltr'>(sibi)</span> <span class='ocrx_word' id='word_1_235' title='bbox 462 2064 584 2105; x_wconf 79' lang='lat' dir='ltr'>Ussing</span> <span class='ocrx_word' id='word_1_236' title='bbox 601 2064 700 2104; x_wconf 80' lang='lat' dir='ltr'>:fort.</span> <span class='ocrx_word' id='word_1_237' title='bbox 729 2074 834 2102; x_wconf 86' lang='lat' dir='ltr'>opera</span> <span class='ocrx_word' id='word_1_238' title='bbox 850 2061 931 2105; x_wconf 76' lang='lat' dir='ltr'>(tu)</span> <span class='ocrx_word' id='word_1_239' title='bbox 958 2062 1077 2102; x_wconf 82' lang='lat' dir='ltr'>(opera</span> <span class='ocrx_word' id='word_1_240' title='bbox 1099 2067 1162 2101; x_wconf 80' lang='lat' dir='ltr'>pro</span> <span class='ocrx_word' id='word_1_241' title='bbox 1186 2064 1349 2100; x_wconf 83' lang='lat' dir='ltr'>operatu;</span> <span class='ocrx_word' id='word_1_242' title='bbox 1378 2059 1396 2090; x_wconf 92' lang='lat' dir='ltr'>i.</span> <span class='ocrx_word' id='word_1_243' title='bbox 1426 2058 1462 2101; x_wconf 88' lang='lat'>5)</span> <span class='ocrx_word' id='word_1_244' title='bbox 1594 2060 1659 2097; x_wconf 87' lang='lat'>526</span> 
     </span>
     <span class='ocr_line' id='line_1_36' title="bbox 333 2101 1657 2147; baseline -0.005 -9"><span class='ocrx_word' id='word_1_245' title='bbox 333 2111 398 2140; x_wconf 90' lang='lat' dir='ltr'>huc</span> <span class='ocrx_word' id='word_1_246' title='bbox 422 2107 549 2138; x_wconf 82' lang='lat' dir='ltr'>Ritschl</span> <span class='ocrx_word' id='word_1_247' title='bbox 565 2119 573 2138; x_wconf 69' lang='grc' dir='ltr'><em>ε</em></span> <span class='ocrx_word' id='word_1_248' title='bbox 595 2108 685 2138; x_wconf 90' lang='lat' dir='ltr'>hunc</span> <span class='ocrx_word' id='word_1_249' title='bbox 711 2107 791 2147; x_wconf 53' lang='lat'>(3¹)</span> <span class='ocrx_word' id='word_1_250' title='bbox 809 2107 858 2137; x_wconf 80' lang='lat' dir='ltr'>vel</span> <span class='ocrx_word' id='word_1_251' title='bbox 874 2116 962 2136; x_wconf 87' lang='lat' dir='ltr'>nunc</span> <span class='ocrx_word' id='word_1_252' title='bbox 980 2105 1069 2145; x_wconf 78' lang='lat' dir='ltr'><em>(PCD</em></span> <span class='ocrx_word' id='word_1_253' title='bbox 1086 2103 1150 2144; x_wconf 76' lang='lat'>3²)</span> <span class='ocrx_word' id='word_1_254' title='bbox 1170 2103 1237 2135; x_wconf 86' lang='lat' dir='ltr'>cod.</span> <span class='ocrx_word' id='word_1_255' title='bbox 1363 2102 1442 2145; x_wconf 80' lang='lat' dir='ltr'>(tu)</span> <span class='ocrx_word' id='word_1_256' title='bbox 1466 2103 1578 2142; x_wconf 91' lang='lat' dir='ltr'>pondo</span> <span class='ocrx_word' id='word_1_257' title='bbox 1594 2101 1657 2141; x_wconf 89' lang='lat' dir='ltr'>Py-</span> 
     </span>
     <span class='ocr_line' id='line_1_37' title="bbox 334 2145 1654 2192; baseline -0.006 -9"><span class='ocrx_word' id='word_1_258' title='bbox 334 2151 442 2184; x_wconf 75' lang='lat' dir='ltr'>ludes:</span> <span class='ocrx_word' id='word_1_259' title='bbox 466 2151 579 2191; x_wconf 90' lang='lat' dir='ltr'>pondo</span> <span class='ocrx_word' id='word_1_260' title='bbox 596 2150 742 2192; x_wconf 81' lang='lat' dir='ltr'>(unam)</span> <span class='ocrx_word' id='word_1_261' title='bbox 757 2149 881 2181; x_wconf 83' lang='lat' dir='ltr'>Pradel</span> <span class='ocrx_word' id='word_1_262' title='bbox 894 2149 932 2180; x_wconf 84' lang='lat' dir='ltr'>de</span> <span class='ocrx_word' id='word_1_263' title='bbox 944 2154 1054 2189; x_wconf 80' lang='lat' dir='ltr'>praep.</span> <span class='ocrx_word' id='word_1_264' title='bbox 1071 2159 1104 2188; x_wconf 91' lang='lat' dir='ltr'>p.</span> <span class='ocrx_word' id='word_1_265' title='bbox 1121 2158 1185 2187; x_wconf 89' lang='lat'>472</span> <span class='ocrx_word' id='word_1_266' title='bbox 1285 2148 1348 2185; x_wconf 88' lang='lat'>528</span> <span class='ocrx_word' id='word_1_267' title='bbox 1372 2147 1462 2177; x_wconf 85' lang='lat' dir='ltr'>uolei</span> <span class='ocrx_word' id='word_1_268' title='bbox 1479 2146 1513 2177; x_wconf 91' lang='lat' dir='ltr'><em>P</em></span> <span class='ocrx_word' id='word_1_269' title='bbox 1525 2148 1562 2176; x_wconf 88' lang='lat' dir='ltr'>ut</span> <span class='ocrx_word' id='word_1_270' title='bbox 1575 2145 1654 2184; x_wconf 63' lang='lat' dir='ltr'>vid„</span> 
     </span>
     <span class='ocr_line' id='line_1_38' title="bbox 334 2187 1662 2235; baseline -0.006 -9"><span class='ocrx_word' id='word_1_271' title='bbox 334 2196 367 2226; x_wconf 92' lang='lat' dir='ltr'><em>A</em></span> <span class='ocrx_word' id='word_1_272' title='bbox 387 2207 419 2227; x_wconf 83' lang='lat' dir='ltr'>n.</span> <span class='ocrx_word' id='word_1_273' title='bbox 436 2195 455 2226; x_wconf 87' lang='lat' dir='ltr'>l.</span> <span class='ocrx_word' id='word_1_274' title='bbox 481 2195 574 2235; x_wconf 89' lang='lat' dir='ltr'>(corr.</span> <span class='ocrx_word' id='word_1_275' title='bbox 593 2195 638 2225; x_wconf 72' lang='lat' dir='ltr'>B2</span> <span class='ocrx_word' id='word_1_276' title='bbox 656 2195 704 2233; x_wconf 85' lang='lat' dir='ltr'>D)</span> <span class='ocrx_word' id='word_1_277' title='bbox 846 2203 911 2233; x_wconf 85' lang='lat'>530</span> <span class='ocrx_word' id='word_1_278' title='bbox 934 2193 1027 2223; x_wconf 89' lang='lat' dir='ltr'>scein</span> <span class='ocrx_word' id='word_1_279' title='bbox 1045 2193 1077 2222; x_wconf 90' lang='lat' dir='ltr'><em>A</em></span> <span class='ocrx_word' id='word_1_280' title='bbox 1177 2191 1267 2230; x_wconf 92' lang='lat' dir='ltr'>quod</span> <span class='ocrx_word' id='word_1_281' title='bbox 1282 2191 1314 2221; x_wconf 81' lang='lat' dir='ltr'><em>P</em></span> <span class='ocrx_word' id='word_1_282' title='bbox 1411 2200 1474 2229; x_wconf 87' lang='lat'>532</span> <span class='ocrx_word' id='word_1_283' title='bbox 1499 2190 1612 2219; x_wconf 91' lang='lat' dir='ltr'>mebas</span> <span class='ocrx_word' id='word_1_284' title='bbox 1628 2187 1662 2219; x_wconf 91' lang='lat' dir='ltr'><em>P</em></span> 
     </span>
    </p>

    <p class='ocr_par' dir='ltr' id='par_1_26' title="bbox 267 2232 1664 2364">
     <span class='ocr_line' id='line_1_39' title="bbox 267 2232 1660 2281; baseline -0.006 -11"><span class='ocrx_word' id='word_1_285' title='bbox 267 2248 276 2258; x_wconf 56' lang='lat'>⁸</span> <span class='ocrx_word' id='word_1_286' title='bbox 337 2240 429 2281; x_wconf 83' lang='lat' dir='ltr'>(corr.</span> <span class='ocrx_word' id='word_1_287' title='bbox 447 2238 508 2278; x_wconf 51' lang='grc' dir='ltr'>ΒΞ)</span> <span class='ocrx_word' id='word_1_288' title='bbox 643 2246 707 2276; x_wconf 87' lang='grc'>533</span> <span class='ocrx_word' id='word_1_289' title='bbox 732 2235 818 2277; x_wconf 90' lang='lat' dir='ltr'>non]</span> <span class='ocrx_word' id='word_1_290' title='bbox 840 2246 953 2267; x_wconf 89' lang='lat' dir='ltr'>noenu</span> <span class='ocrx_word' id='word_1_291' title='bbox 968 2235 1086 2275; x_wconf 80' lang='lat' dir='ltr'>Bergk,</span> <span class='ocrx_word' id='word_1_292' title='bbox 1110 2234 1163 2264; x_wconf 80' lang='lat' dir='ltr'>cui</span> <span class='ocrx_word' id='word_1_293' title='bbox 1181 2234 1291 2264; x_wconf 79' lang='lat' dir='ltr'>lziatus</span> <span class='ocrx_word' id='word_1_294' title='bbox 1313 2233 1347 2263; x_wconf 85' lang='lat' dir='ltr'>z‘n</span> <span class='ocrx_word' id='word_1_295' title='bbox 1366 2238 1476 2273; x_wconf 79' lang='lat' dir='ltr'>pausa</span> <span class='ocrx_word' id='word_1_296' title='bbox 1498 2232 1660 2273; x_wconf 52' lang='lat' dir='ltr'>displicet:</span> 
     </span>
     <span class='ocr_line' id='line_1_40' title="bbox 335 2275 1664 2318; baseline -0.008 -4"><span class='ocrx_word' id='word_1_297' title='bbox 335 2284 392 2314; x_wconf 82' lang='lat' dir='ltr'>vix</span> <span class='ocrx_word' id='word_1_298' title='bbox 406 2292 520 2313; x_wconf 88' lang='lat' dir='ltr'>nonne</span> <span class='ocrx_word' id='word_1_299' title='bbox 537 2285 610 2311; x_wconf 81' lang='lat' dir='ltr'>ante</span> <span class='ocrx_word' id='word_1_300' title='bbox 632 2291 760 2312; x_wconf 83' lang='lat' dir='ltr'>conson.</span> <span class='ocrx_word' id='word_1_301' title='bbox 893 2288 958 2318; x_wconf 84' lang='lat'>534</span> <span class='ocrx_word' id='word_1_302' title='bbox 980 2279 1085 2309; x_wconf 76' lang='lat' dir='ltr'>redde</span> <span class='ocrx_word' id='word_1_303' title='bbox 1110 2288 1175 2308; x_wconf 85' lang='lat' dir='ltr'>om.</span> <span class='ocrx_word' id='word_1_304' title='bbox 1191 2277 1237 2317; x_wconf 84' lang='lat' dir='ltr'>A,</span> <span class='ocrx_word' id='word_1_305' title='bbox 1257 2280 1294 2307; x_wconf 80' lang='lat' dir='ltr'>ut</span> <span class='ocrx_word' id='word_1_306' title='bbox 1309 2276 1372 2308; x_wconf 81' lang='lat' dir='ltr'>vid.</span> <span class='ocrx_word' id='word_1_307' title='bbox 1528 2285 1592 2315; x_wconf 82' lang='lat'>535</span> <span class='ocrx_word' id='word_1_308' title='bbox 1614 2275 1664 2305; x_wconf 82' lang='lat' dir='ltr'>vel</span> 
     </span>
     <span class='ocr_line' id='line_1_41' title="bbox 337 2319 1661 2364; baseline -0.006 -7"><span class='ocrx_word' id='word_1_309' title='bbox 337 2326 403 2357; x_wconf 91' lang='lat' dir='ltr'>illic</span> <span class='ocrx_word' id='word_1_310' title='bbox 514 2327 577 2364; x_wconf 85' lang='lat'>536</span> <span class='ocrx_word' id='word_1_311' title='bbox 601 2324 683 2354; x_wconf 87' lang='lat' dir='ltr'>istuc</span> <span class='ocrx_word' id='word_1_312' title='bbox 700 2323 836 2354; x_wconf 83' lang='lat' dir='ltr'>a11c1&#39;llae</span> <span class='ocrx_word' id='word_1_313' title='bbox 850 2322 907 2352; x_wconf 86' lang='lat' dir='ltr'>dat</span> <span class='ocrx_word' id='word_1_314' title='bbox 921 2321 1109 2352; x_wconf 83' lang='lat' dir='ltr'>Lambinus</span> <span class='ocrx_word' id='word_1_315' title='bbox 1174 2320 1260 2351; x_wconf 88' lang='lat' dir='ltr'>iclae</span> <span class='ocrx_word' id='word_1_316' title='bbox 1276 2319 1309 2350; x_wconf 94' lang='lat' dir='ltr'><em>P</em></span> <span class='ocrx_word' id='word_1_317' title='bbox 1323 2320 1416 2359; x_wconf 82' lang='lat' dir='ltr'>(corr.</span> <span class='ocrx_word' id='word_1_318' title='bbox 1436 2319 1496 2355; x_wconf 65' lang='lat'>3²]</span> <span class='ocrx_word' id='word_1_319' title='bbox 1566 2319 1661 2349; x_wconf 88' lang='lat' dir='ltr'>dedit</span> 
     </span>
    </p>
   </div>
   <div class='ocr_carea' id='block_1_17' title="bbox 337 2364 1262 2409">
    <p class='ocr_par' dir='ltr' id='par_1_27' title="bbox 337 2364 1262 2409">
     <span class='ocr_line' id='line_1_42' title="bbox 337 2364 1262 2409; baseline -0.008 -8"><span class='ocrx_word' id='word_1_320' title='bbox 337 2369 378 2409; x_wconf 62' lang='lat' dir='ltr'>P,</span> <span class='ocrx_word' id='word_1_321' title='bbox 404 2369 436 2400; x_wconf 89' lang='lat' dir='ltr'><em>A</em></span> <span class='ocrx_word' id='word_1_322' title='bbox 456 2380 491 2400; x_wconf 81' lang='lat' dir='ltr'>n.</span> <span class='ocrx_word' id='word_1_323' title='bbox 509 2368 528 2399; x_wconf 82' lang='lat' dir='ltr'>l.</span> <span class='ocrx_word' id='word_1_324' title='bbox 550 2367 640 2408; x_wconf 82' lang='lat' dir='ltr'>(dedi</span> <span class='ocrx_word' id='word_1_325' title='bbox 658 2367 716 2407; x_wconf 66' lang='lat' dir='ltr'>B2)</span> <span class='ocrx_word' id='word_1_326' title='bbox 849 2375 909 2405; x_wconf 85' lang='lat'>537</span> <span class='ocrx_word' id='word_1_327' title='bbox 935 2376 1001 2396; x_wconf 88' lang='lat' dir='ltr'>una</span> <span class='ocrx_word' id='word_1_328' title='bbox 1018 2365 1051 2395; x_wconf 91' lang='lat' dir='ltr'><em>P</em></span> <span class='ocrx_word' id='word_1_329' title='bbox 1063 2365 1117 2403; x_wconf 75' lang='lat' dir='ltr'>(ex</span> <span class='ocrx_word' id='word_1_330' title='bbox 1135 2375 1162 2394; x_wconf 86' lang='lat' dir='ltr'>v.</span> <span class='ocrx_word' id='word_1_331' title='bbox 1185 2364 1262 2403; x_wconf 85' lang='lat'>536)</span> 
     </span>
    </p>
   </div>
  </div>
 </body>
</html>
