1742 2718
700 81 972 119 ASINARIA
1450 80 1495 114 Υ.
1518 78 1546 113 ii

84 207 154 242 930
174 197 245 232 PH.
278 201 430 232 ecastor
450 192 517 243 qui
539 199 809 242 surrupturum
831 193 974 241 pallam
995 190 1173 240 promisit
1193 189 1274 228 tibi.
1521 201 1562 230 80

173 263 248 298 DE.
281 273 361 297 non
401 260 537 298 taces?
604 259 710 295 ARG.
751 270 824 306 ego
863 255 1158 301 dissuadebam)
1192 262 1325 292 mater.
1397 256 1497 291 ART.

1186 321 1333 358 bellum
1356 319 1477 357 filium
1496 322 1502 356 l

172 391 334 430 istoscin
355 398 506 441 patrem
526 402 697 439 aequom
719 395 778 426 est
799 400 928 426 mores
949 386 1079 425 liberis
1100 384 1298 435 largirier?

173 456 280 494 nilne
296 464 333 494 te
354 456 507 506 pudet?
565 456 640 492 DE.
664 455 740 504 pol,
761 452 792 491 si
807 452 916 491 aliud
932 451 986 490 nil
1002 451 1061 498 sit,
1080 450 1136 489 tui
1153 464 1227 496 me,
1244 462 1349 496 uxor,
1369 449 1501 499 pudet.

173 524 276 559 ART.
308 534 409 559 cano
430 519 558 570 capite
578 527 616 558 te
637 520 822 557 cuculum
843 520 940 556 uxor
959 530 1006 555 ex
1026 515 1155 554 lustris
1176 514 1285 565 rapit.
1449 508 1455 513 ’

85 594 152 630 935
176 589 251 624 DE.
283 579 364 624 non
385 585 475 624 licet
496 598 655 623 manere
676 584 792 634 (cena
812 582 1012 632 coquitur)
1033 583 1129 620 dum
1151 595 1291 619 cenem
1312 581 1464 619 modo?
1524 590 1535 613 θ

173 654 277 689 ART.
310 658 461 689 ecastor
481 650 641 688 cenabis
661 649 792 694 hodie,
816 651 858 686 ut
879 648 1042 698 dignu’s‚
1065 659 1252 696 magnum
1275 647 1433 683 malum.

174 718 250 754 DE.
292 717 394 753 male
439 715 669 753 cubandum
715 721 796 751 est:
845 712 1063 751 iudicatum
1109 725 1173 749 me
1212 723 1307 748 uxor
1341 708 1504 748 abducit

561 820 565 822 .
1325 776 1501 813 domurn.

172 848 278 884 ARG.
309 845 504 892 dicebam,
527 852 648 895 pater,
672 843 742 883 tibi
763 857 813 882 ne
835 842 947 882 matri
968 843 1193 881 consuleres
1215 842 1328 878 male.

174 914 248 949 PH.
280 912 330 949 de
357 912 462 960 palla
481 916 695 956 memento,
717 909 872 947 amabo.
934 909 1011 945 DE.
1044 906 1164 945 iuben
1185 907 1288 943 hanc
1309 904 1402 943 hinc
1421 918 1504 954 aps-

1337 971 1476 1009 cedere
1490 971 1506 1007 ?

87 1055 157 1090 940
175 1043 277 1079 ART.
310 1040 321 1078 i
351 1042 528 1079 domum.
589 1041 662 1077 PH.
696 1040 747 1078 da
776 1038 930 1077 sanium
960 1037 1078 1077 etiam
1106 1037 1203 1087 priu'
1230 1049 1350 1086 quam
1377 1034 1502 1073 abitis.
1525 1052 1568 1084 90

1133 1104 1210 1140 DE.
1242 1102 1255 1139 i
1274 1100 1315 1138 in
1335 1113 1502 1138 crucem.

176 1174 249 1210 ΡΗ.
282 1170 405 1210 immo
438 1170 543 1210 intus
577 1169 773 1222 potius—.
843 1182 1007 1219 sequere
1045 1169 1120 1206 hac
1158 1180 1233 1213 me,
1270 1165 1324 1203 mi
1361 1164 1503 1203 anime.

1006 1235 1110 1272 ARG.
1143 1231 1215 1283 ego
1235 1244 1331 1270 uero
1351 1243 1503 1280 sequor.

760 1345 916 1383 GREX

177 1429 259 1468 Hic
279 1442 399 1468 senex
418 1427 450 1467 si
470 1427 566 1478 quid
587 1428 688 1466 clam
710 1439 872 1465 uxorem
893 1438 965 1464 suo
985 1424 1120 1463 animo
1140 1422 1233 1462 fecit
1252 1423 1387 1472 uolup,

176 1508 306 1544 neque
326 1506 475 1532 nouom
496 1506 627 1542 neque
648 1492 790 1530 mirum
811 1491 903 1529 fecit
919 1504 992 1529 nec
1009 1503 1122 1528 secus
1138 1502 1258 1539 quam
1274 1487 1339 1526 alii
1356 1488 1483 1525 solent
1499 1501 1508 1533 3

177 1572 251 1597 nec
271 1558 481 1609 quisquam
501 1565 559 1596 est
579 1565 659 1595 tam
680 1555 840 1607 ingenio
860 1556 959 1594 duro
980 1568 1053 1593 nec
1074 1562 1155 1592 tarn
1175 1554 1289 1591 firmo
1309 1559 1468 1603 pectore

89 1635 157 1671 945
177 1623 273 1674 quin
294 1623 362 1662 ubi
382 1622 559 1673 quidque
579 1621 799 1661 occasionis
820 1620 868 1659 sit
889 1620 963 1659 sibi
982 1619 1099 1658 faciat
1119 1619 1232 1657 bene.
1528 1635 1568 1665 95

177 1702 283 1727 nunc
304 1688 335 1727 si
355 1687 472 1726 uoltis
493 1687 694 1737 deprecari
715 1688 808 1725 huic
829 1685 913 1725 seni
934 1700 984 1725 ne
1005 1685 1177 1735 uapulet‚

177 1768 306 1794 remur
325 1753 524 1805 impetrari
543 1767 670 1804 posse,
694 1753 877 1803 plausum
897 1751 929 1790 si
950 1753 1099 1790 clarum
1119 1750 1232 1790 datis.

221 1866 287 1895 932
309 1855 357 1885 vel
372 1859 548 1894 aequomst
636 1859 689 1885 est
706 1865 819 1885 mores
836 1853 976 1894 Pylades
991 1865 998 1884 :
1022 1863 1135 1883 mores
1152 1857 1203 1883 est
1219 1851 1288 1882 cod.
1447 1853 1511 1890 936

178 1899 287 1930 veluti
347 1899 468 1938 dignus
480 1909 518 1929 es
531 1898 708 1929 Gruterus:
734 1899 872 1936 dignum
890 1902 943 1928 est
959 1896 1026 1928 cod.
1046 1896 1086 1936 (i.
1097 1906 1126 1935 7,
1142 1906 1178 1935 p.
1194 1896 1254 1936 20)
1343 1904 1407 1934 937
1431 1895 1508 1924 abd.

178 1942 316 1973 Dousa:
343 1942 479 1973 adducit
494 1941 564 1972 cod.
580 1953 588 1972 z
616 1941 707 1972 ducit
723 1941 813 1973 codd.
830 1941 936 1972 Nonii
951 1941 1022 1978 128,
1033 1940 1114 1978 sort.
1133 1943 1209 1970 recte
1352 1949 1427 1978 940,
1447 1948 1507 1977 941

180 1987 304 2017 inverso
319 1985 430 2016 ordine
443 1985 527 2017 cod.:
547 1996 629 2016 corr.
639 1985 812 2016 Heckeisen
900 1994 966 2024 940
985 1983 1084 2014 abitis
1094 1983 1215 2013 Bothe:
1242 1982 1328 2013 abiis
1341 1981 1407 2012 cod.
1421 1981 1510 2021 (abis

179 2030 245 2068 PE)
348 2039 411 2069 941
438 2029 528 2059 intro
544 2028 618 2059 edd.
636 2028 691 2069 (cf.
709 2028 826 2068 Quint.
846 2037 873 2066 1,
890 2037 920 2066 5,
936 2027 995 2067 50)
1103 2037 1167 2066 942
1191 2037 1286 2057 suam
1302 2025 1395 2056 codd.
1411 2023 1514 2054 Nonii

183 2075 243 2112 187
334 2073 439 2112 uolup
450 2075 588 2103 testatur
600 2071 732 2103 Nonius
746 2083 753 2102 :
778 2071 964 2111 uoluptatis
980 2069 1050 2101 cod.
1069 2070 1108 2111 (i.
1125 2071 1162 2111 8)
1282 2071 1347 2109 946
1370 2068 1420 2100 vel
1432 2069 1509 2099 huic

179 2125 244 2156 947
269 2116 330 2158 [si]
348 2115 503 2157 plausum
520 2115 550 2147 si
564 2116 629 2157 (sic
645 2115 739 2158 PBD)
759 2115 886 2146 clarum
902 2114 970 2145 cod.
989 2114 1050 2156 (iv.
1066 2122 1098 2153 3.
1116 2113 1152 2154 4)
