1814 2723
160 60 228 97 IV.
248 59 295 96 ix
664 58 709 94 T.
744 55 923 94 MACCI
955 54 1158 92 PLAVTI

250 172 313 208 uel
334 177 375 208 ut
395 183 533 208 aurum
554 169 694 219 perdas
715 168 777 205 uel
799 173 841 205 ut
861 173 1012 204 amator
1032 165 1202 216 peiieret.

250 249 324 286 ego
344 249 473 285 neque
494 242 531 273 te
552 234 670 271 iubeo
691 244 819 281 neque
840 238 935 269 uoto
956 244 1085 280 neque
1106 231 1264 269 suadeo.

195 310 233 344 70
253 303 317 339 Νι.
351 301 506 339 miseret
526 313 589 337 me
609 298 721 336 illius.
782 298 859 336 CH.
892 303 980 334 tuos
1001 303 1069 342 est,
1092 310 1171 334 non
1194 295 1334 334 mirum
1356 293 1460 334 facis.

250 366 280 404 si
302 368 388 416 plus
409 365 659 415 perdundum
680 361 738 408 sit,
761 360 921 411 periisse
942 359 1116 398 suauiust
1600 374 1684 412 1045

249 445 368 481 quam
388 430 484 468 illud
506 427 693 478 flagitium
714 428 833 476 uolgo
855 425 1123 475 dispalescere.

252 498 317 534 N1.
349 509 399 533 ne
419 495 482 532 ille
503 494 643 543 edepol
666 490 813 541 Ephesi
835 491 960 528 multo
981 491 1189 528 mauellem
1210 491 1318 535 foret,

252 563 346 599 (lum
368 562 496 598 saluos
518 565 629 603 esset,
653 570 772 606 quam
793 554 1008 593 reuenisset
1029 555 1203 593 domum.

190 636 227 670 75
251 625 346 675 quid
367 638 439 674 ego
460 623 574 662 istic?
603 622 711 672 quod
731 620 1021 670 perdundumst
1041 632 1245 669 properem
1267 619 1439 669 perdere¹

250 690 364 728 binos
384 691 577 728 ducentos
599 686 801 735 Philippos
823 684 899 722 iarn
921 684 1025 721 intus
1047 684 1228 731 ecferam,
1601 694 1690 730 1050

250 763 287 794 et
308 754 419 793 militi
440 766 539 804 quos
560 753 712 791 dudum
734 749 894 800 promisi
917 749 1033 787 miser

251 828 288 858 et
309 820 412 858 istos.
473 832 588 856 mane
608 816 707 864 istic,
728 816 804 853 iam
828 828 924 853 exeo
945 815 995 852 ad
1017 821 1064 859 te,
1088 814 1344 862 Chrysam.—

252 887 329 925 CH.
362 886 403 922 fit
424 890 534 922 uasta
553 881 682 928 Troia,
707 881 893 919 scindunt
914 892 1094 929 proceres
1116 880 1360 928 Pergamum.

186 958 228 988 80
250 949 346 988 sciui
367 962 440 998 ego
459 948 537 986 iam
558 948 710 985 dudum
732 947 813 983 fore
835 958 898 982 me
919 943 1036 982 exitio
1059 945 1258 992 Pergamo.

249 1016 392 1064 edepol
413 1013 479 1063 qui
501 1026 564 1051 me
584 1025 668 1050 esse
691 1010 795 1049 dicat
818 1009 991 1047 cruciatu
1014 1009 1118 1046 malo
1602 1020 1688 1058 1055

249 1079 423 1130 dignum,
447 1092 496 1116 ne
517 1090 589 1126 ego
611 1090 700 1114 cum
724 1075 791 1113 illo
812 1074 952 1125 pignus
973 1074 1080 1111 haud
1100 1072 1225 1110 ausim
1247 1073 1364 1119 dare3

250 1152 377 1183 tantas
398 1144 582 1182 turbellas
604 1141 715 1179 facio.
777 1141 846 1178 sed
869 1139 1019 1189 crepuit
1040 1138 1154 1177 foris:

252 1211 417 1249 ecfertur
436 1209 581 1259 praeda
602 1221 648 1245 ex
668 1205 797 1244 Troia.
857 1213 1008 1243 taceam
1031 1203 1227 1242 nunciam.

191 1279 231 1319 85
253 1277 318 1313 N1.
351 1288 447 1325 cape
468 1275 544 1312 hoc
565 1272 635 1311 tibi
656 1285 806 1318 aurum,
831 1271 1029 1320 Chrysale,
1053 1269 1075 1315 i,
1098 1270 1153 1307 fer
1174 1268 1264 1306 filio.

251 1354 324 1390 ego
344 1342 394 1378 ad
415 1341 542 1377 forum
563 1345 695 1376 autem
713 1336 804 1374 hinc
826 1335 904 1382 ibo,
928 1342 970 1373 ut
991 1335 1143 1372 soluam
1165 1332 1287 1371 militi.
1605 1337 1693 1372 1060

252 1406 329 1445 CH.
362 1418 442 1443 non
464 1402 648 1453 equidem
669 1400 871 1450 accipiam.
932 1398 1046 1449 proin
1067 1405 1109 1436 tu
1130 1411 1292 1448 quaeras
1313 1396 1380 1447 qui
1401 1398 1507 1435 ferat.

251 1472 345 1509 nolo
366 1483 438 1519 ego
459 1467 555 1506 mihi
576 1466 692 1505 credi.
754 1467 819 1503 N1.
854 1478 951 1514 cape
972 1477 1080 1511 uero,
1101 1462 1238 1501 odiose
1259 1461 1363 1500 facis.

254 1537 330 1575 CH.
363 1547 444 1572 non
475 1532 661 1583 equidem
691 1530 855 1581 capiam.
917 1531 982 1567 N1.
1014 1536 1053 1567 at
1087 1541 1244 1578 quaeso.
1306 1528 1383 1565 CH.
1416 1525 1506 1564 dico
1540 1532 1582 1562 ut

590 1601 597 1607 ”
1309 1604 1368 1629 res
1389 1604 1429 1628 se
1449 1589 1579 1627 habet.

192 1676 236 1709 90
255 1667 320 1703 NI.
354 1677 514 1703 morare.
575 1663 652 1702 CH.
686 1662 790 1708 nolo,
813 1660 986 1711 inquam,
1009 1672 1146 1698 aurum
1169 1656 1354 1697 concredi
1375 1655 1480 1693 mihi.

253 1732 316 1768 uel
338 1731 388 1768 da
407 1728 578 1779 aliquem
600 1726 666 1777 qui
688 1733 816 1765 seruet
837 1740 911 1764 me.
972 1726 1038 1763 N1.
1071 1726 1158 1771 ohe,
1182 1723 1320 1762 odiose
1340 1720 1444 1759 facis.
1604 1718 1692 1762 1065

255 1796 331 1835 CH.
363 1794 474 1840 cedo,
512 1792 543 1831 si
576 1805 738 1831 necesse
773 1798 841 1830 est.
916 1792 982 1828 N1.
1015 1803 1107 1828 cura
1141 1790 1227 1827 hoc.
1287 1787 1364 1826 iam
1399 1799 1471 1836 ego
1505 1787 1582 1823 huc

1328 1864 1583 1890 reuenero.—

255 1926 331 1964 CH.
365 1930 541 1962 curatum
563 1930 763 1961 est—esse
783 1929 821 1959 te
843 1934 977 1959 senem
1001 1920 1284 1958 miserrumum.

255 1991 330 2029 hoc
352 1997 409 2028 est
430 1989 587 2039 incepta
607 1989 759 2026 efficere
780 1988 942 2037 pulchre
962 2002 969 2024 :
1006 1985 1127 2024 ueluti
1150 1984 1202 2023 mi

195 2067 237 2102 95
255 2055 387 2095 euenit
408 2063 449 2094 ut
470 2068 594 2093 ouans
614 2054 759 2104 praeda
779 2059 943 2092 onustus
964 2053 1144 2090 cederem
1162 2065 1172 2097 3

303 2170 384 2199 1052
408 2159 456 2190 vel
479 2158 534 2188 isti
671 2166 754 2195 1054
780 2156 918 2186 exitium
945 2154 1009 2187 cod.
1038 2154 1090 2195 (cf.
1121 2153 1199 2194 947)
1337 2153 1419 2182 1060
1443 2150 1583 2181 militem

256 2205 321 2236 cod.
341 2205 414 2243 (pro
431 2201 547 2233 militei
559 2203 584 2241 2)
600 2201 649 2241 (cf
664 2201 802 2241 Sffigmn
821 2203 827 2216 ‘
835 2202 921 2240 part.
943 2197 1054 2239 εοριιῖ.γ
1071 2209 1101 2237 p.
1126 2198 1200 2235 148)
1294 2197 1374 2233 1065
1399 2206 1452 2225 me
1469 2198 1584 2225 seruet

248 2244 289 2279 ΧΒ
306 2248 393 2289 (PCD
411 2257 443 2276 n.
466 2245 502 2285 l.)
520 2256 527 2275 t
551 2255 626 2275 corr.
647 2243 834 2283 Hermann,
855 2246 956 2272 metro
978 2242 1147 2272 consulens
1310 2240 1393 2268 1068
1417 2238 1455 2268 de
1479 2237 1584 2268 ueluti

257 2292 300 2322 mi
317 2291 352 2330 cf.
371 2288 631 2328 Lindsaypraef.
648 2288 682 2317 in
701 2287 793 2327 Capi.
812 2297 843 2326 p.
862 2288 925 2325 69:
950 2284 1073 2316 bellule
1091 2283 1137 2314 Mi
1158 2282 1221 2313 Leo
1323 2284 1405 2321 1069
1429 2281 1583 2312 cederem

257 2335 403 2375 Scalzger
418 2343 424 2363 ε
450 2332 641 2362 incederem
659 2330 736 2370 σαί,
755 2329 845 2369 quod
858 2332 987 2360 tutatur
999 2327 1064 2358 Leo
