1814 2723
122 51 176 88 II.
197 50 242 88 iii
624 48 671 85 T.
704 45 884 86 MACCI
915 45 1118 83 PLAVTI

201 160 472 200 Mnesilochus
492 158 714 205 aduocauit,
738 159 976 208 Pelagonem
997 170 1132 195 senem
1148 171 1158 204 3

201 240 249 265 eo
270 225 473 277 praesente
494 224 646 264 homini
667 224 864 273 extemplo
885 222 1058 261 ostendit
1079 221 1313 271 symbolum,

140 306 181 337 30
200 305 320 342 quem
341 298 423 329 tute
444 292 619 337 dederaS,
642 290 692 327 ad
713 302 804 327 eum
824 295 867 326 ut
887 289 1010 334 ferret,
1035 287 1125 325 filio.

202 359 267 395 Νι.
300 355 396 406 quid
417 355 485 394 ubi
506 355 540 394 ei
562 353 735 393 ostendit
755 353 1011 402 symbolum?
1069 354 1145 392 CH.
1178 351 1264 390 infit
1293 350 1424 390 dicere
1552 355 1616 400 265

200 421 464 461 adulterinum
486 428 524 459 et
544 434 624 459 non
645 433 736 458 eum
758 432 843 457 esse
863 418 1097 468 symbolum.

201 495 378 539 quotque
399 485 601 525 innocenti
622 485 657 524 ei
678 484 774 523 dixit
795 483 1054 522 contumelias
1072 486 1078 521 l

201 556 418 593 adulterare
440 566 529 591 eum
551 551 657 590 aibat
677 551 793 589 rebus
815 549 963 588 ceteris.

146 628 182 661 35
202 621 269 659 N1.
301 618 462 657 habetin
483 618 653 655 aurum?
682 617 722 654 1'd
744 615 840 653 mihi
861 614 939 654 dici
959 616 1063 654 uolo.

202 686 279 724 CH.
313 690 522 734 postquam
545 681 707 732 quidem
728 680 882 730 praetor
903 686 1194 730 recuperatores
1215 678 1336 726 dedit,
1553 687 1621 722 270

201 752 411 789 damnatus
432 750 604 794 demum,
627 747 667 785 ui
688 754 848 785 coactus
868 746 1041 784 reddidit

201 818 395 855 ducentos
416 821 453 853 et
475 814 567 851 mill’
589 812 827 863 Philippum.
889 814 954 850 N1.
987 818 1140 850 tantum
1161 811 1309 850 debuit.

203 882 280 921 CH.
313 893 428 930 porro
449 878 565 917 etiam
586 879 763 916 ausculta
783 890 955 927 pugnam
977 890 1094 926 quam
1116 875 1241 914 uoluit
1261 877 1363 914 dare.

143 961 184 992 40
204 947 270 984 N1.
303 944 510 983 etiamnest
531 942 627 993 quid
647 945 796 993 porro?
854 943 931 981 CH.
963 955 1038 989 em,
1061 940 1289 991 accipitrina
1307 943 1405 980 haec
1426 955 1533 980 nunc

1449 1007 1529 1046 erit.

201 1078 239 1115 N
245 1089 268 1114 1.
301 1077 490 1125 deceptus
511 1088 608 1121 sum,
633 1075 829 1123 Autolyco
850 1072 995 1124 hospiti
1015 1086 1153 1111 aurum
1173 1072 1334 1111 credidi.
1553 1084 1617 1121 275

203 1142 279 1181 CH.
313 1140 408 1191 quin
436 1148 477 1178 tu
504 1139 607 1179 audi.
668 1140 733 1177 N1.
767 1138 890 1177 immo
910 1137 1113 1188 ingenium
1139 1137 1247 1177 auidi
1267 1139 1374 1177 haud
1396 1152 1533 1189 perno-

1251 1217 1332 1242 ram
1354 1204 1530 1255 hospitis.

203 1274 280 1313 CH.
313 1279 523 1323 postquam
544 1285 682 1310 aurum
703 1270 950 1322 apstulimus,
970 1270 1010 1308 in
1031 1283 1175 1309 nauem
1196 1270 1502 1310 conscendimus

203 1339 368 1376 domum
390 1337 606 1387 cupientes.
664 1338 764 1376 forte
785 1344 828 1376 ut
847 1336 985 1376 adsedi
1006 1336 1047 1376 in
1068 1344 1186 1388 stega,

143 1415 183 1448 45
203 1403 299 1440 dum
321 1400 618 1450 circumspecto,
640 1398 759 1449 atque
780 1411 853 1449 ego
871 1399 1048 1437 lembum
1070 1399 1277 1450 conspicor

203 1468 376 1517 longum,
400 1465 601 1515 strigorem
622 1465 846 1503 maleficum
871 1464 1100 1504 exornarier.
1555 1475 1623 1509 280

204 1534 242 1571 N
247 1545 270 1571 1.
303 1531 398 1583 perii
419 1532 560 1578 hercle,
583 1531 738 1569 lembus
758 1530 823 1569 ille
844 1530 940 1568 mihi
961 1531 1081 1570 laedit
1100 1533 1211 1571 latus.
1615 1528 1616 1531 ¹

205 1600 282 1638 CH.
316 1598 347 1636 is
368 1605 448 1636 erat
469 1596 692 1636 communis
712 1610 803 1635 cum
825 1597 980 1648 hospite
1001 1606 1039 1637 et
1059 1599 1336 1649 praedonibus.

205 1666 243 1703 N
248 1677 271 1702 1.
303 1665 433 1702 adeon
453 1677 516 1701 me
536 1663 655 1702 fuisse
675 1665 838 1714 fungum
859 1672 901 1702 ut
923 1664 990 1714 qui
1010 1664 1064 1702 illi
1084 1667 1296 1713 crederem,

142 1747 185 1779 50
203 1741 324 1779 quom
346 1727 400 1765 mi
421 1727 550 1778 ipsum
573 1741 720 1767 nomen
741 1729 838 1769 eiius
859 1730 1164 1772 Archidemides

202 1796 388 1833 clamaret
408 1794 660 1844 dempturum
682 1807 777 1842 esse,
800 1794 832 1833 si
853 1794 949 1845 quid
969 1797 1168 1834 crederem
1185 1797 1202 1834 ?
1554 1805 1618 1848 285

204 1861 281 1898 CH.
314 1859 345 1897 is
366 1866 521 1897 nostrae
541 1859 633 1897 naui
653 1860 808 1898 lembus
829 1859 991 1899 insidias
1012 1861 1142 1899 dabat.

203 1923 340 1974 occepi
362 1937 434 1974 ego
455 1938 663 1974 opseruare
685 1939 752 1964 eos
774 1939 893 1975 quam
914 1939 995 1965 rem
1016 1933 1161 1976 gerant.

204 1989 352 2028 interea
372 2003 393 2028 e
413 1997 528 2040 portu
549 1997 681 2029 nostra
701 1990 814 2029 nauis
835 1990 1008 2029 soluitur.

145 2067 183 2101 55
205 2055 273 2094 ubi
293 2062 408 2105 portu
429 2054 590 2102 eximus,
613 2055 794 2094 homines
815 2056 976 2106 remigio
997 2056 1118 2107 sequi,

248 2161 313 2199 269
337 2159 475 2189 habetin
504 2157 664 2202 (annon)
685 2159 728 2200 (2)
754 2160 819 2190 Leo
960 2170 1022 2199 272
1047 2160 1137 2191 mille
1161 2165 1195 2191 et
1220 2161 1383 2192 ducentos
1407 2162 1534 2193 Pareus

203 2212 266 2242 275
285 2203 453 2241 Autolyco
469 2200 643 2233 scutarius
658 2215 665 2234 x
686 2203 828 2233 auiolico
845 2203 909 2235 cod.
931 2203 1031 2245 (Ipro
1047 2203 1090 2244 T)
1195 2206 1258 2244 276
1283 2205 1349 2244 ing.
1366 2206 1442 2236 audi
1455 2211 1532 2247 pro-

203 2245 433 2277 nun‘tiandum
578 2248 641 2285 278
666 2247 754 2277 domi
780 2247 929 2278 Ritschl:
975 2249 1109 2278 domum
1134 2247 1199 2279 cod.
1226 2249 1278 2288 (cf.
1315 2249 1447 2280 domum
1470 2255 1532 2290 pro

203 2291 293 2321 domi
317 2289 444 2330 Amph.
473 2290 543 2328 187,
583 2290 672 2322 Trin.
699 2291 779 2331 841)
919 2301 985 2331 279
1002 2291 1255 2331 circumspecto
1282 2291 1381 2335 (me)
1407 2293 1535 2324 Ritsclal

203 2335 266 2373 284
290 2333 530 2365 archidemidis
546 2333 611 2364 cod.
703 2335 767 2364 286
791 2334 919 2366 lembus
937 2340 1074 2366 nostrae
1091 2336 1170 2366 naui
1188 2335 1252 2366 cod.
1272 2347 1279 2366 ι
1304 2338 1376 2368 tras.
1395 2337 1533 2376 Pylades
