1814 2723
214 46 281 82 Li
687 46 733 84 T.
769 45 949 85 MACCI
981 47 1185 87 PLAVTI

265 155 333 191 PA.
366 153 561 204 numquid
582 160 623 192 tu
645 155 754 204 quod
775 161 813 193 te
832 162 900 193 aut
919 169 1060 205 genere
1081 155 1287 206 indignum
1308 156 1357 195 sit
1376 164 1445 198 tuo

264 218 359 257 facis
379 226 446 257 aut
470 218 645 269 inceptas
666 219 816 257 facinus
837 221 974 267 facere,
998 222 1277 260 Phaedrome?

202 293 241 324 25
265 296 361 321 num
383 290 423 322 tu
446 284 614 334 pudicae
635 283 836 333 quoipiam
858 284 1018 323 insidias
1039 286 1145 324 locas
1616 301 1661 341 25

261 355 329 386 aut
351 361 469 398 quam
491 348 675 398 pudicam
698 355 852 398 oportet
873 350 987 387 esse?
1044 351 1118 387 PH.
1151 349 1299 388 nemini
1315 366 1325 398 ,-

258 426 331 451 nec
354 427 417 451 me
438 413 501 451 ille
522 413 603 450 sirit
625 413 825 463 Iuppiter!
885 415 953 451 PA.
985 427 1058 464 ego
1079 414 1173 452 item
1194 417 1298 454 uolo.

259 478 312 516 ita
334 486 445 516 tuom
466 479 643 516 conferto
664 491 795 516 amare
816 491 980 529 semper,
1005 479 1035 517 si
1057 480 1172 530 sapis,

260 556 310 580 ne
331 542 370 580 id
392 544 500 592 quod
520 556 628 581 ames
649 544 818 592 populus
840 543 870 580 si
892 543 998 590 sciat,
1022 544 1092 582 tibi
1113 544 1161 582 sit
1182 545 1336 595 probro.

199 622 239 652 30
260 620 415 657 semper
435 614 570 645 curato
591 620 640 645 ne
661 606 712 645 sis
734 607 977 646 intestabilis.
1616 626 1661 661 30

261 674 335 710 PH.
368 672 463 722 quid
485 672 584 710 istuc
605 679 662 710 est
684 671 826 710 uerbi?
884 674 953 710 PA.
986 680 1100 712 caute
1120 681 1162 712 ut
1183 674 1343 713 incedas
1365 675 1427 713 uia
1445 691 1451 713 z
1616 690 1660 724 32

260 739 370 787 quod
391 751 499 776 amas
520 745 651 776 amato
673 737 839 776 testibus
860 738 1146 788 praesentibus.
1616 759 1656 793 31

259 805 334 840 PH.
366 802 462 852 quin
492 804 583 841 leno
613 802 676 841 hic
706 802 868 841 habitat.
929 804 997 841 PA.
1030 817 1149 843 nemo
1179 804 1271 843 hinc
1305 805 1487 855 prohibet
1521 819 1595 845 nec

893 861 896 864 ⁴
1486 878 1596 910 uotat

259 933 354 983 quin
376 935 483 983 quod
505 935 635 984 palam
657 941 715 972 est
735 934 888 981 uenale,
910 933 941 971 si
961 942 1165 984 argentum
1187 942 1256 983 est,
1280 948 1398 974 emas.

197 1009 236 1042 35
257 1012 376 1037 nemo
397 999 451 1037 ire
472 1013 712 1050 quemquam
734 998 893 1049 publica
916 1000 1099 1049 prohibet
1121 1000 1185 1039 uia
1200 1015 1210 1049 ,¹
1615 1012 1658 1050 35

256 1066 351 1102 dum
373 1078 423 1103 ne
444 1078 512 1114 per
531 1066 699 1103 fundum
721 1072 900 1114 saeptum
921 1064 1040 1103 facias
1061 1066 1252 1114 semitam,

255 1130 352 1167 dum
374 1130 441 1167 ted
461 1129 656 1179 apstineas
678 1136 811 1178 nupta,
834 1128 966 1176 uidua,
990 1129 1151 1181 uirgine,

258 1193 464 1233 iuuentute
485 1202 523 1233 et
543 1194 672 1244 pueris
693 1194 834 1240 liberis,
858 1207 948 1232 ama
968 1196 1186 1245 quidlubet.

260 1260 335 1297 PH.
368 1259 521 1298 lenonis
542 1261 617 1298 hae
637 1267 729 1298 sunt
749 1261 877 1299 aedes.
942 1262 1011 1298 PA.
1045 1262 1146 1299 male
1167 1260 1248 1299 istis
1270 1264 1436 1301 euenat!

196 1336 239 1368 40
261 1325 334 1362 PH.
367 1324 467 1374 qui?
524 1326 593 1363 PA.
625 1324 718 1375 quia
738 1327 943 1364 scelestam
965 1325 1192 1364 seruitutem
1214 1326 1399 1365 seruiunt.
1611 1340 1659 1375 40

259 1391 333 1426 PH.
366 1390 592 1440 obloquere.
653 1392 722 1428 PA.
755 1392 820 1429 fiat
841 1393 1172 1430 maxume—PH.
1202 1391 1319 1429 etiam
1341 1393 1478 1431 taces?

258 1456 326 1492 PA.
359 1468 503 1504 nempe
525 1455 688 1505 obloqui
710 1469 772 1494 me
793 1456 969 1495 iusseras.
1030 1458 1104 1494 PH.
1136 1463 1175 1494 at
1195 1469 1301 1494 nunc
1322 1464 1428 1495 uoto.

258 1519 311 1557 ita
331 1519 387 1557 uti
408 1519 545 1570 occe'pi
566 1520 697 1558 dicere
716 1536 723 1558 :
753 1521 788 1559 ei
808 1521 992 1560 ancillula
1012 1528 1080 1559 est.

259 1585 328 1621 ΡΑ.
360 1598 504 1634 nempe
525 1585 616 1623 huic
637 1585 770 1623 lenoni
792 1586 858 1636 qui
879 1586 943 1624 hic
963 1586 1143 1624 habitat?
1199 1587 1273 1624 PH.
1297 1593 1402 1625 recte
1422 1594 1543 1626 tenes.

194 1662 235 1693 45
258 1651 326 1687 PA.
359 1649 479 1688 minu'
500 1650 733 1698 formidabo,
756 1665 806 1689 ne
826 1651 991 1690 excidat.
1051 1653 1124 1689 PH.
1157 1651 1319 1689 odiosus
1340 1665 1391 1690 es.
1609 1659 1652 1697 45

255 1727 343 1752 eam
364 1715 447 1753 uolt
467 1715 710 1754 meretricem
732 1717 869 1755 facere.
928 1716 975 1755 ea
994 1729 1058 1754 me
1078 1716 1239 1766 deperit,

255 1793 328 1829 ego
348 1787 479 1818 autem
501 1793 591 1818 cum
612 1780 677 1819 illa
696 1782 823 1820 facere
843 1782 937 1819 nolo
958 1788 1150 1819 mutuom.

257 1846 325 1882 ΡΑ.
358 1844 454 1894 quid
470 1844 555 1883 ita?
602 1847 677 1883 PH.
707 1845 799 1895 quia
815 1846 1015 1896 proprium
1032 1846 1157 1884 facio:
1187 1859 1278 1884 amo
1294 1845 1436 1895 pariter
1453 1846 1578 1885 simul.

257 1911 326 1947 PA.
358 1910 473 1947 malu'
495 1910 762 1949 clandestinus
783 1919 841 1949 est
861 1924 982 1958 amor,
1005 1912 1234 1949 damnumst
1254 1924 1416 1949 merum.

301 2023 341 2052 23
366 2013 485 2052 generi
504 2013 571 2044 cod.
707 2016 750 2045 26
773 2025 848 2045 esse
871 2019 1004 2054 oportet
1024 2014 1115 2046 cod.:
1139 2015 1213 2045 trai.
1238 2014 1378 2054 Pylades
1396 2015 1448 2055 (cf.
1462 2015 1585 2054 sourn.

256 2056 346 2088 Phil.
370 2057 422 2095 26,
455 2059 532 2096 295)
687 2069 727 2097 27
752 2059 827 2090 sirit
862 2057 1034 2089 Muretus:
1073 2058 1152 2089 sinit
1175 2057 1241 2089 cod.
1393 2068 1434 2097 32
1456 2063 1533 2099 post
1547 2069 1586 2098 31

257 2100 325 2132 cod.
365 2101 414 2141 (ii.
449 2102 509 2139 6):
551 2103 751 2142 transposuit
775 2102 880 2132 Bothe
1034 2111 1072 2140 31
1109 2105 1221 2132 amato
1248 2101 1478 2135 Camerarius:
1512 2113 1588 2133 ama

257 2143 324 2176 cod.
458 2154 500 2183 33
526 2145 602 2175 hinc
630 2145 704 2177 Ital.
725 2156 733 2176 ι
766 2146 843 2176 huic
867 2145 951 2186 (PE)
979 2156 1024 2175 an
1051 2145 1104 2176 hic
1129 2144 1189 2183 (B)
1216 2145 1321 2177 incert.
1347 2145 1414 2177 cod.
1546 2148 1589 2184 36

258 2188 356 2218 faciat
380 2187 549 2218 Fleckeisen
682 2199 724 2228 43
748 2189 794 2219 ita
817 2188 992 2220 Muretus:
1016 2189 1049 2219 id
1075 2188 1164 2219 cod.:
1187 2189 1247 2219 sed
1268 2189 1315 2219 ita
1334 2188 1416 2219 Reiz
1545 2201 1587 2229 44

259 2232 362 2262 habet
377 2231 481 2262 Bothe
611 2242 653 2270 45
678 2233 813 2263 excidat
836 2231 1050 2264 Lambinus:
1086 2232 1209 2262 exedat
1232 2231 1299 2263 cod.
1329 2232 1407 2272 (pro
1430 2233 1583 2271 excedat,

255 2275 396 2347 gntilqua
417 2274 663 2316 orthographia)
797 2277 840 2314 46
863 2274 941 2318 (at)
965 2274 1212 2314 eaeFlecke1set1,
1238 2275 1290 2306 cui
1302 2275 1414 2306 hiatus
1429 2276 1463 2306 in
1476 2281 1586 2316 pausa

278 2319 327 2358 isp
340 2318 396 2349 icet
