1742 2718
729 90 933 129 CASINA
1417 88 1493 124 III.
1516 87 1529 122 i

169 215 269 247 cura,
307 215 379 252 ego
412 202 462 239 ad
498 202 622 238 forum
659 200 781 237 modo
816 198 906 237 ibo:
946 198 1022 236 iam
1057 197 1121 235 hic
1154 210 1230 235 ero.
1291 198 1362 234 AL.
1397 197 1497 233 bene

1325 261 1494 298 ambula.

170 334 239 371 ΙΝ.
274 333 332 370 sac
357 331 527 370 habeant
555 330 726 381 linguam
756 337 845 368 tuae
871 330 1000 368 aedes.
1060 329 1132 365 AL.
1165 325 1260 376 quid
1288 325 1369 363 ita?
1427 327 1495 363 ΙΝ.

1002 406 1124 443 quom
1147 390 1316 436 ueniam,
1341 397 1495 429 uocent.

167 464 239 501 AL.
271 464 438 500 attatae!
471 460 701 499 caedundus
722 462 764 497 tu
784 460 906 497 homo
927 472 991 497 es:
1022 457 1162 495 nimias
1184 455 1344 494 delicias
1365 454 1469 493 facis.

171 529 239 565 Lv.
272 526 366 576 quid
389 539 451 564 me
472 539 602 564 amare
623 526 750 571 refert,
771 523 845 562 nisi
866 523 938 562 sim
961 524 1101 562 doctus
1121 519 1202 573 (ac)
1221 520 1452 559 dicaculus?
1523 533 1556 564 15

81 605 147 643 530
167 593 237 631 sed
277 599 317 630 tu
356 605 452 630 caue
491 590 530 628 in
569 589 814 640 quaesitione
853 588 960 627 mihi'
988 588 1182 626 sis—AL.
1214 599 1339 636 usque
1376 586 1497 623 adero

1320 649 1496 689 domi.—

427 766 797 805 CLEVSTRATA
909 764 1237 800 ALCESIMVS
1517 761 1546 797 ii

166 850 237 888 CL.
270 849 361 886 Hoc
382 854 462 886 erat
483 854 634 885 ecastor
654 846 762 895 quod
784 858 848 883 me
868 843 926 882 uir
947 850 1057 882 tanto
1077 856 1196 893 opere
1217 841 1353 880 orabat
1373 853 1494 886 meuS‚

166 920 208 950 ut
229 925 477 963 properarem
497 924 692 949 arcessere
714 911 816 948 hanc
835 907 949 961 (huc)
967 909 1018 947 ad
1040 921 1102 946 me
1124 906 1295 945 uicinam
1317 919 1456 951 meam,

164 977 307 1016 liberae
328 978 445 1016 aedes
467 983 509 1014 ut
529 975 603 1014 sibi
624 982 756 1014 essent
777 974 962 1014 Casinam
984 987 1064 1023 quo
1085 973 1336 1011 deducerent.

166 1056 271 1081 nunc
291 1043 392 1081 adeo
413 1055 664 1092 nequaquam
685 1053 892 1084 arcessam,
913 1037 981 1090 <ne
1001 1036 1093 1089 illis>
1112 1035 1388 1087 ignauissurnis

80 1118 143 1155 535
165 1107 275 1147 liberi
296 1107 371 1147 loci
393 1114 565 1158 potestas
586 1106 644 1153 sit,
669 1105 811 1144 uetulis
832 1103 1077 1143 ueruecibuS.
1517 1116 1534 1148 5

166 1174 236 1212 sed
256 1186 395 1212 eccum
416 1171 621 1222 egreditur,
644 1170 768 1209 senati
789 1171 985 1215 columen,
1008 1167 1246 1219 praesidium
1268 1166 1386 1217 popli,

167 1236 268 1276 meu'
290 1237 454 1283 uicinus,
478 1250 569 1275 meo
590 1235 675 1274 uiro
696 1235 763 1285 qui
784 1234 951 1273 liberum
972 1232 1176 1283 praehibet
1196 1234 1340 1271 locum.

167 1317 247 1342 non
267 1310 419 1342 ecastor
438 1301 526 1340 uilis
547 1302 731 1351 emptu'st
751 1300 908 1339 modius
929 1298 997 1349 qui
1018 1297 1126 1336 uenit
1146 1297 1246 1336 salis.

166 1371 240 1407 AL.
271 1368 388 1407 miror
408 1369 486 1406 huc
506 1367 583 1406 iam
605 1380 686 1405 non
701 1365 843 1404 arcessi
864 1365 904 1403 in
924 1377 1160 1415 proxumum
1176 1375 1337 1402 uxorem
1354 1375 1494 1408 meam,

80 1447 147 1484 540
166 1448 267 1485 quae
287 1433 364 1472 iarn
385 1434 549 1479 dudum,
573 1432 604 1471 si
624 1438 851 1478 arcessatur,
873 1436 1011 1469 ornata
1029 1435 1229 1479 exspectat
1249 1427 1368 1467 domi.
1519 1438 1557 1460 10

167 1501 237 1539 sed
271 1512 416 1546 eccam,
440 1498 572 1549 opino,
601 1496 772 1536 arcessit.
831 1497 949 1543 salue,
982 1495 1212 1535 Cleustrata.
1272 1495 1343 1533 CL.
1375 1500 1413 1531 et
1442 1500 1494 1538 tu,

1286 1558 1495 1597 Alcesime.

167 1629 235 1669 ubi
255 1636 321 1668 tua
341 1631 465 1668 uxor?
520 1630 593 1666 AL.
624 1627 728 1666 intus
749 1626 814 1665 illa
834 1634 882 1674 te,
905 1625 937 1664 si
957 1639 998 1664 se
1017 1637 1200 1671 arcessas
1223 1630 1356 1662 manet
1370 1638 1380 1671 3

167 1709 260 1734 narn
280 1695 362 1733 tuo’
381 1694 439 1733 uir
460 1709 522 1733 me
543 1694 668 1733 orauit
689 1700 731 1732 ut
752 1706 840 1733 eam
861 1692 936 1731 isto
956 1692 1007 1730 ad
1031 1698 1069 1730 te
1089 1690 1268 1729 adiutum
1290 1689 1494 1728 mitterem.

168 1759 234 1798 uin
255 1762 426 1799 uocem?
482 1761 552 1799 CL.
585 1758 669 1798 sine
689 1772 802 1797 eam:
834 1765 871 1796 te
892 1758 997 1804 nolo,
1024 1755 1055 1795 si
1076 1762 1268 1805 occupata
1295 1761 1363 1793 est.
1422 1756 1494 1793 AL.

1283 1819 1407 1858 otium
1428 1826 1498 1858 est.

82 1897 145 1935 545
170 1891 240 1930 CL.
271 1889 326 1928 nil
346 1903 486 1937 moror,
510 1891 675 1929 molesta
695 1889 730 1928 ei
752 1903 837 1928 esse
858 1889 966 1935 nolo;
1007 1894 1096 1938 post
1116 1898 1352 1925 conuenero.
1522 1895 1557 1927 15

211 2003 276 2034 529
299 2005 337 2025 ac
350 1993 425 2025 add.
445 1993 613 2034 Kiesslt'ng
626 1993 688 2035 (iii.
707 1994 738 2033 1)
798 1993 879 2033 sort.
892 1992 956 2023 nisi
973 1992 1001 2022 si
1019 1992 1083 2022 sim
1100 1990 1152 2021 vel
1166 1990 1231 2021 nisi
1248 1989 1332 2021 siem
1401 1989 1498 2020 dicax

170 2037 255 2077 (-cas
288 2037 357 2077 PE)
391 2037 467 2068 uius
502 2038 617 2078 (uiuus
643 2037 684 2077 B,
713 2036 800 2067 uiuis
823 2036 893 2076 PE)
917 2035 984 2067 cod.
1020 2034 1046 2075 (i
1069 2039 1132 2075 pro
1157 2033 1184 2073 l)
1362 2042 1427 2072 530
1450 2033 1497 2063 in-

168 2080 351 2120 quisitione
381 2080 446 2112 cod.
476 2080 509 2119 (i.
532 2080 567 2119 5)
717 2090 792 2119 531,
814 2089 878 2119 532
901 2089 1026 2110 znvetso
1051 2078 1164 2108 ordme
1187 2076 1276 2108 cod.:
1310 2077 1383 2108 irai.
1415 2075 1501 2106 Bm'x

168 2134 231 2164 531
257 2125 346 2163 quod
364 2124 597 2155 Camerarzus:
624 2123 692 2165 [id]
715 2123 805 2163 quod
823 2122 887 2153 cod.
978 2132 1041 2162 532
1066 2122 1131 2152 huc
1149 2120 1224 2152 add.
1243 2121 1333 2151 Koch
1432 2129 1498 2159 534

170 2178 213 2198 ne
229 2167 304 2198 add.
324 2167 519 2205 saracenus
540 2167 603 2198 illis
620 2167 710 2198 Koclz
823 2175 886 2205 535
911 2166 1025 2196 accedzt
1039 2164 1072 2194 A
1164 2164 1276 2195 uitulis
1293 2164 1326 2194 P
1433 2164 1498 2202 536

169 2209 280 2253 (huc)
301 2221 371 2250 egr.
396 2210 522 2242 Schoell
666 2211 730 2249 538
754 2210 879 2249 emptu'
883 2214 913 2240 st
932 2208 1140 2239 Lambinus:
1170 2212 1305 2248 emptus
1327 2209 1407 2243 (om.
1428 2207 1495 2245 est)

169 2254 202 2283 A
222 2265 228 2284 :
253 2258 385 2293 eruptus
405 2259 456 2285 est
471 2254 505 2284 P
519 2254 630 2295 (etiam
646 2253 714 2294 ΡΑ)
806 2252 919 2283 modio
935 2251 1053 2283 Dousa
1185 2261 1246 2291 541
1271 2251 1393 2291 opinor
1408 2248 1496 2280 codd.

171 2307 234 2335 542
258 2298 347 2328 illam
364 2297 396 2327 A
411 2309 418 2328 :
443 2297 542 2328 ellam
558 2297 693 2338 Seyffert
796 2305 860 2336 543
885 2296 971 2327 istuc
988 2294 1076 2327 codd.
1146 2295 1294 2326 mitteret
1310 2294 1343 2324 A
1434 2302 1498 2332 544

171 2350 246 2371 eam
263 2345 297 2372 te
316 2341 431 2372 Goetz:
456 2342 558 2378 eamij
575 2340 608 2370 A
626 2351 634 2371 t
657 2350 724 2371 om.
746 2339 779 2369 P
