1814 2723
218 69 286 107 IV.

248 248 290 279 60

255 1755 293 1790 75

308 69 337 105 ii
726 67 773 105 T.
805 66 987 105 MACCI
1017 66 1222 104 PLAVTI

310 194 388 230 qua
402 180 550 230 aufugit
564 181 760 230 quaedam
782 191 801 212 ³1<
823 178 969 217 -aestio.
1019 176 1129 230 (LA.)
1141 177 1237 228 quid
1257 177 1327 216 id?
1347 177 1537 227 quidnam
1551 179 1637 216 est?
1656 184 1723 221 725

311 247 392 284 HA.
423 245 596 284 alienum
616 242 847 297 <concinnat
867 241 1034 295 malum>
1053 250 1091 281 et
1111 256 1328 281 maerorem
1348 241 1589 281 familiarem.

311 311 381 348 LA.
414 312 517 349 mala
546 323 657 357 mers,
688 323 765 357 era,
792 310 890 347 haec
925 315 963 347 et
997 307 1138 346 callida
1168 315 1237 346 est.
1297 309 1371 345 PH.
1404 314 1556 346 ecastor
1585 306 1640 344 ita

1471 372 1636 411 uidetur.

310 443 381 479 LA.
405 440 577 479 imitatur
590 453 762 490 nequam
776 439 943 478 bestiam
957 446 995 477 et
1008 438 1272 477 damnificam.
1313 439 1388 476 PH.
1412 451 1637 487 quemnam,

1468 502 1611 540 amabo
1624 504 1641 538 ?

312 573 381 608 LA.
414 571 672 617 inuoluolum,
695 583 797 620 quae
818 569 857 607 in
878 568 1055 619 pampini
1077 568 1171 607 folio
1191 568 1335 606 intorta
1354 567 1529 616 implicat
1550 580 1614 605 se:

310 636 446 674 itidem
467 637 564 673 haec
585 635 783 673 exorditur
803 634 878 672 sibi
898 634 1082 672 intortam
1103 632 1332 671 orationem.
1658 639 1727 674 730

275 714 286 721 ”
310 701 405 751 quid
422 700 652 750 quaeritas?
685 702 766 738 HA.
789 699 980 737 cistellula
995 698 1087 736 hinc
1109 698 1173 744 mi,
1190 699 1436 744 adulescens,
1452 695 1635 735 euolauit.

310 768 380 803 LA.
415 765 453 803 in
488 779 651 803 caueam
685 766 804 802 latam
840 763 1023 814 oportuit.
1100 765 1180 801 HA.
1212 776 1293 800 non
1323 763 1465 811 edepol
1495 761 1639 811 praeda

1485 839 1636 875 magna.

310 898 379 935 LA.
413 896 554 935 mirum
576 896 671 946 quin
692 909 784 945 grex
804 894 1004 933 uenalium
1025 894 1065 931 in
1087 895 1236 931 cistella
1256 891 1411 930 infuerit
1431 905 1519 929 una.

310 965 384 1000 PH.
407 962 491 1001 sine
511 962 626 1000 dicat.
687 963 758 999 LA.
782 960 813 999 si
833 961 938 999 dicat
959 960 1132 1010 quidem.
1192 961 1266 997 PH.
1289 972 1360 1008 age
1380 960 1541 1008 loquere
1563 954 1638 1009 [tu]

1276 1024 1373 1074 quid
1397 1023 1451 1061 ibi
1471 1021 1637 1061 infuerit.

313 1094 392 1130 HA.
425 1092 642 1142 crepundia
665 1105 753 1130 una.
814 1093 885 1129 LA.
908 1098 966 1129 est
987 1090 1149 1140 quidam
1170 1091 1292 1128 homo
1312 1088 1379 1138 qui
1400 1088 1505 1126 illam
1526 1087 1579 1125 ait
1600 1100 1641 1124 se
1660 1093 1724 1130 735

1380 1153 1477 1191 scire
1493 1152 1560 1190 ubi
1581 1152 1639 1190 sit.

254 1234 268 1265 T
314 1224 394 1260 HA.
426 1230 465 1260 at
486 1224 551 1272 pol
574 1222 636 1260 ille
657 1236 679 1260 a
699 1223 873 1272 quadam
894 1221 1067 1269 muliere,
1091 1220 1121 1258 si
1142 1234 1230 1259 eam
1258 1225 1458 1265 monstret,
1480 1217 1641 1267 gratiam

1526 1282 1639 1320 ineat.

312 1354 382 1391 LA.
414 1360 453 1391 at
483 1352 556 1390 sibi
587 1353 651 1390 ille
679 1352 842 1402 quidam
873 1354 955 1390 uolt
985 1351 1068 1390 dari
1098 1352 1332 1389 mercedem.
1394 1350 1474 1386 HA.
1507 1355 1545 1385 at
1577 1347 1642 1396 pol

1348 1414 1413 1451 illa
1433 1413 1639 1462 quaedam,

310 1496 411 1532 quae
433 1482 539 1520 illam
561 1482 752 1520 cistellam
772 1481 954 1533 perdidit,
979 1481 1169 1531 quoidam
1190 1487 1306 1530 negat
1327 1492 1412 1517 esse
1431 1478 1540 1527 quod
1560 1478 1638 1514 det.

312 1549 382 1585 LA.
414 1555 453 1585 at
483 1547 589 1585 enim
621 1547 684 1585 ille
719 1547 882 1597 quidam
922 1545 1099 1599 o<peram
1132 1546 1280 1584 bonam
1319 1541 1460 1595 magis)
1497 1536 1642 1591 expetit

1053 1612 1065 1621 ¹
1281 1622 1401 1659 quam
1424 1614 1639 1656 argentum.

314 1680 395 1716 HA.
427 1685 466 1716 at
486 1679 552 1728 pol
573 1677 627 1715 illi
646 1677 837 1728 quoidam
859 1676 1011 1715 mulieri
1032 1677 1138 1714 nulla
1158 1688 1277 1725 opera
1296 1673 1462 1724 gratuita
1480 1680 1549 1710 est.
1663 1686 1731 1721 740

316 1746 389 1781 PH.
422 1744 638 1781 commodo
657 1743 815 1792 loquela
835 1750 903 1780 tua
923 1741 993 1779 tibi
1018 1754 1124 1779 nunc
1144 1741 1298 1790 prodes.
1358 1739 1591 1776 confitemur

313 1807 502 1846 cistellam
524 1808 678 1845 habere.
741 1809 821 1845 HA.
854 1814 893 1844 at
914 1819 986 1844 uos
1008 1807 1119 1844 Salus
1141 1803 1345 1843 seruassit!
1389 1802 1458 1840 ubi
1473 1816 1519 1840 ea
1539 1814 1645 1839 nunc

1556 1874 1613 1905 est
1629 1868 1646 1904 ?

313 1941 386 1976 PH.
420 1941 568 1977 saluam
585 1952 731 1977 eccam.
791 1939 861 1976 sed
875 1951 948 1987 ego
964 1951 1046 1975 rem
1060 1949 1189 1974 meam
1206 1947 1387 1984 magnam
1402 1930 1644 1971 confabulari

357 2054 419 2082 725
443 2043 492 2073 vel
517 2044 620 2074 aestic
650 2043 733 2083 (PE)
761 2043 827 2074 cod.
981 2043 1044 2081 726
1068 2040 1173 2081 suppl.
1209 2038 1341 2078 Sclzoell,
1377 2037 1442 2068 Leo
1582 2036 1645 2074 728

312 2087 496 2118 maleficam
523 2087 612 2118 codd.
639 2087 760 2117 Isidori
784 2086 876 2127 Omg‘.
906 2097 955 2125 12,
984 2096 1013 2124 5,
1040 2096 1061 2124 9
1149 2083 1230 2122 quin
1251 2093 1327 2113 nam
1348 2081 1415 2112 cod.
1440 2081 1516 2121 (pro
1539 2089 1644 2118 quen-

314 2130 428 2170 nam2)
565 2141 624 2170 731
651 2130 817 2161 cistellam
842 2129 909 2161 cod.
930 2130 1006 2169 (pro
1027 2127 1169 2165 cistella,
1183 2127 1202 2157 i.
1219 2137 1244 2157 e.
1263 2125 1415 2156 cistelula
1427 2125 1463 2165 3),
1485 2122 1570 2153 unde
1584 2122 1645 2152 cis-

311 2175 391 2205 tella
409 2174 453 2204 mi
471 2175 502 2206 h.
520 2174 660 2214 Seyfflrt
746 2174 800 2205 hic
819 2172 885 2204 cod.
907 2173 1001 2215 (hinc
1013 2172 1056 2211 J)
1177 2180 1238 2209 734
1263 2174 1298 2199 tu
1315 2168 1373 2199 del.
1393 2167 1459 2197 Leo
1548 2165 1646 2195 inerit

259 2244 267 2255 N
312 2217 439 2248 Schoell
563 2219 625 2257 736
649 2218 699 2248 vel
713 2217 844 2247 mulieri
957 2226 1022 2255 739
1045 2215 1123 2254 quoi
1142 2215 1239 2244 darno
1258 2213 1342 2250 (-mu
1357 2211 1383 2252 2)
1400 2214 1475 2242 ante
1489 2211 1646 2241 lacunam

313 2261 376 2292 cod.
396 2273 403 2292 z
432 2262 537 2302 suppl.
566 2261 702 2301 Seyffirt
789 2270 890 2300 quam
912 2263 1091 2298 argentum
1110 2257 1264 2296 expetit:
1289 2256 1360 2286 irai.
1379 2253 1445 2284 Leo
1462 2266 1468 2284 :
1492 2264 1523 2292 q.
1539 2263 1567 2283 a.
1589 2262 1646 2281 ex-

312 2305 456 2344 petessit
473 2304 609 2345 quffln
698 2315 761 2343 740
784 2305 920 2343 quidam
938 2300 1012 2333 cods
1123 2311 1183 2340 741
1211 2299 1384 2330 commoda
1400 2297 1430 2335 J
1515 2295 1646 2334 loquela

314 2348 453 2379 Redslob
472 2348 583 2389 (Liter.
605 2348 776 2379 Centralbl.
799 2349 892 2386 1895,
910 2357 942 2386 p.
960 2347 1078 2385 1761):
1104 2342 1273 2382 loquelam
1292 2341 1358 2373 cod.
1436 2338 1646 2371 commodule

314 2392 478 2431 quaedam
495 2389 560 2422 Leo
651 2391 722 2431 tua]
742 2397 776 2421 tu
798 2390 936 2429 Ussing:
951 2389 1032 2428 fort.
1054 2387 1116 2417 tut’
1210 2386 1358 2425 prodens
1376 2384 1440 2416 cod.
