1742 2718
623 46 979 87 MENAECHMI
1409 41 1461 78 II.
1483 39 1529 77 ui

141 162 250 201 ducit
270 161 445 200 lembum
466 160 682 199 dierectum
703 158 814 196 nauis
834 155 1089 208 praedatoria.

142 229 212 266 sed
233 240 305 276 ego
326 225 487 264 inscitus
508 224 575 274 qui
595 223 760 262 domino
781 236 844 261 me
864 223 1060 272 postulem
1081 218 1340 258 moderarier:

142 292 249 331 dicto
271 305 333 329 me
354 290 448 329 emit
467 289 707 336 audientem,
730 288 836 326 haud
856 286 1131 337 imperatorem
1153 284 1237 322 sibi.

54 370 122 408 445
142 355 362 408 sequimini,
387 363 438 402 ut,
461 355 571 405 quod
597 353 832 404 imperatum
858 359 927 399 est,
950 351 1107 390 ueniam
1133 350 1347 388 aduorsum
1375 355 1469 386 tem-

1320 425 1470 462 pen.—

621 606 856 656 ACTVS
908 604 986 652 III

648 722 967 759 PENICVLVS
1495 712 1608 751 III.i

145 811 215 848 PE.
247 810 339 847 Plus
360 808 515 859 triginta
542 807 546 859 1
571 807 685 846 annis
705 814 819 844 natus
840 819 939 852 sum,
961 817 1084 855 quom
1111 802 1115 855 Ι
1140 802 1288 841 interea
1307 802 1384 840 loci

146 886 363 923 numquam
383 872 597 922 quicquam
617 870 768 909 facinus
789 869 863 908 feci
883 868 994 920 peius
1013 881 1144 917 neque
1163 865 1365 905 scelestius

146 939 264 988 quam
298 937 429 983 hodie,
465 950 587 987 quom
622 933 696 989 [in]
732 934 960 973 contionem
998 931 1171 972 mediam
1205 944 1269 970 me
1301 929 1474 968 immersi

1346 994 1473 1034 miser.

146 1068 214 1107 ubi
233 1081 306 1118 ego
326 1069 422 1106 dum
442 1067 561 1115 hieto,
584 1067 872 1105 Menaechmus
892 1078 934 1103 se
953 1062 1198 1113 supterduxit
1218 1060 1314 1100 mihi

58 1148 80 1180 4
86 1146 129 1182 5ο
146 1141 265 1183 atque
284 1132 368 1171 abit
387 1133 438 1170 ad
457 1131 638 1179 amicam,
661 1132 790 1178 credo,
813 1143 943 1180 neque
962 1143 1026 1167 me
1046 1127 1173 1167 uoluit
1192 1128 1347 1166 ducere.
1495 1137 1513 1169 5

148 1198 215 1248 qui
227 1198 337 1236 illum
351 1198 391 1236 di
404 1210 542 1236 omnes
555 1196 738 1247 perduint
751 1195 843 1246 quei
855 1195 1002 1246 primus
1016 1192 1129 1247 (hoc)
1142 1198 1392 1232 commentus
1404 1198 1476 1238 est,

148 1263 376 1302 contionem
395 1263 550 1309 habere,
574 1261 641 1312 qui
662 1261 842 1300 homines
863 1267 1076 1310 occupatos
1096 1260 1287 1308 occupat!

148 1342 229 1366 non
249 1329 300 1366 ad
320 1341 406 1366 eam
428 1341 509 1366 rem
538 1326 541 1378 Ι
567 1326 715 1365 otiosos
736 1326 918 1364 homines
939 1324 1073 1364 decuit
1092 1323 1220 1373 deligi,

149 1393 216 1444 qui
236 1393 311 1431 nisi
330 1392 461 1431 adsint
480 1405 601 1442 quom
622 1391 800 1438 citentur,
823 1403 964 1430 census
984 1389 1113 1440 capiat
1131 1388 1251 1426 ilico?

62 1468 129 1507 455
259 1473 278 1494 ,κ
308 1471 426 1509 quam
448 1464 605 1496 senatus
636 1470 654 1490 *
822 1470 840 1490 2¹<
870 1454 1098 1494 contionem
1130 1467 1148 1487 *
1498 1470 1538 1492 10

635 1537 653 1558 »κ
821 1537 839 1557 21:

152 1590 315 1630 adfatim
336 1596 394 1628 est
414 1588 621 1627 hominum
642 1588 683 1626 in
703 1587 788 1626 dies
809 1586 876 1637 qui
897 1585 1068 1636 singulas
1088 1597 1197 1623 escas
1217 1583 1339 1630 edint,

153 1656 286 1707 quibu'
315 1654 448 1705 negoti
473 1654 571 1693 nihil
600 1662 669 1702 est,
702 1653 771 1704 qui
798 1665 929 1692 essum
963 1663 1093 1701 neque
1126 1656 1319 1688 uocantur
1352 1659 1481 1697 neque

1313 1719 1481 1751 uocant:

154 1800 222 1825 eos
243 1793 397 1836 oportet
416 1785 592 1825 contioni
611 1787 704 1824 dare
724 1798 884 1835 operam
903 1791 1023 1833 atque
1042 1779 1245 1820 comitieis.

67 1856 137 1898 460
154 1853 186 1891 si
206 1851 247 1890 id
266 1851 320 1890 ita
338 1859 454 1899 esset,
473 1865 554 1890 non
574 1864 648 1900 ego
667 1849 787 1889 hodie
807 1848 1065 1900 perdidissem
1086 1844 1306 1897 prandium,
1503 1855 1540 1887 15

154 1916 248 1967 quoi
268 1924 348 1954 tam
369 1917 488 1955 credo
508 1917 644 1954 datum
666 1916 837 1953 uoluisse
857 1927 977 1964 quam
998 1925 1062 1950 me
1082 1911 1202 1950 uideo
1222 1909 1366 1948 uiuere.

199 2031 263 2060 443
286 2019 342 2060 qui
359 2019 495 2050 domino
512 2029 565 2049 me
582 2017 704 2049 Bothe:
727 2017 808 2056 quid
827 2016 931 2056 (quod
950 2015 996 2055 Β)
1013 2025 1106 2057 rome
1129 2014 1193 2045 cod.
1217 2014 1285 2055 (vii.
1303 2023 1332 2053 5,
1354 2023 1385 2053 p.
1406 2012 1484 2052 104)

157 2066 222 2104 446
244 2063 357 2094 accedit
382 2063 416 2094 A
447 2063 593 2103 (446-53
616 2061 709 2092 inilia
723 2061 794 2101 sere
823 2060 990 2101 leguntur)
1159 2059 1226 2097 446
1257 2062 1357 2088 natus
1387 2056 1484 2087 annis

160 2108 340 2138 Gruterus:
363 2107 427 2137 iam
444 2106 520 2137 add.
542 2105 680 2136 Mueller
774 2102 883 2146 (ego)
900 2113 974 2134 sum
990 2101 1116 2132 Ritschl
1265 2111 1329 2140 447
1354 2099 1482 2139 neque]

158 2156 261 2191 atque
276 2150 309 2180 B
408 2151 472 2190 448
496 2150 530 2180 in
547 2159 614 2179 om.
634 2149 668 2178 Α
689 2151 727 2178 ut
741 2147 805 2179 m‘d.
907 2156 967 2186 451
993 2145 1070 2185 Que
1089 2144 1162 2185 (B1)
1178 2144 1229 2176 vel
1242 2144 1318 2184 Quo
1337 2143 1437 2183 (PCD)
1455 2142 1489 2173 P

159 2195 232 2235 <pro
248 2194 372 2233 Quei2)
435 2195 498 2224 hoc
522 2191 598 2224 add.
623 2191 744 2222 Vahlen
806 2194 995 2222 commentu
1013 2195 1065 2221 est
1080 2189 1121 2228 P,
1140 2188 1174 2218 A
1194 2200 1226 2220 n.
1243 2188 1263 2220 l.
1283 2200 1291 2220 ε
1315 2197 1484 2218 commen-

159 2242 229 2268 tust
245 2236 374 2279 (male)
390 2236 517 2268 Ritschl
638 2244 702 2274 452
724 2233 866 2274 habere]
888 2234 970 2264 hare
986 2232 1052 2264 cod.
1069 2233 1139 2274 (vii.
1151 2242 1182 2271 5,
1197 2243 1228 2272 p.
1242 2232 1301 2271 95)
1421 2239 1485 2269 454

158 2281 327 2312 citenetur
351 2280 384 2311 P
405 2279 480 2321 (pm
507 2279 632 2311 citetur
658 2288 737 2310 corr.
766 2279 951 2315 citenturie)
1086 2276 1220 2316 capiant
1245 2275 1280 2305 P
1301 2274 1396 2314 (corr.
1422 2272 1484 2314 ΒΞ)

159 2326 268 2364 455—6
291 2334 356 2356 om.
384 2323 438 2354 P:
473 2323 605 2363 vestzjgia
626 2325 758 2352 tantum
784 2327 857 2362 app.
886 2321 921 2351 in
951 2320 984 2350 A
1170 2320 1235 2359 458
1258 2315 1482 2357 quieseuntA

159 2367 297 2408 uocant]
314 2367 448 2398 uocauit
464 2366 497 2396 P
515 2367 608 2407 (corr.
624 2365 689 2406 ΒΞ)
789 2366 853 2404 460
877 2374 952 2394 esse
969 2363 1002 2393 A
1119 2364 1178 2402 461
1207 2373 1250 2392 ne
1267 2360 1300 2391 P
