1814 2723
186 427 216 462 I.

779 307 1015 355 ACTVS
1069 309 1087 354 I

240 427 254 462 i
430 421 722 458 SELENIVM
834 421 1179 457 GYMNASIVM
1292 420 1443 458 LENA

328 519 417 555 SEL.
442 519 576 565 Quom
597 530 669 567 ego
685 518 852 555 antehac
869 524 907 554 te
926 517 1058 555 amaui
1073 525 1111 555 et
1124 517 1179 555 mi
1193 517 1361 555 amicam
1378 531 1464 556 esse
1479 517 1594 565 creui,

325 596 412 620 mea
433 582 702 632 Gymnasium,
725 590 763 620 et
784 589 948 620 matrem
969 590 1087 629 tuam,
1111 590 1195 620 tum
1215 582 1255 621 id
1277 582 1372 620 mihi
1393 583 1512 621 hodie

323 646 518 697 aperuisti,
541 654 582 684 tu
603 654 721 696 atque
742 648 840 684 haec
857 662 865 685 ε
894 660 1002 685 soror
1023 647 1054 684 si
1074 660 1163 685 mea
1182 660 1299 693 esses,

377 712 443 762 qui
465 711 578 761 magi'
599 711 771 761 potueris
793 713 847 749 mi
867 713 1061 750 honorem
1082 712 1135 750 ire
1156 712 1347 759 habitum,

232 795 247 825 5
268 778 412 824 nescio,
436 777 520 824 nisi,
544 785 586 815 ut
608 777 719 815 meus
740 785 797 815 est
817 777 983 825 animus,
1006 777 1088 816 fieri
1109 790 1189 815 non
1209 791 1326 827 posse
1345 778 1533 826 arbitr0r3
1617 793 1634 829 5

267 844 320 882 ita
340 842 525 881 omnibus
545 842 688 880 relictis
710 843 826 880 rebus
847 842 944 879 mihi
964 843 1210 892 frequentem
1231 855 1391 891 operam
1407 843 1581 881 dedistis.

267 923 316 948 eo
336 922 409 959 ego
429 922 501 946 uos
520 921 612 946 amo
633 915 670 946 et
691 921 740 946 eo
760 908 783 945 a
804 921 866 946 me
887 921 1070 957 magnam
1090 906 1229 946 iniistis
1248 908 1423 957 gratiam,

322 976 395 1013 GY.
427 976 493 1024 pol
522 974 597 1012 isto
628 973 790 1023 quidem
821 987 893 1012 nos
923 973 1048 1024 pretio
1077 972 1175 1011 tanti
1205 980 1288 1021 est3
1317 973 1429 1012 facile
1448 981 1507 1012 est
1526 975 1596 1012 fre-

1407 1046 1595 1088 quentare

482 1105 553 1145 tibi
573 1106 756 1156 utilisque
778 1106 922 1143 habere
939 1121 946 1143 :

209 1188 247 1208 10
428 1172 481 1210 ita
501 1172 540 1209 in
561 1171 726 1221 prandio
748 1184 820 1208 nos
840 1170 971 1220 lepide
990 1183 1036 1208 ac
1056 1169 1180 1207 nitide
1620 1185 1661 1209 10

318 1236 504 1287 accepisti
525 1237 631 1286 apud
652 1244 699 1282 te,
724 1243 765 1273 ut
788 1249 942 1285 semper
963 1234 1267 1273 meminerimus.

321 1305 409 1342 SEL.
441 1299 706 1354 lubenti[que]
730 1302 871 1351 edepol
892 1301 1026 1339 animo
1046 1302 1193 1338 factum
1214 1308 1252 1338 et
1273 1301 1340 1338 fiet
1358 1313 1382 1338 a
1402 1314 1475 1347 me,

320 1381 421 1418 quae
442 1380 513 1405 uos
532 1366 782 1419 arbitr<ab>or
802 1368 914 1414 uelle,
938 1380 984 1404 ea
1004 1373 1047 1404 ut
1068 1375 1324 1417 expetessam.

269 1435 338 1472 LE.
371 1434 479 1484 quod
500 1433 563 1472 ille
583 1432 691 1480 dixit,
715 1431 782 1482 qui
804 1432 981 1469 secundo
1001 1438 1122 1469 uento
1142 1438 1280 1469 uectus
1307 1438 1364 1469 est
1385 1431 1595 1481 tranquillo

1486 1497 1592 1544 mari,
1611 1539 1613 1542 v

209 1580 246 1614 15
267 1573 430 1604 uentum
443 1563 805 1615 gaudedssecastor
819 1563 869 1601 ad
886 1562 963 1610 ted,
980 1561 1032 1599 ita
1048 1561 1168 1600 hodie
1184 1561 1248 1599 hic
1260 1569 1446 1612 acceptae
1459 1575 1594 1601 sumus
1618 1575 1655 1611 15

534 1629 720 1668 suauibus
742 1628 881 1675 modis,
1054 1614 1066 1623 ¹

265 1709 338 1735 nec
369 1695 443 1734 nisi
477 1694 684 1745 disciplina
714 1694 820 1744 apud
852 1700 890 1731 te
922 1692 993 1730 fuit
1028 1691 1240 1742 quicquam
1274 1691 1329 1730 ibi
1367 1692 1462 1742 quin
1496 1692 1593 1731 mihi

1410 1759 1590 1807 placeret.

265 1829 354 1866 SEL.
387 1826 483 1877 quid
504 1826 567 1873 ita,
589 1825 762 1864 amabo?
820 1826 891 1862 LE.
924 1837 1010 1862 raro
1030 1822 1197 1861 nimium
1217 1823 1337 1861 dabat
1358 1824 1467 1872 quod
1487 1823 1594 1862 bibe-

1011 1903 1104 1936 rem,
1127 1888 1167 1927 id
1188 1901 1339 1926 merum
1361 1887 1590 1927 infuscabat.

375 1959 447 1996 GV.
470 1958 625 2004 amabo,
641 1957 771 1996 hicine
793 1956 892 1995 istuc
909 1956 1053 1994 decet?
1102 1955 1172 1992 LE.
1197 1953 1335 2003 iusque
1356 1954 1492 2003 fasque
1512 1961 1593 1992 est:
1618 1968 1671 2004 19,
1695 1969 1739 1993 20

313 2072 327 2092 1
351 2061 479 2102 Quom]
493 2062 570 2101 quia
581 2061 647 2093 cod.
662 2061 817 2092 Vartvm‘s
829 2060 865 2091 de
881 2059 921 2091 L.
939 2058 977 2090 L.
994 2069 1022 2098 7,
1037 2059 1080 2097 98
1201 2067 1221 2096 3
1241 2056 1456 2096 aperuistis]
1574 2069 1594 2098 4

265 2107 316 2137 vel
328 2116 427 2144 mage
516 2105 696 2144 potueritis
712 2103 765 2135 PE
897 2104 918 2134 8
941 2107 965 2133 t.
985 2107 1038 2132 est
1054 2100 1079 2132 f.
1097 2104 1149 2131 est
1164 2100 1297 2140 scripsi:
1321 2100 1417 2131 facile
1435 2105 1485 2131 est
1501 2100 1592 2132 cod.:

267 2150 351 2181 tanti
369 2154 421 2180 est
438 2148 504 2179 cod.
522 2147 687 2188 Varronis,
702 2149 761 2188 qui
774 2152 884 2178 tamen
902 2148 1131 2185 interpretatur
1147 2144 1154 2161 ‘
1157 2144 1253 2184 facile
1268 2147 1313 2174 est
1328 2154 1440 2175 curare
1456 2148 1493 2175 ut
1506 2144 1593 2175 adsi-

268 2194 362 2224 mus'
511 2203 532 2231 9
556 2203 710 2223 versuum
728 2191 917 2222 divisionem
934 2189 1130 2229 confirmare
1144 2187 1270 2218 videtur
1286 2187 1388 2218 Varro
1475 2189 1591 2219 haberi

259 2236 310 2267 χΒ3
414 2247 452 2267 12
475 2247 539 2276 que
552 2236 610 2268 del.
624 2236 727 2266 Bothe
831 2246 868 2274 13
890 2234 1077 2266 arbitrabor
1091 2231 1303 2262 Camerarius
1375 2236 1590 2271 expetessam

268 2280 451 2311 Gronovius
466 2292 472 2311 :
497 2285 640 2318 expetes
652 2279 718 2310 cod.
814 2290 852 2318 14
876 2288 967 2309 mare
983 2275 1046 2312 qod.
1064 2276 1154 2315 (cum
1171 2274 1235 2305 cod.
1257 2274 1450 2305 Clzarisii61
1470 2279 1497 2305 et
1516 2275 1589 2314 137)

270 2334 306 2363 15
330 2336 363 2355 u:-
380 2324 445 2354 cod.
538 2324 591 2353 hic
609 2334 674 2354 om.
694 2324 726 2353 Β
862 2324 899 2352 18
913 2323 993 2361 jbrt.
1016 2320 1092 2350 dab.
1110 2319 1236 2357 bibere,
1257 2328 1337 2348 uam
1354 2318 1412 2349 inf.
1432 2318 1569 2359 dasps’tcet
