1742 2718
732 72 1060 110 AVLVLARIA
1507 74 1551 109 V.
1574 72 1586 108 i

231 181 254 229 i,
294 183 414 223 redde
444 195 592 222 aurum.
652 183 695 220 L.
719 184 755 221 S.
787 183 949 221 reddam
989 196 1062 232 ego
1100 183 1267 220 aurum?
1323 183 1392 220 Lv.
1424 183 1555 227 redde,

662 247 834 297 inquam,
858 257 900 285 ut
921 247 1011 285 huic
1032 248 1226 286 reddatur.
1288 248 1330 284 L.
1355 248 1391 285 S.
1423 248 1557 285 unde?

145 314 214 358 830
232 316 302 353 Lv.
335 316 443 365 quod
464 315 585 353 modo
605 315 740 351 fassu’s
761 326 846 352 esse
866 313 906 351 in
925 326 1026 352 arca.
1071 315 1114 351 L.
1137 314 1173 351 S.
1207 314 1314 350 soleo
1335 313 1464 350 hercle
1485 325 1556 361 ego

1262 376 1402 427 garrire
1422 390 1554 426 nugas.

232 443 284 482 ita
304 445 452 494 loquor.
504 445 574 482 Lv.
607 442 645 481 at
666 442 750 481 scin
770 456 850 493 quo
866 444 1017 481 modo?
1074 444 1116 480 L.
1140 443 1176 481 S.
1209 443 1272 480 uel
1289 443 1418 479 hercle
1435 441 1554 487 eruca,

985 520 1202 557 numquam
1223 506 1314 544 hinc
1334 507 1432 545 feres
1453 519 1476 544 a
1495 518 1558 544 me

606 573 623 592 *
793 573 810 591 >1<
979 572 996 591 ²¹⁵
1166 572 1183 591 >k

698 687 1088 739 (FRAGMENTA)

230 784 300 821 pro
320 770 394 808 illis
414 769 591 817 corcotis‚
615 769 810 819 strophiis,
833 776 992 819 sumptu
1013 768 1160 807 uxorio.
1576 782 1587 803 1

230 843 272 873 ut
291 834 555 873 admemordit
574 834 778 872 hominem
796 837 802 872 1
1577 848 1601 868 11

230 900 366 950 (Evc.)
396 913 469 949 ego
489 898 738 937 ecfodiebam
759 898 799 936 in
819 898 883 937 die
903 900 1028 937 denos
1050 898 1222 937 scrobes.
1577 910 1615 930 111

230 963 366 1015 (Evc.)
395 977 469 1003 nec
503 971 623 1003 noctu
657 977 731 1002 nee
765 963 833 1002 diu
868 963 1023 1014 quietus
1040 976 1246 1013 .umquam
1281 976 1384 1001 eram
1403 977 1411 1009 3
1451 975 1556 1000 nunc
1578 975 1613 996 ιν

1349 1026 1553 1066 dormiam.

230 1093 290 1137 (L.
314 1093 371 1146 S.)
401 1093 469 1145 qui
489 1093 543 1132 mi
563 1095 698 1133 holera
716 1095 838 1133 cruda
857 1101 1022 1145 ponunt,
1045 1095 1172 1132 hallec
1191 1092 1368 1132 adduint.
1576 1108 1598 1128 v

592 1203 961 1255 (FRAGMENTA
991 1202 1188 1254 Dvss1A)

230 1285 325 1336 quin
346 1285 442 1324 mihi
461 1293 702 1335 caperratam
723 1292 830 1323 tuam
851 1286 1032 1332 frontem,
1055 1283 1234 1330 strobile,
1256 1282 1433 1323 omittis?
1582 1296 1618 1317 vr

443 1352 513 1389 sed
533 1352 624 1389 leno
644 1349 838 1400 egreditur
858 1351 970 1397 foras,
1573 1362 1623 1383 vn

228 1415 321 1454 hinc
341 1429 388 1454 ex
407 1417 564 1454 occulto
585 1422 830 1454 sermonatus
852 1415 1066 1464 sublegam.

272 1530 284 1551 1
307 1520 440 1550 Nonius
455 1522 518 1559 538
537 1520 757 1560 (strophiuml
878 1529 903 1550 11
931 1519 1054 1550 Gellius
1069 1521 1101 1557 6,
1118 1529 1149 1559 9,
1170 1520 1191 1549 6
1207 1518 1402 1557 (merrsordi)
1518 1527 1558 1548 111

227 1564 359 1595 Nonius
373 1574 405 1604 p.
425 1574 487 1603 225
510 1564 671 1603 scrobes)
724 1562 798 1606 (ei)
815 1563 849 1593 in
870 1563 911 1603 (ί)
933 1561 1000 1593 Leo
1148 1573 1184 1593 1v
1206 1562 1336 1592 Nonius
1350 1563 1392 1601 98
1410 1562 1478 1599 (diu
1498 1572 1558 1600 pro

229 1608 299 1644 die)
406 1617 429 1638 v
451 1608 580 1638 Nonius
596 1618 655 1638 120
672 1608 796 1647 (hallec
814 1618 940 1646 genere
959 1607 1095 1645 neutro)
1211 1606 1353 1636 adduint
1365 1605 1558 1644 Quicherat:

229 1651 324 1681 duint
340 1650 426 1683 codd.
546 1661 582 1681 VI
612 1651 767 1682 Varronis
782 1651 1012 1681 Eumenidum
1025 1656 1102 1688 (134
1120 1649 1237 1680 Bueclt.
1272 1659 1383 1679 versus
1398 1652 1449 1679 est.
1494 1647 1563 1679 Sed

230 1698 344 1724 utrum
354 1705 432 1725 eum
444 1705 484 1725 ex
497 1694 614 1725 Plauti
626 1695 811 1725 Aulularia
829 1706 872 1725 an
890 1694 1023 1726 aliunde
1043 1693 1147 1724 Varro
1165 1697 1339 1723 mutuatus
1349 1693 1391 1722 sit
1401 1693 1558 1722 incertum

229 1748 280 1768 vu
303 1737 434 1768 Nonius
464 1748 528 1778 332
560 1739 692 1778 (legere
722 1738 894 1777 surripere
922 1738 1110 1774 significat)
1213 1737 1457 1778 sermone(-es)
1485 1740 1559 1766 atus

229 1781 312 1813 subl.
333 1781 397 1812 cod.
414 1793 421 1812 :
444 1782 582 1813 correxi:
605 1791 799 1813 sermonem
816 1782 889 1812 eius
905 1782 978 1813 sub.
995 1781 1156 1811 Mercerus
