1794 2728
210 101 241 138 1.
266 100 295 135 ii
677 96 724 133 T.
757 93 937 132 MACCI
970 91 1175 129 PLAVTI

264 224 350 249 eam
373 210 607 248 seditionem
628 208 682 246 1111
704 208 743 245 in
764 205 1017 256 tranquillum
1039 205 1225 242 conseret.

265 286 370 311 nunc
391 274 441 310 de
461 274 682 310 Alcumena
703 271 854 308 dudum
877 281 956 318 quo
975 267 1054 306 dixi
1076 266 1217 314 minus,

264 338 384 377 hodie
406 338 468 375 illa
488 336 611 387 pariet
636 336 734 373 filios
756 334 933 384 geminos
956 334 1079 370 duos:
1610 332 1682 374 480

264 405 360 441 alter
380 404 550 441 decumo
571 408 659 451 post
681 413 815 438 mense
838 405 1019 436 nascetur
1040 410 1135 446 puer

203 485 243 506 20
265 481 383 518 quam
406 464 678 517 seminatus<t>‚
702 466 798 502 alter
819 476 954 501 mense
976 469 1157 511 septumo
1177 475 1184 505 ;

266 545 401 570 eorum
424 529 722 580 Amphitruonis
744 530 839 566 alter
860 535 927 573 est,
952 528 1048 564 alter
1071 524 1202 563 Iouis:

266 610 401 634 uerum
424 595 564 633 minori
586 608 707 645 puero
729 594 852 631 maior
873 600 929 630 est
951 599 1072 641 pater,

266 662 394 700 minor
415 661 561 699 maiori.
621 660 751 698 iamne
772 661 848 697 hoc
871 657 976 695 scitis
999 656 1094 705 quid
1115 655 1218 694 siet?
1612 661 1677 705 485

266 729 336 765 sed
358 725 591 764 Alcumenai
613 725 726 762 huius
749 723 909 762 honoris
930 721 1051 772 gratia

205 808 242 840 25
266 800 375 843 pater
395 791 544 829 curauit
565 804 645 828 uno
666 798 706 827 ut
729 791 808 826 fetu
831 789 950 834 fieret,

266 870 346 895 uno
367 864 408 894 ut
429 856 561 893 labore
582 856 760 904 apsoluat
780 865 987 891 aerumnas
1009 852 1106 889 duas

266 930 303 960 et
324 935 373 959 ne
394 921 433 958 in
455 920 678 970 suspicione
698 926 867 969 ponatur
887 916 1009 967 stupri

266 995 304 1025 et
325 986 569 1024 clandestina
590 993 631 1023 ut
652 986 798 1023 celetur
819 981 1036 1021 consuetio.
1613 990 1683 1025 490

267 1065 519 1102 quamquam,
543 1059 584 1089 ut
605 1051 682 1088 iarn
704 1051 855 1088 dudum
877 1047 967 1095 dixi,
990 1047 1173 1085 resciscet
1194 1052 1326 1084 tamen

205 1132 245 1162 30
268 1116 506 1165 Amphitruo
527 1129 607 1154 rem
629 1128 801 1153 omnem.
861 1113 956 1163 quid
977 1111 1122 1162 igitur?
1151 1124 1269 1149 nemo
1290 1109 1329 1148 id
1351 1108 1494 1159 probro

267 1184 442 1232 profecto
463 1183 581 1220 ducet
602 1182 845 1218 Alcumenae
862 1194 870 1225 3
899 1192 991 1216 nam
1012 1178 1131 1216 deum

267 1260 347 1285 non
368 1260 436 1296 par
456 1246 612 1285 uidetur
632 1247 769 1290 facere,
792 1244 979 1282 delictum
1002 1256 1115 1280 suom

267 1325 458 1361 suamque
479 1319 520 1349 ut
541 1312 696 1360 culpam
719 1317 898 1359 expetere
918 1308 958 1346 in
980 1308 1185 1345 mortalem
1206 1312 1248 1344 ut
1269 1304 1380 1343 sinat.
1611 1317 1678 1353 495

267 1376 484 1414 orationem
506 1374 763 1425 comprimam
781 1390 787 1412 ι
818 1372 967 1423 crepuit
988 1372 1091 1411 foris.

207 1456 244 1487 35
268 1441 505 1491 Amphitruo
527 1440 748 1478 subditiuos
769 1452 907 1477 eccum
929 1438 1005 1476 exit
1026 1439 1127 1475 foras

268 1519 358 1544 cum
386 1505 390 1557 l
417 1507 812 1544 Alcumena—uxore
835 1502 1016 1541 usuraria.

205 1620 250 1657 iii
362 1617 634 1654 IVPPITER
745 1611 1062 1665 ALCVMENA‘
1169 1613 1505 1649 MERCVRlvs

272 1701 328 1737 IV.
363 1701 471 1737 Bene
492 1699 589 1745 uale,
609 1699 838 1742 Alcumena,
858 1709 949 1734 cura
966 1709 1047 1734 rem
1065 1707 1330 1740 communem,
1351 1694 1459 1743 quod
1475 1691 1568 1730 facis
1586 1707 1593 1738 ;

267 1772 385 1813 atque
406 1763 577 1813 imperce
597 1775 767 1812 quaeso:
799 1774 953 1800 menses
975 1760 1052 1799 iam
1074 1760 1145 1798 tibi
1167 1773 1252 1798 esse
1272 1766 1380 1797 actos
1401 1758 1524 1797 uides.
1615 1771 1682 1807 500

268 1829 363 1867 mihi
384 1842 544 1867 necesse
565 1836 622 1866 est
642 1828 695 1866 ire
716 1827 808 1865 hinc
825 1842 834 1874 3
863 1841 1001 1865 uerum
1022 1827 1131 1877 quod
1152 1825 1223 1864 erit
1243 1832 1380 1863 natum
1402 1823 1537 1862 tollito.

268 1897 339 1933 AL.
365 1894 473 1943 Quid
494 1894 592 1931 istuc
614 1901 682 1939 est,
702 1892 754 1930 mi
777 1893 845 1940 uir,
866 1892 997 1942 negoti
1016 1892 1124 1942 quod
1147 1898 1188 1929 tu
1210 1898 1289 1928 tarn
1311 1889 1441 1928 subito
1462 1890 1584 1927 domo

231 1975 248 2006 5
267 1961 416 1999 abeas?
495 1959 552 1995 IV.
589 1958 731 2007 edepol
766 1959 843 1995 hau
878 1959 986 2007 quod
1022 1957 1077 1995 tui
1113 1970 1176 1995 me
1210 1969 1340 2006 neque
1374 1954 1484 1994 domi
1522 1953 1596 1992 dis-

1417 2019 1572 2058 taedeat
1588 2034 1596 2065 3

270 2091 339 2129 sed
360 2089 427 2128 ubi
449 2102 625 2127 summus
648 2089 857 2138 imperator
878 2101 956 2126 non
979 2088 1090 2126 adest
1110 2088 1161 2125 ad
1183 2085 1406 2132 exercitum,

312 2205 375 2234 479
396 2196 484 2234 quod
502 2195 566 2225 cod.
671 2194 735 2232 488
759 2203 826 2223 uno
843 2193 864 2223 l.
883 2193 1035 2222 absoluet
1052 2191 1157 2228 Goetz,
1176 2191 1303 2222 Sclzoell
1320 2190 1372 2230 (cf.
1393 2189 1525 2220 Nonius
1536 2189 1594 2228 57)

257 2240 334 2278 ‘489
360 2238 404 2268 Ut
424 2238 531 2276 Gom,
551 2237 677 2267 Sclzoell
779 2247 842 2275 490
866 2237 1041 2266 consuetio
1058 2235 1230 2275 Scioppius
1253 2245 1293 2265 ex
1318 2233 1418 2265 Paul.
1446 2233 1529 2264 Fest.
1554 2233 1594 2262 61

274 2283 527 2312 ‘consuetionem
570 2280 714 2310 Plautus
751 2285 812 2320 pro
846 2278 1074 2309 consuetudine
1104 2278 1228 2309 dixit':
1270 2277 1478 2309 consuetudo
1505 2275 1594 2307 codd.

271 2326 398 2356 Donati
413 2324 551 2364 Adelph.
574 2336 603 2363 4.
621 2333 649 2362 5.
671 2334 711 2362 32
729 2335 735 2353 :
759 2323 907 2362 suspicio
927 2322 992 2353 cod.
1016 2323 1062 2363 (v,
1081 2332 1113 2361 p.
1131 2323 1190 2359 80)
1307 2330 1371 2361 495
1395 2331 1456 2351 sua
1472 2319 1499 2350 si
1517 2319 1596 2359 quid

272 2369 369 2408 culpa
388 2367 474 2399 codd.
491 2368 598 2399 Nonii
611 2378 670 2405 301
773 2367 837 2405 498
862 2365 970 2408 (una)
989 2376 1043 2396 ux.
1064 2364 1186 2396 Pradel
1253 2374 1318 2403 500
1341 2369 1441 2404 atque
1458 2364 1596 2403 inperce

275 2412 484 2443 Cameram'us
501 2424 507 2442 :
531 2416 565 2441 at
583 2411 661 2449 quin
680 2420 784 2450 perge
801 2409 865 2441 cod,
