1814 2723
223 53 276 89 II.
299 53 328 88 ii
710 53 756 88 T.
792 51 971 89 MACCI
1005 51 1209 88 PLAVTI

298 177 390 202 nam
424 165 533 214 quod
566 163 649 202 scio
683 177 802 202 omne
836 176 883 201 ex
917 164 993 202 hoc
1028 162 1119 201 scio.
1180 164 1251 203 CA.
1283 176 1442 214 operam
1473 170 1516 202 ut
1543 165 1622 203 det.

1349 231 1417 267 ΡΑ.
1449 229 1626 267 dabit.-

298 295 369 334 CA.
402 294 493 332 facit
514 294 577 332 hic
598 295 706 343 quod
728 294 854 344 pauci,
877 301 919 332 ut
940 293 988 332 sit
1008 294 1192 344 magistro
1219 292 1223 345 Ι
1249 307 1482 344 opsequens.

296 361 348 398 da
367 359 420 397 mi
440 359 555 409 igitur
574 372 744 409 operam.
805 360 877 398 Co.
910 367 990 397 tam
1011 359 1083 397 etsi
1103 373 1183 397 non
1204 359 1309 406 noui,
1331 360 1448 398 dabo.

238 440 277 462 10
297 425 368 464 CA.
400 426 474 463 hac
494 432 611 462 nocte
632 424 671 462 in
693 424 842 462 somnis
863 424 970 462 uisus
991 438 1078 463 sum
1099 424 1267 463 uiderier
1646 429 1714 463 260

295 491 432 539 procul
452 490 588 527 sedere
608 490 724 538 longe
744 503 767 527 a
788 503 850 527 me
872 489 1162 540 Aesculapium,

296 568 426 604 neque
447 567 537 592 eum
557 555 607 591 ad
630 567 693 592 me
713 554 821 592 adire
841 568 971 604 neque
992 568 1054 592 me
1075 554 1205 604 magni
1226 555 1399 605 pendere

296 620 472 657 uisumst.
532 620 604 658 Co.
638 619 731 657 item
752 619 849 657 alios
869 621 966 658 deos
987 621 1156 658 facturos
1176 619 1350 660 scilicet:

295 698 388 723 sane
409 684 462 721 illi
483 684 582 722 inter
603 698 644 722 se
664 692 885 734 congruont
905 685 1162 723 concorditer.

237 766 272 797 15
295 750 392 787 nihil
413 756 470 788 est
491 749 714 787 mirandum
736 750 875 788 melius
897 750 928 788 si
948 750 1045 788 nihil
1066 752 1107 788 fit
1127 750 1209 797 tibi,
1647 753 1712 798 265

295 828 466 864 namque
489 814 674 852 incubare
696 815 816 853 satius
837 822 875 854 te
895 817 1019 853 fuerat
1041 815 1140 862 Ioui,

295 879 362 930 qui
384 879 453 917 tibi
473 879 617 918 auxilio
639 879 677 916 in
700 879 782 918 iure
804 879 970 919 iurando
989 880 1071 919 fuit.

296 946 368 983 CA.
400 944 596 994 siquidem
617 944 805 983 incubare
827 945 949 983 ue'lint
969 945 1036 995 qui
1057 945 1340 995 peiierauerint,

294 1011 396 1048 locu'
416 1023 497 1048 non
517 1009 694 1060 praeberi
716 1010 819 1060 potis
840 1017 899 1048 est
916 1009 957 1048 in
979 1010 1188 1060 Capitolio.

235 1092 275 1114 20
296 1076 368 1114 Co.
401 1076 477 1113 hoc
496 1075 674 1113 animum
695 1076 860 1114 aduorte
877 1090 884 1113 :
915 1089 1054 1125 pacem
1073 1076 1124 1114 ab
1144 1076 1383 1126 Aesculapio
1647 1087 1715 1122 270

294 1147 414 1190 petas,
438 1153 488 1178 ne
508 1141 607 1179 forte
627 1140 699 1178 tibi
720 1140 877 1179 eueniat
897 1154 1084 1191 magnum
1105 1143 1264 1189 malum,

295 1206 403 1255 quod
425 1205 463 1242 in
485 1206 617 1255 quiete
638 1205 709 1244 tibi
731 1213 1006 1255 portentumst.
1067 1207 1138 1246 CA.
1171 1207 1273 1245 bene
1292 1207 1397 1246 facis.

295 1270 362 1308 ibo
381 1278 499 1320 atque
520 1271 787 1311 orabo—CO.
820 1284 923 1321 quae
943 1284 1003 1309 res
1024 1272 1127 1309 male
1146 1279 1274 1310 uortat
1295 1272 1365 1310 tibi
1382 1276 1443 1311 l·—

296 1338 363 1374 PA.
396 1350 466 1386 pro
488 1336 528 1374 di
548 1336 787 1383 inmortales,
812 1350 931 1386 quem
953 1336 1185 1386 conspicio?
1215 1337 1302 1387 quis
1321 1337 1400 1376 illic
1419 1339 1507 1376 est?

235 1417 273 1449 25
294 1410 404 1440 estne
424 1402 487 1440 hic
508 1402 698 1452 parasitus
719 1403 786 1452 qui
807 1403 965 1441 missust
986 1402 1026 1440 in
1047 1402 1233 1442 Cariam?
1646 1415 1711 1453 273

294 1468 391 1505 heus
413 1468 670 1514 Phaedrome,
694 1467 765 1515 exi,
789 1467 860 1515 exi,
884 1467 957 1515 e'xi,
978 1468 1152 1518 inquam,
1174 1468 1283 1506 ocius
1303 1471 1310 1507 1

295 1534 369 1570 ΡΗ.
401 1532 498 1582 quid
518 1532 604 1571 istic
624 1535 837 1571 clamorem
858 1533 991 1572 tollis?
1047 1535 1117 1571 PA.
1148 1533 1361 1583 parasitum
1382 1541 1491 1572 tuom

294 1597 413 1636 uideo
433 1603 654 1637 currentem
676 1600 796 1637 ellum
817 1612 943 1648 usque
963 1597 1003 1635 in
1023 1600 1152 1648 platea
1171 1599 1333 1637 ultuma.

294 1663 387 1702 hinc
406 1665 673 1702 auscultemus
695 1663 790 1714 quid
810 1671 908 1714 agat.
970 1665 1043 1702 PH.
1077 1677 1171 1702 sane
1190 1677 1344 1702 censeo.

228 1776 273 1812 iii
349 1776 639 1814 CVRCVLIO
751 1776 1140 1812 PHAEDROMVS
1251 1775 1575 1814 PAL1NVRvs

294 1859 365 1898 CV.
400 1860 502 1896 Date
540 1858 647 1896 uiam
686 1858 794 1905 mihi,
830 1858 912 1896 noti
953 1856 1103 1910 [atque]
1144 1857 1277 1907 ignoti,
1314 1859 1410 1896 dum
1448 1872 1521 1909 ego
1560 1859 1623 1898 hic
1643 1866 1712 1900 280

1298 1923 1470 1962 officium
1491 1938 1622 1963 meum

338 2040 401 2069 257
434 2030 484 2060 vel
511 2030 589 2062 det?
631 2030 888 2071 (interrogative)
1065 2031 1128 2068 258
1162 2038 1187 2059 s.
1223 2028 1405 2067 magistero
1444 2027 1530 2060 Leo:
1570 2031 1626 2061 vix

295 2076 456 2113 magistro
481 2073 525 2104 sit
633 2074 713 2113 sort.
740 2078 776 2104 ut
800 2074 997 2113 magistrost
1019 2074 1232 2113 opsequens!
1411 2074 1476 2103 260
1499 2074 1625 2105 tuerier

294 2116 482 2148 Lambinus
509 2120 517 2134 ‘
528 2117 705 2158 scripturae
721 2119 833 2148 veteris
853 2118 986 2148 obscura
1009 2117 1141 2157 vestigia
1159 2115 1303 2147 secutus'
1321 2115 1381 2158 (an
1402 2116 1515 2148 codicis
1534 2117 1598 2159 1⁹2)
1615 2129 1622 2148 :

295 2162 415 2192 uidere
433 2172 497 2200 ego
510 2161 554 2201 (2)
572 2161 638 2192 Leo
755 2163 819 2201 265
843 2162 886 2192 sit
902 2160 956 2191 PE
1081 2163 1143 2200 267
1167 2160 1326 2191 auxilium
1343 2160 1376 2190 B
1493 2171 1552 2201 271
1578 2162 1626 2193 vel

296 2204 372 2236 fort'
419 2209 544 2235 euenat
554 2205 726 2237 Fleckeisen
808 2217 892 2246 274-
896 2208 916 2236 6
932 2217 1031 2247 coquo
1043 2206 1211 2237 continuat
1219 2205 1284 2237 cod.
1374 2217 1436 2247 274
1454 2210 1529 2237 ante
1538 2206 1627 2237 hunc

272 2250 281 2260 ⁸
296 2260 324 2281 v.
338 2260 469 2281 scaenae
483 2250 616 2280 zmmlium
629 2251 760 2291 periisse
779 2251 874 2282 credit
887 2251 1059 2281 Fleckeisen
1118 2251 1194 2290 quis
1207 2249 1356 2289 Pylades,
1370 2251 1504 2292 Seyffert
1521 2250 1619 2291 (Berl.

296 2293 381 2324 Phil.
405 2293 510 2326 Woclz.
531 2305 578 2335 13,
598 2297 703 2335 278):
727 2296 784 2336 qui
797 2295 863 2326 cod.
966 2297 1030 2335 276
1049 2296 1135 2326 heus
1147 2292 1247 2336 (exi)
1262 2294 1474 2325 Camerarius
1561 2305 1623 2334 277

297 2339 379 2378 quid
391 2339 490 2370 ItaL:
514 2339 570 2378 qui
586 2339 651 2370 cod.
755 2341 819 2378 278
843 2340 921 2371 uide
935 2350 1053 2371 occur1
1056 2344 1169 2370 entem
1182 2338 1250 2370 cod.
1313 2339 1465 2369 eccillum
1476 2338 1621 2379 Mueller

297 2394 346 2414 cm
345 2383 470 2414 hiatus
481 2387 555 2415 ante
565 2383 666 2414 ellum
679 2383 817 2424 displicet
905 2384 968 2414 280
991 2387 1091 2423 atque
1108 2382 1164 2414 del.
1183 2382 1314 2422 Bentley
1328 2383 1381 2424 (cf.
1392 2381 1440 2413 ad
1445 2382 1479 2412 A
1484 2383 1528 2413 ul.
1545 2383 1622 2422 784)
