1742 2718
93 1091 136 1116 10

98 1415 138 1452 15

89 1742 135 1767 20

670 269 904 318 ACTVS
955 271 974 317 I

664 383 967 421 CHAR1st
1448 381 1514 418 Li

260 491 337 530 CH.
373 491 482 528 Duas
503 501 563 527 res
584 487 699 526 simul
720 500 826 525 nunc
851 499 965 536 agere
985 486 1226 524 decretumst
1248 482 1344 522 mihi
1364 500 1371 523 :

259 563 298 595 et
317 561 591 605 argumentum
612 560 651 591 et
672 565 781 590 meos
801 564 955 590 amores
976 551 1147 600 eloquar.

259 634 340 659 non
365 633 438 670 ego
458 619 552 658 item
573 617 675 657 facio
696 624 738 655 ut
758 616 855 655 alios
876 616 916 654 in
937 614 1156 654 comoediis

258 684 334 737 (ui)
353 684 434 723 uidi
455 683 598 722 amoris
620 685 757 729 faeere,
781 682 849 732 qui
869 689 936 720 aut
958 680 1077 720 Nocti
1097 687 1165 718 aut
1188 678 1253 718 Dii

259 758 326 789 aut
347 749 427 789 Soli
447 756 514 787 aut
535 750 672 786 Lunae
693 746 868 786 miserias
889 753 1045 784 narrant
1065 758 1154 784 suas
1174 761 1180 783 :
1503 754 1521 787 5

260 829 360 866 quos
381 816 447 865 pol
467 827 540 865 ego
561 814 680 852 eredo
705 812 710 862 1
737 813 929 850 humanas
951 809 1216 861 querimonias

260 894 340 919 non
362 878 458 918 tanti
480 880 617 925 facere,
640 877 737 928 quid
758 876 892 923 uelint,
915 875 1012 926 quid
1033 888 1114 913 non
1135 874 1260 914 uelint
1277 889 1287 923 ;

260 944 374 984 uobis
395 944 561 982 narrabo
583 942 714 993 potius
735 955 842 980 meas
863 955 971 979 nunc
991 939 1176 979 miserias.

259 1024 396 1062 graece
416 1011 514 1048 haec
535 1016 698 1047 uocatur
720 1010 915 1057 Emporos
937 1005 1190 1052 Philemonis,

260 1077 400 1115 eadem
421 1074 562 1113 Latine
584 1075 783 1112 Mercator
804 1071 935 1110 Macci
955 1070 1047 1110 Titi.
1503 1085 1543 1109 10

259 1149 368 1192 pater
388 1141 439 1179 ad
460 1146 676 1178 mercatum
698 1138 791 1176 hinc
812 1151 876 1176 me
896 1151 1007 1175 meus
1028 1136 1134 1175 misit
1156 1137 1347 1175 Rhodum
1362 1149 1373 1185 ;

260 1205 464 1246 biennium
487 1205 563 1244 iarn
584 1206 731 1243 factum
751 1210 810 1242 est
830 1209 1041 1253 postquam
1061 1201 1141 1240 abii
1161 1203 1294 1241 domo.

259 1271 313 1311 ibi
333 1285 464 1310 amare
486 1269 622 1320 occepi
643 1271 770 1308 forma
789 1267 930 1307 eximia
951 1267 1165 1305 mulierem.

259 1338 330 1377 sed
345 1333 470 1390 ea[m]
494 1342 536 1373 ut
557 1333 630 1372 sim
651 1333 865 1385 implicitus
885 1331 1028 1379 dicam,
1051 1330 1082 1369 si
1103 1336 1283 1380 operaest
1303 1328 1463 1368 auribus

258 1410 378 1453 atque
396 1398 689 1439 aduortendum
709 1397 760 1435 ad
780 1394 957 1434 animum
977 1395 1089 1433 adest
1110 1392 1340 1443 benignitas.
1501 1408 1539 1441 15

259 1475 297 1507 et
317 1469 394 1506 hoc
414 1478 551 1516 parum
574 1463 705 1502 hercle
726 1475 835 1500 more
854 1466 1076 1499 amatorum
1097 1458 1231 1506 institi,

259 1537 352 1584 †per
372 1545 460 1570 mea
479 1535 715 1581 perconatus
736 1539 824 1565 sum
844 1538 917 1564 uos
937 1537 1105 1574 sumque
1125 1523 1220 1562 inde
1240 1520 1403 1564 exilico†

259 1613 351 1638 nam
371 1610 546 1637 amorem
567 1596 666 1633 haec
687 1600 830 1632 cuncta
849 1590 946 1630 uitia
965 1589 1103 1629 sectari
1124 1590 1265 1638 solent,

259 1678 364 1712 cura,
384 1661 588 1712 aegritudo
608 1658 810 1708 nimiaque
829 1655 1036 1706 elegantia,

259 1731 357 1768 haec
378 1741 458 1765 non
479 1727 601 1765 modo
620 1724 731 1763 illum
752 1723 820 1773 qui
839 1728 945 1760 amat
965 1721 1035 1759 sed
1055 1732 1254 1771 quemque
1274 1718 1400 1770 attigit
1501 1732 1541 1755 20

195 1844 215 1874 3
237 1834 317 1865 item
343 1832 516 1863 Muretus:
542 1831 631 1861 idem
654 1829 720 1860 cod.
857 1838 876 1865 4
903 1826 936 1856 ui
963 1824 1038 1856 add.
1070 1823 1193 1864 Ussing
1278 1823 1357 1862 quia
1376 1826 1433 1852 aut
1449 1822 1481 1853 Β

152 1888 172 1918 5
193 1889 233 1910 m.
254 1888 297 1908 au
316 1875 477 1907 narrasB
563 1876 585 1904 6
602 1872 725 1912 edepol
742 1871 870 1903 Rz'tschl
926 1869 1093 1900 humanas
1112 1866 1341 1898 Camerarius:
1367 1866 1481 1896 huma-

153 1923 204 1953 nis
220 1920 287 1953 cod.
377 1930 394 1958 7
419 1930 450 1959 q.
471 1929 502 1949 u.
523 1929 553 1958 q.
574 1928 607 1949 n.
630 1927 662 1948 u.
682 1915 907 1952 Camerarius,
927 1923 1028 1952 neque
1043 1911 1139 1942 aliter
1151 1909 1217 1941 cod.
1234 1913 1273 1939 ut
1287 1908 1350 1940 vid.
1372 1910 1477 1950 (quid.

153 1977 183 1997 u.
205 1965 294 2007 [aut]
313 1963 393 2003 quid
411 1974 444 1994 n.
463 1973 494 1993 u.
516 1961 601 2000 Pel),
617 1960 708 2000 quod
727 1958 853 2000 [uelin]
875 1957 1049 1995 uelintque
1072 1964 1138 1985 non
1159 1964 1191 1985 u.
1208 1953 1256 1993 Β)
1387 1963 1417 1991 9,
1440 1963 1480 1983 10

153 2009 221 2040 secl.
241 2008 357 2039 Osann
470 2017 509 2036 10
532 2004 640 2036 Macci
663 2003 730 2033 Titi
754 2001 896 2033 Rz'tschl:
922 1999 1054 2031 maetici
1071 1997 1135 2039 (Β)
1152 1996 1201 2028 vel
1221 1996 1349 2028 mattici
1374 1996 1479 2035 (PCD)

153 2052 220 2083 cod.
240 2052 302 2093 (iii.
322 2051 358 2091 3)
494 2059 529 2080 11
555 2049 635 2079 hinc
651 2047 757 2078 Pius:
791 2045 846 2076 hic
862 2043 930 2076 cod.
1046 2042 1173 2073 rhodus
1189 2039 1254 2071 cod.
1372 2049 1410 2077 13
1436 2039 1479 2069 ibi

156 2095 337 2126 Gruterus:
360 2093 426 2124 abii
442 2092 507 2125 cod.
529 2094 573 2133 (v.
591 2092 626 2131 4)
758 2100 797 2127 14
821 2090 880 2119 sed
902 2098 975 2119 eam
1000 2085 1200 2125 simplicitus
1224 2084 1332 2115 dicam
1348 2082 1481 2113 Nonius

158 2141 228 2177 176,
248 2141 368 2169 testans
382 2136 571 2168 adverbium
588 2133 789 2174 simplicitus
856 2143 896 2162 ea
913 2130 1102 2162 Lambinus
1118 2141 1126 2160 ι
1149 2139 1223 2159 eam
1238 2127 1305 2159 cod.
1442 2134 1479 2164 15

154 2182 401 2213 aduortendum
419 2181 461 2212 ad
480 2180 512 2211 A
519 2179 674 2210 cidalius:
697 2177 941 2207 aduortendam
960 2178 996 2204 ut
1011 2172 1076 2204 cod.
1097 2173 1142 2214 (v.
1160 2172 1196 2214 3)
1300 2172 1340 2201 16
1363 2169 1479 2200 hercle

155 2225 299 2256 Ritschl:
323 2235 402 2256 esse
424 2223 490 2255 cod.
579 2226 765 2253 amatorum
791 2219 978 2251 Acidalius:
1003 2222 1168 2248 matorum
1193 2215 1372 2252 (maiorum
1387 2211 1478 2253 PCD)

155 2269 222 2300 cod.
244 2268 297 2310 (cf
313 2268 398 2299 mori
409 2273 473 2308 pro
488 2267 594 2298 amori
610 2266 669 2304 62)
762 2272 798 2302 17
825 2273 878 2293 me
893 2261 970 2292 PCD
1052 2270 1113 2291 uos
1136 2258 1295 2299 sumque]
1313 2266 1479 2295 orsusque

155 2313 221 2388 L6eo
293 2312 382 2397 )fort.
408 2321 483 2342 mea
501 2310 574 2353 (del.
593 2309 671 2350 per)
690 2310 915 2348 praeconatus
931 2313 1131 2346 peruorsum
1144 2303 1165 2334 i.
1181 2313 1211 2334 e.
1233 2302 1373 2344 (journ.
1390 2298 1478 2332 Phil.

156 2366 176 2387 a
203 2380 211 2395 ,
227 2366 290 2397 292
