1814 2723
197 92 273 129 III.
296 90 326 127 ii
712 89 758 127 T.
793 88 975 128 MACCI
1007 88 1211 126 PLAVTI

299 201 397 239 Evc.
430 199 523 250 quia
536 201 704 238 cultrum
726 198 860 237 habes.
922 198 994 237 Co.
1027 210 1200 248 coquom
1221 198 1346 236 decet.
1407 198 1505 236 Evc.
1537 197 1633 247 quid

1357 262 1631 301 comminatu's

299 330 424 370 mihi?
481 332 553 370 Co.
586 329 687 368 istuc
708 330 810 367 male
830 329 977 367 factum
998 327 1173 376 arbitror,
1196 326 1289 378 quia
1309 340 1391 366 non
1410 328 1502 366 latu’
1522 327 1616 366 fodi.

259 410 276 440 5
301 398 398 435 Evc.
431 397 553 434 homo
574 396 721 433 nullust
741 401 780 432 te
800 392 1001 432 scelestior
1021 392 1089 443 qui
1109 392 1218 431 uiuat
1238 392 1370 440 hodie,

298 475 428 512 neque
449 460 542 511 quoi
564 460 636 510 e'go
652 461 702 498 de
718 458 910 498 industria
929 457 1098 509 amplius
1115 459 1217 496 male
1236 459 1324 508 plus
1340 457 1481 496 lubens
1500 455 1630 495 faxim.
1653 468 1722 502 420

300 528 372 566 Co.
405 528 471 576 pol
492 526 564 564 etsi
585 533 726 571 taceas,
750 526 880 574 palam
902 523 943 562 id
963 523 1126 574 quidem
1147 531 1229 562 est:
1259 536 1319 562 res
1340 522 1424 573 ipsa
1443 529 1579 561 testest
1594 537 1605 570 3

300 591 352 630 ita
372 591 540 629 fustibus
562 604 649 628 sum
670 589 826 627 mollior
846 588 959 639 magi’
981 601 1101 638 quam
1121 589 1214 626 ullu’
1235 587 1435 626 cinaedus.

300 658 370 695 sed
391 655 487 706 quid
508 655 579 693 tibi
600 668 672 693 nos
694 653 862 700 tactiost‚
886 653 1069 692 mendice
1090 654 1242 692 homo?
1299 654 1396 691 Evc.
1430 666 1531 703 quae
1551 654 1635 691 res?

245 737 281 759 10
301 721 419 760 etiam
440 720 612 770 rogitas?
640 733 690 758 an
712 719 804 770 quia
824 718 954 757 minus
975 732 1095 769 quam
1122 717 1126 770 Ι
1151 731 1322 769 aequom
1344 725 1425 756 erat
1444 716 1549 756 feci?
1704 756 1713 762 χ

301 787 373 825 Co.
406 785 500 832 sine,
519 792 559 823 at
578 786 709 824 hercle
729 798 820 823 cum
842 797 985 835 magno
1001 785 1106 822 malo
1127 790 1207 830 tuo,
1225 782 1257 821 si
1277 782 1354 822 hoc
1370 789 1488 833 caput
1504 781 1631 821 sentit.
1654 793 1697 827 42
1703 792 1719 828 5
1756 780 1757 787 ’

301 854 398 890 Evc.
429 853 495 902 pol
510 863 583 901 ego
596 852 674 889 hau
689 850 771 888 scio
787 849 883 900 quid
892 856 981 900 post
993 850 1094 888 fuat:
1111 856 1223 887 tuom
1237 862 1344 887 nunc
1364 855 1483 898 caput
1503 846 1632 886 sentit.

300 917 369 955 sed
390 916 430 954 in
450 916 616 955 aedibus
637 915 733 966 quid
754 914 825 953 tibi
846 914 943 953 meis
964 928 1056 952 narn
1077 921 1158 953 erat
1178 913 1311 964 negoti

300 996 363 1020 me
383 988 556 1032 apsente,
580 980 655 1019 nisi
676 994 748 1031 ego
770 980 988 1018 iusseram?
1017 981 1111 1018 uolo
1131 979 1239 1018 scire.
1300 980 1372 1019 Co.
1405 986 1491 1018 tace
1510 992 1613 1030 ergo.

243 1060 279 1091 15
299 1047 391 1098 quia
405 1046 578 1086 uenimu'
591 1053 749 1085 coctum
763 1047 814 1084 ad
828 1045 995 1096 nuptias.
1046 1047 1143 1083 EVC.
1167 1043 1264 1094 quid
1277 1051 1330 1092 tu,
1345 1045 1506 1092 malum,
1521 1046 1634 1082 curas

299 1120 430 1151 utrum
451 1112 617 1150 crudum
637 1124 687 1149 an
709 1117 867 1149 coctum
888 1111 962 1160 ego
982 1110 1099 1156 edim,
1122 1108 1197 1148 nisi
1217 1116 1259 1147 tu
1281 1108 1334 1147 mi
1355 1123 1396 1147 es
1415 1116 1520 1148 tutor
1533 1111 1550 1146 ?
1653 1120 1723 1154 430

301 1178 373 1217 Co.
406 1178 499 1215 uolo
521 1176 629 1223 scire,
652 1177 756 1214 sinas
777 1189 827 1214 an
847 1189 929 1213 non
950 1175 1054 1213 sinas
1076 1188 1148 1214 nos
1168 1187 1339 1225 coquere
1359 1173 1423 1213 hic
1444 1175 1613 1213 cenam?

302 1244 399 1281 Evc.
433 1243 526 1280 uolo
547 1240 645 1280 scire
665 1254 739 1291 ego
759 1240 868 1288 item,
889 1253 1001 1279 meae
1021 1239 1131 1279 domi
1151 1252 1268 1278 mean
1288 1239 1397 1278 salua
1415 1240 1574 1277 futura?

303 1309 374 1347 Co.
398 1306 550 1345 utinam
564 1319 653 1345 mea
669 1305 765 1344 mihi
782 1306 904 1344 modo
919 1306 1104 1352 auferam,
1123 1318 1225 1355 quae
1240 1306 1291 1343 ad
1312 1302 1387 1357 (te)
1409 1303 1493 1352 tuli,
1506 1304 1631 1343 salua:

245 1389 282 1409 20
302 1386 365 1411 me
381 1372 459 1410 hau
477 1371 661 1422 paenitet,
679 1378 745 1409 tua
761 1384 811 1409 ne
828 1377 1020 1421 expetam.
1081 1371 1179 1408 Evc.
1212 1369 1308 1417 scio,
1322 1383 1373 1408 ne
1394 1370 1506 1417 doce,
1523 1368 1630 1408 noui.

302 1438 374 1476 Co.
390 1436 487 1487 quid
501 1443 559 1475 est
572 1436 651 1487 qua
663 1435 850 1486 prohibes
864 1449 970 1474 nunc
982 1434 1105 1485 gratia
1117 1448 1189 1473 nos
1206 1448 1376 1485 coquere
1390 1434 1454 1473 hic
1468 1435 1633 1474 cenam?
1651 1441 1717 1479 435

300 1502 397 1552 quid
417 1501 594 1549 fecimus,
617 1500 715 1552 quid
734 1500 905 1540 diximus
926 1499 998 1538 tibi
1019 1500 1123 1538 secu’
1145 1513 1265 1550 quarn
1287 1501 1439 1539 uelles?

301 1569 398 1606 Evc.
431 1566 549 1606 etiam
570 1566 723 1617 rogitas,
747 1567 910 1604 sceleste
931 1567 1063 1612 homo,
1087 1564 1155 1616 qui
1180 1564 1185 1617 Ι
1211 1566 1376 1616 angulos
1396 1563 1525 1603 omnis

300 1645 476 1671 mearum
495 1631 655 1671 aedium
676 1638 714 1670 et
734 1630 985 1670 conclauium
1006 1616 1103 1668 mihi
1123 1630 1304 1681 peruium
1325 1629 1480 1669 facitis?

240 1688 256 1735 ⁷2
263 1714 279 1746 5
299 1696 353 1736 ibi
373 1696 442 1736 ubi
463 1696 534 1736 tibi
555 1704 635 1735 erat
656 1696 870 1747 negotium,
892 1697 944 1735 ad
964 1696 1098 1734 focum
1119 1695 1151 1735 si
1171 1697 1342 1743 adesses,

298 1776 378 1801 non
398 1762 516 1801 fissile
536 1763 705 1801 auferres
726 1769 867 1813 caput:
898 1760 1038 1800 merito
1059 1761 1099 1800 id
1120 1760 1191 1800 tibi
1212 1763 1358 1800 factum
1379 1768 1448 1799 est.
1651 1772 1720 1806 440

339 1876 405 1905 420
418 1866 501 1905 fort.
519 1865 638 1897 delend.
657 1865 802 1905 amplius
821 1866 896 1906 (seq.
917 1865 1004 1897 male
1023 1866 1120 1906 plus;
1143 1866 1186 1897 iv.
1200 1865 1249 1905 3),
1261 1876 1344 1896 nam
1361 1865 1474 1906 qu(oi)
1493 1865 1633 1906 displicet

296 1919 359 1948 422
383 1910 490 1948 magis
506 1909 593 1940 codd.
621 1909 760 1949 Non1'1'5
777 1920 784 1940 :
808 1910 912 1941 miser
929 1910 1038 1950 magis
1056 1909 1120 1940 cod.
1144 1909 1264 1950 (miser
1287 1921 1326 1940 ex
1347 1909 1534 1950 compendio
1554 1910 1630 1940 scri-

291 1957 409 1994 pturae
425 1953 532 1992 magis
548 1956 661 1983 ortum
677 1956 742 1991 est3
768 1953 809 1984 iv.
831 1954 868 1992 3)
973 1964 1038 1992 423
1064 1964 1126 1984 nos
1145 1964 1186 1984 m.
1207 1953 1238 1984 h.
1253 1953 1353 1984 tactio
1370 1957 1422 1984 est
1438 1952 1503 1984 cod.
1525 1964 1531 1983 :
1556 1953 1628 1984 trai.

296 1997 475 2027 Hermann
542 2007 605 2035 424
623 2001 717 2027 ereat
729 1996 792 2027 cod.
864 2008 896 2037 q.
911 2001 984 2028 erat
1001 2007 1145 2036 aequom
1161 1997 1262 2027 Reiz:
1286 2007 1386 2036 quam
1397 1995 1496 2039 (me)
1508 2007 1582 2036 aeq.
1598 2007 1627 2028 e.

296 2038 433 2080 Seyffert
451 2040 504 2079 (cf.
524 2040 615 2080 Capt.
639 2040 720 2079 9955
896 2051 960 2080 425
985 2051 1110 2080 magno
1133 2039 1222 2071 malo
1247 2044 1305 2071 tuo
1321 2039 1437 2070 Hare:
1460 2040 1548 2071 malo
1571 2045 1630 2071 tuo

297 2094 419 2122 magno
435 2083 501 2114 cod.
609 2085 675 2122 426
700 2085 757 2115 fiat
774 2083 839 2115 cod.
862 2084 908 2125 (v.
931 2086 963 2123 7)
1073 2094 1139 2123 429
1163 2083 1243 2113 ueni
1260 2085 1325 2114 huc
1341 2083 1526 2123 Fleckeisen,
1548 2094 1630 2114 nam

299 2128 452 2157 uenimus
463 2130 594 2158 coctum
604 2127 744 2167 displicet
873 2138 940 2167 430
964 2138 1028 2167 ego
1050 2133 1181 2158 coctum
1202 2126 1342 2166 Pylades
1418 2126 1502 2168 fort.
1520 2131 1629 2158 utrum

300 2180 363 2209 ego
380 2171 565 2201 crudumne
654 2171 705 2202 vel
718 2172 797 2202 mihi
945 2182 1007 2210 432
1033 2171 1148 2201 itidem
1168 2170 1266 2201 Goelz
1352 2180 1426 2201 mea
1436 2170 1501 2201 cod.
1521 2182 1528 2201 :
1551 2181 1628 2201 corr.

249 2242 257 2251 χ
302 2213 528 2250 Camerarius;
552 2215 588 2253 cs
611 2215 697 2245 Brix
717 2220 767 2255 ap.
790 2215 1015 2254 Niemeyerum
1034 2213 1132 2245 stud.
1157 2213 1202 2243 Pl
1237 2224 1274 2252 13
1406 2223 1470 2253 433
1494 2219 1527 2245 te
1551 2213 1627 2244 add.

299 2256 534 2289 Studemcmd:
559 2259 730 2289 attulimrs
745 2259 830 2288 Brt'x
970 2268 1034 2298 435
1059 2257 1240 2298 prohibeas
1256 2256 1320 2288 cod.
1339 2257 1375 2297 (i.
1389 2257 1425 2296 9)
1567 2257 1633 2296 436

300 2301 395 2340 sequi
414 2312 555 2340 usquam
567 2301 630 2332 cod.
651 2304 733 2340 (non
750 2301 812 2343 PJ)
835 2301 930 2342 (ipro
951 2304 1052 2341 se‘qus
1068 2301 1186 2340 quam)
1297 2310 1359 2340 437
1383 2300 1487 2340 quine
1503 2311 1531 2332 a.
1547 2300 1632 2331 Her-

302 2355 430 2375 mann:
454 2345 510 2385 qui
527 2356 555 2375 a.
577 2345 610 2375 in
627 2344 694 2376 Leo
798 2355 863 2384 439
887 2345 930 2375 ibi
953 2344 1109 2375 Guietus:
1134 2344 1168 2374 id
1185 2342 1249 2375 cod.
1270 2343 1318 2384 (D
1330 2348 1392 2384 pro
1410 2343 1456 2385 B)
1568 2354 1633 2383 440

301 2388 453 2419 auferres
473 2387 591 2419 Goetz.
615 2389 757 2420 haberes
774 2388 863 2419 coda
877 2388 957 2426 sord.
978 2389 1144 2419 aueheres
