1814 2723
195 78 225 115 Ι.

181 532 222 563 30

183 1053 220 1084 35

180 1453 224 1484 40

245 82 259 118 i
661 83 707 120 T.
741 81 923 120 MACCI
955 83 1159 120 PLAVTI

244 199 285 232 tu
306 193 545 244 prohibebis,
568 201 606 232 et
627 194 767 232 eadem
789 206 909 244 opera
928 200 997 232 tuo
1018 193 1143 232 sodali
1164 207 1323 244 operam
1344 193 1456 232 dabis
1471 209 1481 242 3
1590 200 1637 235 60

243 265 281 296 et
301 257 365 297 ille
384 258 601 298 adueniens
623 266 731 297 tuam
752 260 845 297 med
866 272 951 297 esse
971 258 1139 297 amicam
1161 258 1431 309 suspicabitur.

242 323 349 374 quid,
381 325 536 372 amabo,
568 324 797 374 opticuisti?
854 326 913 362 P1.
946 323 1038 374 quia
1066 323 1187 363 istaec
1216 323 1348 375 lepida
1376 331 1467 362 sunt
1496 337 1573 362 rne-

1382 389 1572 427 moratui:

241 455 380 493 eadem
402 454 442 492 in
463 468 536 494 usu
557 461 676 505 atque
696 454 765 492 ubi
786 454 977 505 periclum
997 454 1116 493 facias
1136 456 1314 493 aculeata
1334 462 1436 502 sunt,

240 519 416 558 animum
433 520 619 567 fodicant‚
639 521 745 559 bona
761 520 1027 567 destimulant‚
1046 521 1148 558 facta
1163 528 1201 559 et
1217 521 1361 558 famam
1383 520 1569 558 sauciant.

241 586 305 624 So.
338 585 434 635 quid
463 585 514 624 ab
544 587 618 624 hac
648 585 819 624 metuis?
876 587 934 624 P1.
967 585 1064 635 quid
1098 599 1171 636 ego
1201 593 1385 633 metuam,
1417 585 1570 636 rogitas,
1592 588 1634 632 65

1168 651 1401 688 adulescens
1421 651 1574 688 homo?

240 724 445 767 penetrare
467 715 585 770 [me]
629 716 745 756 huius
788 716 897 756 modi
940 716 979 754 in
1022 717 1267 767 palaestram,
1308 716 1375 754 ubi
1418 715 1574 754 damnis

1274 780 1546 820 desudascitur
1559 782 1575 818 ?

241 848 310 887 ubi
330 862 401 899 pro
421 848 533 887 disco
553 850 745 887 damnum
766 848 931 898 capiam,
953 861 1024 898 pro
1045 860 1203 886 cursura
1223 848 1427 885 dedecus?

243 916 313 952 BA.
350 914 481 964 lepide
512 928 718 953 memoras.
779 916 837 952 ΡΙ.
869 913 937 952 ubi
971 926 1044 963 ego
1078 913 1231 963 capiam
1265 926 1335 963 pro
1369 913 1576 950 machaera

1374 985 1574 1024 turturem,

242 1044 391 1095 ubique
411 1045 589 1096 imponat
609 1045 650 1083 in
671 1058 833 1083 manum
854 1044 952 1082 alius
974 1043 1070 1082 mihi
1090 1057 1161 1094 pro
1181 1050 1291 1082 cestu
1311 1044 1555 1090 cantharum,

242 1123 313 1160 pro
333 1112 443 1160 galea
464 1110 680 1160 scaphium,
703 1124 774 1161 pro
795 1109 938 1160 insigni
959 1109 1007 1148 sit
1027 1110 1174 1148 corolla
1194 1108 1371 1159 plectilis,
1594 1119 1640 1155 70

242 1189 313 1226 pro
332 1178 445 1215 hasta
465 1178 575 1224 talos,
598 1190 669 1227 pro
689 1176 810 1215 lorica
829 1177 1025 1214 malacum
1047 1175 1200 1225 capiam
1220 1174 1394 1225 pallium,

244 1241 311 1280 ubi
332 1241 386 1279 mi
406 1242 478 1291 pr6
499 1255 603 1292 equo
624 1243 748 1280 lectus
769 1243 894 1288 detur,
918 1248 1091 1280 scortum
1116 1254 1187 1290 pro
1208 1247 1320 1279 scuto
1340 1240 1537 1278 accubet?

242 1320 367 1357 apage
389 1320 412 1345 a
439 1321 514 1355 me,
536 1320 670 1358 apage.
746 1309 816 1345 BA.
848 1308 910 1354 ah,
934 1306 1101 1356 nimium
1131 1307 1234 1344 ferus
1264 1319 1315 1344 es.
1390 1307 1448 1343 P1.
1480 1303 1577 1342 mihi

931 1386 1028 1410 sum.
1089 1373 1160 1409 BA.
1193 1370 1502 1409 malacissandus
1522 1383 1574 1408 es.

244 1438 430 1489 equidem
451 1438 522 1477 tibi
543 1440 596 1477 do
617 1439 720 1476 hanc
740 1451 911 1488 operam.
974 1439 1031 1475 ΡΙ.
1063 1438 1125 1483 ah,
1149 1435 1316 1474 nimium
1342 1435 1512 1486 pretiosa
1536 1448 1578 1473 es

1388 1513 1574 1551 operaria.
1621 1528 1623 1531 s

245 1571 315 1608 ΒΑ.
349 1569 533 1608 simulato
563 1583 627 1610 me
655 1583 796 1609 amare.
858 1571 916 1607 P1.
948 1575 1079 1619 utrum
1107 1567 1180 1617 ego
1206 1567 1307 1605 istuc
1333 1567 1450 1605 idcon
1477 1566 1574 1604 adsi·
1595 1573 1636 1610 75

1208 1634 1355 1671 mulem
1375 1645 1427 1670 an
1447 1631 1577 1670 serio?

245 1703 314 1740 BA.
348 1701 446 1749 heia,
478 1702 556 1740 hoc
589 1714 703 1751 agere
737 1700 904 1740 meliust.
963 1699 1075 1738 miles
1109 1712 1232 1749 quom
1266 1699 1345 1736 huc
1377 1697 1574 1744 adueniat,

1425 1771 1464 1802 te
1483 1764 1576 1802 uolo

244 1847 307 1871 me
340 1833 563 1884 amplexari.
624 1836 682 1872 P1.
715 1833 811 1884 quid
846 1847 895 1872 eo
929 1832 1025 1871 mihi
1060 1833 1206 1882 opust?
1263 1832 1334 1868 BA.
1366 1832 1409 1868 ut
1441 1829 1506 1867 ille
1539 1836 1578 1867 te

1318 1895 1451 1934 uideat
1470 1895 1574 1933 uolo.

244 1964 326 2003 scio
353 1964 450 2015 quid
475 1979 561 2016 ago.
623 1968 680 2004 ΡΙ.
713 1973 751 2005 et
778 1967 845 2016 pol
873 1965 946 2015 ego
976 1964 1057 2003 scio
1084 1963 1180 2014 quid
1205 1969 1350 2001 metuo.
1382 1961 1452 1999 sed
1480 1959 1577 2009 quid

1128 2028 1213 2066 ais?
1270 2028 1340 2064 ΒΑ.
1372 2024 1469 2075 quid
1489 2026 1577 2063 est?

289 2136 330 2174 64
356 2135 566 2167 distimulant
582 2135 658 2166 ΡΟ)
775 2140 850 2176 post
864 2137 906 2173 64
930 2134 1049 2174 legitur
1068 2143 1097 2163 v.
1118 2141 1171 2171 73,
1188 2131 1307 2161 iterum
1322 2140 1383 2160 suo
1396 2129 1461 2160 loco
1478 2129 1524 2169 (ii.
1544 2129 1575 2163 6,

246 2189 278 2218 P·
304 2179 381 2219 103)
502 2181 544 2219 65
571 2180 614 2211 Et
636 2181 716 2220 quid
732 2180 773 2210 ab
790 2180 822 2210 B
835 2181 911 2220 (pro
929 2177 967 2216 E,
987 2178 1006 2208 i.
1021 2188 1044 2208 e.
1067 2176 1202 2212 SOROR,
1221 2174 1323 2214 quid3
1348 2173 1389 2204 iv.
1411 2174 1444 2213 5)
1533 2174 1577 2203 66

246 2233 299 2262 ure
316 2222 374 2254 del.
394 2222 531 2254 Redslob
550 2224 648 2262 (Berl.
668 2224 754 2255 Phil.
778 2222 883 2253 Woch.
903 2231 954 2257 22,
972 2220 1052 2260 554)
1098 2223 1276 2259 penetrem
1294 2227 1347 2248 me
1363 2217 1465 2247 Bothe
1521 2216 1576 2246 ubi

245 2267 387 2297 demens
403 2267 492 2299 codd.
514 2267 641 2307 aliquot
654 2267 782 2298 Donati
798 2266 936 2297 Phorm.
956 2274 987 2304 3,
1008 2274 1035 2309 Ι)
1054 2273 1097 2294 20
1258 2264 1301 2301 69
1324 2262 1391 2291 secl.
1409 2259 1581 2290 Buecheler

246 2321 287 2349 70
311 2311 444 2350 pectilis
460 2311 492 2341 Β
582 2322 622 2350 72
646 2322 708 2352 pro
729 2321 817 2351 equo
834 2308 963 2339 Merula
979 2319 986 2339 :
1010 2307 1169 2348 pr(a)eco
1185 2305 1250 2337 cod.
1272 2308 1317 2345 (v.
1335 2315 1357 2344 9
1371 2304 1447 2344 (3))
1524 2313 1574 2333 ac-

244 2355 378 2385 cumbet
395 2354 459 2386 cod.
563 2365 603 2394 73
619 2355 655 2394 ef.
671 2355 718 2386 ad
731 2356 773 2394 64
834 2364 886 2393 ap.
908 2362 984 2383 mea
999 2362 1054 2391 ap.
1074 2350 1140 2381 cod.
1247 2360 1287 2389 74
1311 2354 1345 2379 at
1360 2347 1435 2379 ΡΟ)
1536 2348 1578 2385 76

244 2408 345 2437 quam
368 2398 432 2429 cod.
455 2400 498 2440 (v.
519 2399 573 2439 12)
687 2408 726 2438 77
751 2397 842 2438 quod
864 2395 894 2427 T
