1814 2723
225 31 291 69 Li
676 27 721 64 T.
756 24 937 63 MACCI
970 23 1173 62 PLAVTI

275 153 421 178 nomen
443 141 669 183 Leaenaest‚
694 134 902 173 multibiba
921 141 1040 184 atque
1061 132 1276 172 merobiba.

276 207 342 242 ΡΑ.
376 204 485 254 quasi
507 211 547 241 tu
568 204 774 251 lagoenam
795 200 915 246 dicas,
938 199 1005 237 ubi
1030 198 1167 236 uinum
1189 197 1336 237 Chium

273 271 372 308 solet
392 283 486 307 esse.
547 270 620 305 PH.
654 265 749 316 quid
770 272 887 315 opust
906 263 1066 302 uerbis?
1095 262 1358 301 uinosissuma
1378 269 1461 309 est3

212 342 254 372 80
274 349 398 384 eaque
419 334 616 382 extemplo
637 330 705 369 ubi
725 328 830 382 (ubi)
849 329 944 367 uino
965 330 1035 367 has
1057 327 1257 378 conspersi
1278 329 1390 374 fores,

274 402 323 439 de
345 401 465 438 odore
486 399 623 436 adesse
645 411 708 435 me
729 396 811 442 scit,
834 395 958 445 aperit
979 394 1079 433 ilico.

275 467 343 503 PA.
376 464 463 502 eine
483 463 547 500 hic
567 475 657 500 curn
679 460 774 499 uino
795 460 902 498 sinus
923 460 1072 497 fertur?
1129 461 1202 496 PH.
1236 457 1310 495 nisi
1330 457 1452 495 neuis.

276 533 343 568 PA.
376 530 469 567 nolo
493 529 633 575 hercle,
657 540 748 564 nam
769 526 897 564 istunc
919 524 985 575 qui
1006 526 1077 563 fert
1097 523 1300 562 adflictum
1321 522 1439 560 uelim
1456 537 1466 569 3

275 609 347 645 ego
367 594 481 632 nobis
504 591 665 645 [af]ferri
685 591 830 630 censui.
892 593 966 628 PH.
1000 589 1095 639 quin
1116 596 1157 627 tu
1178 589 1315 626 taces?

214 667 254 706 85
275 660 305 698 si
327 659 423 709 quid
444 672 559 708 super
579 657 633 694 illi
654 656 776 703 fuerit,
800 655 840 693 id
862 655 977 693 nobis
999 661 1057 692 sat
1077 661 1144 692 est.

277 727 345 762 PA.
378 723 558 774 quisnam
579 721 665 760 istic
686 720 845 759 fluuiust
867 733 986 770 quem
1007 732 1087 757 non
1103 717 1263 767 recipiat
1284 719 1418 755 mare?

277 792 351 827 PH.
384 801 546 837 sequere
567 788 652 833 hac,
677 785 870 831 Palinure,
894 798 958 822 me
978 784 1029 821 ad
1051 785 1161 829 fores,
1186 783 1211 819 fi
1232 781 1285 819 mi
1306 794 1540 831 opsequens.

278 857 345 892 ΡΑ.
378 853 430 891 ita
450 851 601 890 faciam.
662 852 735 888 PH.
768 849 869 899 agite
885 848 1023 896 bibite,
1044 847 1206 886 festiuae
1226 848 1352 894 fores,·

277 926 423 970 potate,
446 919 510 955 fite
531 916 627 955 mihi
648 916 826 953 uolentes
848 913 1049 964 propitiae.

215 1001 258 1032 90
279 987 347 1023 ΡΑ.
380 982 548 1022 uoltisne
569 981 703 1027 oliuaS,
729 978 828 1032 [aut]
852 980 1166 1029 pulpamentum,
1190 975 1289 1030 [aut]
1311 976 1540 1027 capparim?

280 1052 353 1087 PH.
386 1046 618 1087 exsuscitate
639 1053 812 1083 nostram
834 1046 913 1082 huc
934 1044 1141 1082 custodem
1164 1042 1269 1080 mihi.

279 1117 347 1152 PA.
380 1111 584 1164 profundis
606 1111 743 1148 uinum
763 1125 770 1148 :
802 1124 903 1159 quae
925 1116 963 1147 te
984 1123 1043 1146 res
1064 1108 1244 1158 agitant?
1302 1110 1374 1145 PH.
1407 1107 1501 1146 sine.

278 1180 398 1218 uiden
419 1181 461 1216 iit
481 1176 707 1227 aperiuntur
727 1176 846 1213 aedes
867 1173 1185 1212 festinissumae?

278 1258 373 1282 num
396 1242 527 1281 muttit
547 1242 695 1280 cardo?
725 1247 783 1279 est
803 1239 968 1290 lepidus.
1031 1240 1099 1276 PA.
1132 1238 1227 1288 quin
1249 1239 1319 1277 das
1340 1238 1524 1276 sauium?

217 1327 257 1359 95
279 1312 353 1347 PH.
386 1316 482 1354 tace,
505 1308 748 1345 occultemus
769 1306 903 1343 lumen
925 1311 963 1342 et
983 1317 1135 1342 uocem.
1196 1305 1264 1341 PA.
1296 1303 1397 1342 licet.

229 1425 259 1461 ii
362 1422 588 1457 LEAENA
701 1419 1092 1454 PHAEDROMVS
1206 1416 1531 1451 PALINVRvs

280 1503 349 1539 LE.
384 1502 475 1538 Flos
496 1498 637 1537 ueteris
658 1498 740 1536 uini
762 1497 858 1536 meis
881 1496 1040 1535 naribus
1061 1495 1266 1542 obiectust,

280 1567 376 1606 eiius
397 1579 507 1604 amor
527 1564 712 1615 cupidam
730 1577 792 1601 me
813 1564 891 1601 hile
912 1561 1067 1612 prolicit
1087 1575 1156 1611 per
1175 1561 1366 1599 tenebras.

442 1630 510 1669 ubi
531 1629 599 1668 ubi
620 1636 692 1675 est,
712 1642 834 1678 prope
855 1642 919 1666 me
940 1634 1008 1665 est.
1058 1615 1177 1674 euax,
1201 1626 1329 1665 habeo
1346 1628 1353 1663 !

496 1697 613 1741 salue,
639 1694 770 1732 anime
791 1693 855 1740 mi,
879 1693 1011 1732 Liberi
1031 1695 1151 1743 lepos.

243 1774 260 1804 5
497 1768 540 1799 ut
559 1759 691 1798 ueteri’
712 1760 816 1797 uetu’
837 1758 893 1796 tui
914 1758 1059 1809 cupida
1078 1771 1164 1796 sum
1182 1760 1189 1795 ἵ

391 1840 482 1864 nam
503 1825 682 1864 omnium
703 1831 949 1874 unguentum
971 1825 1071 1863 odor
1090 1837 1182 1874 prae
1203 1830 1272 1862 tuo
1292 1830 1436 1861 nautea
1453 1830 1523 1870 est,

391 1900 432 1930 tu
454 1891 549 1930 mihi
570 1898 702 1937 stacta,
726 1898 768 1929 tu
789 1890 1030 1937 cinnamum,
1053 1898 1094 1928 tu
1115 1903 1212 1936 rosa,

447 1965 487 1996 tu
508 1956 711 1996 crocinum
732 1964 770 1995 et
791 1956 895 1995 casia
915 1970 970 2004 θε,
991 1964 1033 1994 tu
1054 1955 1229 2001 telinum,

338 2037 429 2062 nam
451 2022 518 2061 ubi
540 2030 581 2060 tu
601 2024 807 2072 profusu'S,
828 2021 882 2060 ibi
903 2035 976 2071 ego
998 2035 1060 2059 me
1080 2020 1269 2071 peruelim
1291 2021 1495 2069 sepultam.

330 2141 369 2171 77
396 2134 448 2161 est
464 2129 563 2160 leene
580 2129 645 2161 cod.
664 2141 671 2160 z
696 2129 767 2160 trm'.
790 2128 965 2159 Fleckeisen
1100 2127 1142 2156 80
1166 2124 1278 2155 ubiubi
1294 2124 1430 2163 scripsi:
1455 2123 1510 2153 ubi
1527 2122 1593 2153 cod.
1612 2133 1620 2153 z

286 2175 341 2206 ubi
359 2172 468 2217 (ego)
487 2172 620 2204 Guietus
745 2174 787 2211 84
813 2183 844 2203 n.
873 2171 954 2201 ferri
979 2170 1135 2208 Bentley:
1158 2168 1241 2209 fort.
1269 2168 1394 2198 adferri
1417 2178 1449 2198 n.

262 2223 343 2257 &aut
370 2221 549 2256 utrumque
575 2216 634 2248 del.
666 2215 816 2247 Muretus
988 2224 1030 2252 93
1055 2217 1092 2244 ut
1115 2212 1172 2242 del.
1200 2211 1341 2250 Bentley,
1356 2210 1502 2250 rhythmi
1522 2220 1620 2240 causa

286 2264 344 2302 98ὂι
368 2265 467 2292 uetus
498 2259 546 2290 tui
580 2259 643 2299 (vel
667 2260 724 2299 tis)
753 2257 914 2299 Spengel:
954 2257 1079 2288 uetusti
1102 2255 1168 2286 cod.
1330 2265 1390 2284 100
1413 2257 1520 2284 stacte
1552 2252 1617 2283 cod.

287 2307 340 2346 (cf
360 2305 457 2337 Most.
482 2315 547 2343 309
569 2308 675 2334 stacte
693 2309 754 2344 pro
776 2301 898 2342 stacta)
992 2303 1015 2314 ²
1037 2309 1097 2331 102
1120 2298 1269 2337 telinum,
1295 2303 1366 2338 sup.
1388 2307 1448 2327 scr.
1469 2296 1620 2336 ptellium

289 2350 322 2391 (i.
335 2360 357 2381 e.
375 2348 563 2389 bdellium),
581 2347 646 2378 cod.

1623 336 1670 370 80

1631 996 1676 1030 90

1635 1314 1676 1351 95

1614 1541 1615 1544 ¹
1637 1562 1766 1608 962-97

1633 1631 1698 1671 97³

1643 1902 1708 1926 100

1644 1966 1754 1990 101—2

1643 2025 1756 2064 103-4
