1794 2728
146 89 222 126 III.
246 89 275 125 ii
665 90 713 128 T.
746 89 926 128 MACCI
958 88 1161 126 PLAVTI

185 203 226 235 60
245 211 382 237 uerum
403 197 481 237 irae
502 198 533 237 si
554 212 655 249 quae
676 199 774 237 forte
795 197 984 236 eueniunt
1004 195 1232 235 huiusmodi

244 263 344 302 inter
364 277 441 310 603,
465 278 599 301 rusum
620 264 651 302 si
672 271 877 302 reuentum
899 263 939 300 in
958 262 1120 312 gratiam
1141 268 1210 308 est,

245 329 305 367 bis
326 336 436 367 tanto
457 328 573 367 amici
595 336 687 366 sunt
708 328 808 366 inter
829 341 870 366 se
891 340 1010 377 quam
1032 326 1148 376 prius.

246 396 319 432 AL.
351 393 521 444 primum
543 393 694 431 cauisse
715 392 888 443 oportuit
909 406 959 430 ne
979 391 1142 437 diceres,

246 472 383 496 uerum
404 460 543 497 eadem
565 458 597 496 si
616 458 723 496 idem
744 471 885 508 purgas
906 456 970 502 mi,
993 455 1183 506 patiunda
1203 462 1305 492 sunt.
1598 462 1666 499 945

186 528 227 570 65
248 525 306 562 IV.
339 523 431 562 iube
452 537 546 562 uero
566 537 659 561 uasa
680 536 777 573 pura
798 521 979 560 adornari
1000 520 1107 567 mihi,

248 596 290 626 ut
311 602 411 638 quae
431 589 537 638 apud
558 588 754 637 legionem
777 595 870 625 uota
890 585 984 624 uoui
1004 585 1036 623 si
1057 586 1222 623 domum

248 652 452 691 rediissem
474 654 613 699 saluos,
638 666 684 690 ea
706 665 778 701 ego
800 652 1000 690 exsoluam
1021 649 1165 688 omnia.

249 720 322 756 AL.
354 731 428 768 ego
447 718 546 755 istuc
568 717 725 755 curabo.
788 718 846 754 Iv.
869 723 1033 754 euocate
1054 716 1131 752 huc
1153 712 1331 762 Sosiam3

250 784 552 833 gubernatorem
573 782 641 832 qui
661 782 701 819 in
723 794 812 819 mea
831 780 922 818 naui
943 780 1015 818 fuit
1603 786 1673 822 950

191 860 230 896 70
252 849 543 898 Blepharonem
563 853 733 884 arcessat
754 845 822 896 qui
843 844 1051 883 nobiscum
1072 844 1272 894 prandeat.

252 913 308 954 †is
328 914 430 951 adeo
450 912 656 962 inpransus
678 909 978 957 ludificabitur†‚

250 992 372 1028 quom
393 991 466 1027 ego
486 976 821 1027 Amphitruonem
842 976 946 1013 60110
966 974 1059 1012 hinc
1080 973 1268 1023 opstricto
1288 973 1450 1011 traham.

251 1046 325 1081 AL.
356 1042 498 1080 mirum
519 1041 616 1092 quid
637 1043 743 1080 solus
764 1054 899 1079 seeum
920 1047 1071 1078 secreto
1091 1039 1156 1078 ille
1175 1046 1274 1088 agat.

251 1116 370 1158 atque
390 1107 617 1158 aperiuntur
636 1108 766 1145 aedes.
826 1105 903 1144 exit
925 1105 1046 1144 Sosia.
1605 1110 1672 1148 955

188 1221 234 1258 iii
434 1221 597 1258 SOSIA
710 1219 987 1256 IVPPITER
1099 1218 1416 1254 ALCVMENA

255 1303 318 1340 So.
351 1301 601 1351 Amphitruo,
619 1301 771 1339 adsum.
823 1299 855 1337 si
876 1298 974 1349 quid
994 1311 1094 1348 opus
1114 1304 1183 1344 est,
1202 1297 1362 1346 impera,
1381 1293 1588 1345 imperium

1387 1371 1587 1408 exsequar.

257 1433 315 1470 lv.
347 1430 507 1485 (Sosia,>
519 1439 682 1482 optume
695 1429 871 1469 aduenis.
919 1431 983 1468 So.
1007 1428 1086 1467 iam
1102 1441 1177 1478 pax
1192 1434 1251 1466 est
1266 1426 1366 1464 inter
1378 1438 1450 1463 uos
1466 1424 1589 1462 duos?

255 1510 349 1535 nam
370 1497 461 1547 quia
481 1510 552 1535 uos
573 1495 804 1545 tranquillos
826 1494 957 1541 uideo,
980 1494 1135 1543 gaudeo
1155 1500 1193 1530 et
1214 1492 1397 1541 uolupest
1417 1487 1524 1526 mihi.

256 1561 449 1611 atqueita
467 1574 624 1605 seruom
644 1574 714 1611 par
733 1559 890 1598 uidetur
910 1558 1009 1608 frugi
1030 1571 1115 1606 sese
1135 1556 1361 1595 instituere:

221 1643 237 1674 5
257 1626 423 1678 proinde
443 1626 497 1664 eri
518 1634 560 1664 ut
576 1626 664 1673 sint,
682 1626 766 1676 ipse
786 1625 881 1663 item
902 1624 951 1662 sit
966 1639 976 1671 3
1005 1609 1158 1661 uoltum
1178 1635 1200 1660 e
1220 1623 1330 1659 uoltu
1346 1626 1572 1670 comparet:
1608 1625 1678 1671 960

258 1692 375 1730 tristis
397 1692 456 1739 sit,
479 1691 511 1730 si
531 1690 585 1729 eri
606 1691 684 1729 sint
705 1691 833 1729 tristes
848 1704 858 1738 3
888 1688 1033 1727 hilarus
1054 1687 1114 1735 sit,
1137 1686 1168 1725 si
1187 1687 1394 1736 gaudeant.

259 1758 329 1795 sed
349 1770 421 1807 age
441 1757 637 1807 responde
654 1771 661 1794 z
690 1755 769 1794 iam
790 1769 863 1794 uos
884 1753 1052 1794 rediistis
1073 1753 1113 1791 in
1133 1750 1416 1790 concordiam?

260 1824 318 1860 IV.
350 1821 505 1860 derides
526 1821 593 1871 qui
615 1820 690 1859 scis
711 1823 811 1860 haec
832 1822 986 1859 dudum
1007 1832 1071 1856 me
1091 1816 1235 1856 dixisse
1255 1829 1323 1865 per
1341 1814 1484 1853 iocum.

261 1891 324 1927 So.
356 1901 407 1926 an
428 1887 468 1926 id
488 1887 577 1926 ioco
597 1887 758 1927 dixisti?
796 1886 983 1937 equidem
1003 1884 1104 1923 serio
1123 1896 1170 1921 ac
1190 1895 1284 1920 uero
1304 1888 1418 1919 ratus.

203 1971 242 1993 10
262 1957 319 1993 IV.
351 1953 472 1992 habui
493 1953 853 2004 expurigationem;
883 1954 986 1991 facta
1005 1964 1081 2001 pax
1100 1956 1168 1988 est.
1228 1949 1292 1986 So.
1325 1954 1487 1997 optume
1506 1952 1575 1983 est.
1611 1947 1678 1991 965

262 2022 319 2058 IV.
356 2033 430 2069 ego
463 2032 545 2057 rem
575 2018 753 2057 diuinam
782 2018 887 2057 intus
916 2016 1069 2064 faciam,
1102 2021 1195 2053 uota
1226 2025 1327 2064 quae
1360 2018 1461 2049 sunt.
1524 2011 1589 2048 So.

1435 2087 1589 2114 Censeo.

261 2152 320 2190 IV.
352 2159 393 2189 tu
413 2150 716 2200 gubernatorem
736 2162 759 2187 a
778 2147 871 2186 naui
891 2149 969 2186 huc
989 2159 1113 2185 euoca
1133 2142 1263 2193 uerbis
1284 2141 1381 2181 meis

245 2241 254 2252 ⁸
304 2253 368 2284 945
393 2243 500 2273 isdem
518 2241 594 2279 cod„
615 2241 880 2281 (1271't'quasorma
1007 2239 1073 2278 948
1095 2236 1269 2268 exsoluam
1287 2235 1373 2274 (ma)
1390 2231 1501 2276 (una)
1520 2232 1590 2272 (fla)

261 2287 416 2327 Seyffert:
449 2286 622 2316 exsoluam
650 2284 759 2326 (iam)
783 2282 922 2313 Mueller
936 2282 1068 2322 (Rhein.
1092 2279 1182 2310 Mus.
1200 2289 1252 2318 54,
1272 2278 1352 2318 382)
1476 2285 1539 2315 952
1565 2276 1593 2305 is

262 2343 282 2362 a
310 2330 476 2360 Mercurio
502 2330 570 2368 inp.
600 2327 666 2358 Leo
692 2328 745 2367 (cs.
770 2327 857 2366 Arg.
891 2326 932 2356 ΙΙ.
961 2326 996 2365 9)
1096 2321 1251 2365 (lepide)
1277 2322 1357 2352 ludi.
1379 2319 1592 2350 Lindemann

262 2384 325 2414 957
353 2374 451 2404 Sosia
467 2371 545 2403 add.
561 2371 626 2401 Leo
641 2371 690 2410 (cf.
707 2371 751 2401 iii.
767 2370 802 2408 2)
892 2370 958 2408 963
983 2368 1109 2399 dudum
1128 2365 1357 2397 Camerarius:
1383 2364 1448 2393 iam
1466 2363 1591 2392 dudum

262 2418 328 2448 cod.
345 2417 401 2456 (iv.
426 2417 456 2453 1)
600 2415 665 2453 964
689 2413 738 2444 vel
753 2423 840 2443 anne
857 2411 890 2442 id
910 2412 984 2442 ioco
