1814 2723
262 30 290 66 I.
312 31 355 66 iii
725 35 770 71 T.
806 35 985 74 MACCI
1020 34 1223 72 PLAVTI

313 144 385 181 ΡΗ.
419 142 471 182 ita
500 157 562 182 me
582 146 718 183 Venus
744 152 861 193 amet,
891 153 933 184 ut
959 160 1033 196 ego
1057 153 1095 184 te
1121 147 1198 184 hoc
1222 145 1393 184 triduom
1422 159 1638 197 numquam

1512 211 1637 250 sinam

311 272 350 310 in
371 274 492 312 domo
512 287 598 313 esse
618 274 724 322 istac,
748 275 843 325 quin
865 290 939 326 ego
959 283 996 315 te
1016 276 1216 315 liberalem
1238 276 1412 315 liberem.

312 340 378 376 PL.
411 338 528 376 facito
548 346 590 376 ut
611 339 846 378 memineris.
898 349 987 379 tene
1004 341 1131 387 etiam,
1151 340 1248 391 priu'
1267 355 1385 391 quam
1413 341 1505 380 hinc
1524 342 1635 388 abeo,
1659 354 1728 379 210

1002 403 1007 408 ³
1471 406 1636 444 sauium.

312 469 385 505 PH.
417 467 612 517 siquidem
630 469 759 507 hercle
775 469 871 507 mihi
888 482 1051 519 regnum
1068 471 1191 517 detur,
1211 484 1429 520 numquam
1449 469 1489 508 id
1510 470 1639 521 potius

1418 549 1637 586 persequar.

250 612 289 642 55
311 599 470 647 quando
487 611 560 647 ego
577 604 614 636 te
630 598 808 637 uidebo?
857 602 924 637 PL.
957 599 1020 638 ern
1037 600 1135 639 istoc
1152 601 1275 639 uerbo
1291 600 1508 639 uindictam
1524 614 1617 650 para
1632 615 1640 638 z

310 664 343 701 si
361 677 480 709 amas,
503 677 602 710 eme,
626 677 676 702 ne
697 664 854 714 rogites,
875 665 994 703 facito
1015 673 1057 703 ut
1077 665 1204 715 pretio
1224 665 1430 715 peruincas
1451 672 1529 703 tuo.

311 728 412 766 bene
442 729 675 766 nale—PH.
709 728 839 768 iamne
874 744 948 779 ego
978 730 1205 780 relinquor?
1238 731 1412 780 pulchre,
1445 730 1638 777 Palinure,

1498 795 1637 834 occidi.

312 860 379 896 PA.
411 858 661 909 egoquidem,
691 859 758 910 qui
798 867 836 899 et
875 862 1104 911 uapulando
1137 868 1175 899 et
1205 874 1346 899 somno
1376 873 1505 910 pereo.
1563 862 1637 898 PH.
1659 875 1724 912 215

1326 939 1489 976 sequere
1509 938 1639 964 me.—

809 1114 856 1160 A
865 1115 904 1161 C
912 1114 1045 1160 TVS
1099 1114 1115 1159 Ι
1129 1115 1146 1160 Ι

203 1226 291 1264 ΙΙ,ἱ
618 1226 923 1265 CAPPADOX
1007 1228 1331 1265 PALiNVRvs

311 1319 381 1359 CA.
416 1319 585 1369 Migrare
606 1327 794 1358 certumst
814 1319 890 1357 iarn
913 1334 1018 1358 nunc
1039 1334 1060 1359 e
1081 1321 1172 1359 fano
1193 1322 1306 1368 foras,

308 1385 468 1433 quando
489 1384 702 1435 Aesculapi
724 1384 778 1423 ita
797 1384 924 1423 sentio
945 1385 1180 1424 sententiam

308 1455 350 1486 ut
371 1448 437 1498 qui
459 1462 522 1488 me
543 1449 654 1487 nihili
676 1449 792 1487 faciat
812 1463 886 1488 nec
907 1451 1058 1488 saluom
1080 1449 1186 1489 uelit.

307 1515 494 1553 ualetudo
515 1514 717 1561 decrescit,
739 1514 931 1553 adcrescit
951 1515 1061 1553 labor
1076 1529 1086 1562 ;

269 1592 287 1624 5
308 1593 398 1618 nam
420 1578 497 1617 iam
519 1579 630 1629 quasi
650 1593 750 1618 zona
769 1579 870 1618 liene
890 1579 1042 1618 cinctus
1061 1580 1234 1626 ambulo,
1657 1597 1726 1622 220

306 1644 484 1693 geminos
505 1644 545 1682 in
566 1651 704 1683 uentre
724 1645 869 1683 habere
890 1644 1028 1683 uideor
1049 1644 1158 1684 filios.

307 1708 361 1746 nil
384 1716 516 1747 metuo
537 1708 612 1747 nisi
634 1723 683 1748 ne
705 1709 859 1748 medius
880 1709 1099 1760 dirrumpar
1119 1709 1245 1749 miser.

310 1776 376 1811 ΡΑ.
409 1774 439 1812 si
461 1781 565 1813 recte
586 1773 716 1821 facias,
741 1775 998 1820 Phaedrome,
1021 1776 1217 1813 auscuItes
1238 1773 1332 1814 mihi

307 1846 425 1888 atque
446 1838 559 1876 istam
581 1840 763 1878 exturbes
784 1853 831 1877 ex
850 1838 984 1877 animo
1003 1838 1300 1889 aegritudinem.

257 1920 296 1942 10
309 1917 428 1954 paues
448 1904 638 1953 parasitus
660 1904 753 1954 quia
772 1918 853 1943 non
873 1903 987 1942 rediit
1009 1903 1147 1944 Caria:
1658 1911 1723 1948 225

306 1970 457 2007 adferre
477 1977 682 2019 argentum
704 1970 823 2008 credo
838 1984 848 2017 3
877 1983 969 2007 narn
991 1968 1022 2007 si
1042 1983 1123 2008 non
1144 1970 1250 2015 ferat,

307 2041 502 2072 tormento
523 2048 604 2073 non
624 2033 780 2073 retineri
800 2034 928 2085 potuit
947 2035 1071 2073 ferreo

307 2098 403 2156 quin
423 2098 611 2148 reciperet
632 2113 673 2138 se
693 2100 772 2137 huc
793 2113 924 2138 essum
944 2100 995 2138 ad
1016 2112 1245 2149 praesepem
1266 2112 1388 2137 suam.

308 2164 378 2203 CA.
402 2163 489 2214 quis
506 2163 570 2202 hic
583 2171 641 2203 est
657 2164 725 2214 qui
739 2164 935 2214 loquitur?
983 2166 1052 2203 PA.
1075 2163 1236 2214 quoiam
1250 2178 1392 2203 uocem
1407 2179 1481 2215 ego
1493 2165 1636 2205 audio?

436 2268 500 2298 228
522 2276 616 2298 suam
635 2271 796 2299 testantur
812 2267 980 2300 Charisius
995 2277 1049 2310 59,
1065 2267 1198 2298 Nonius
1213 2268 1276 2298 218
1292 2279 1299 2298 :
1323 2278 1420 2299 suum
1435 2266 1501 2300 cod.
