1814 2723
189 48 266 86 III.
296 60 325 85 v
705 50 751 86 T.
786 49 966 87 MACCI
998 49 1201 85 PLAVTI

399 162 469 199 Lv.
502 160 598 210 quid
618 167 677 198 est
697 159 767 197 id?
823 161 893 197 PA.
925 159 1041 196 timor
1060 158 1263 209 praepedit
1283 158 1389 196 dicta
1408 158 1572 208 linguae.

227 241 268 271 30
292 227 361 264 Lv.
385 239 546 276 possum
562 224 659 263 scire
675 238 748 274 ego
764 224 864 262 istuc
880 237 927 262 ex
942 231 979 262 te
996 223 1091 273 quid
1108 223 1239 273 negoti
1255 224 1342 261 est?
1380 224 1449 260 PA.
1472 222 1613 261 dicam.

398 298 464 328 tua
484 289 635 336 ancilla,
659 303 778 339 quam
799 296 841 327 tu
861 296 930 327 tuo
950 289 1067 327 uilico
1088 289 1147 327 uis
1636 288 1702 334 655

398 357 491 393 dare
511 368 682 402 uxorem,
707 368 753 393 ea
771 354 1004 392 intus—Lv.
1036 353 1131 403 quid
1152 353 1286 391 intus?
1315 353 1411 402 quid
1432 354 1518 391 est?

399 422 468 458 PA.
500 420 672 457 imitatur
692 421 882 457 malarum
902 420 1045 456 malam
1067 418 1324 468 disciplinam,

452 484 537 522 uiro
557 498 658 534 quae
679 497 751 522 suo
771 483 1041 522 interminatur
1058 498 1064 521 :
1095 483 1271 521 uitam——

228 562 267 594 35
292 551 362 588 LV.
394 549 490 599 quid
539 551 659 599 ergo?
740 550 808 586 PA.
842 549 1021 586 ah—Lv.
1063 547 1158 597 quid
1206 550 1292 586 est?
1376 549 1444 586 PA.
1481 548 1617 586 intere-

1126 612 1341 651 mere—ait
1360 614 1461 651 uelle
1482 612 1614 659 uitam,

343 680 646 730 gladium—LV.
664 681 775 718 hem!
797 681 865 718 PA.
881 678 1182 729 gladium—Lx.
1206 678 1301 727 quid
1315 691 1405 716 eum
1419 677 1618 727 gladium?
1635 679 1707 714 660

346 748 415 783 ΡΑ.
448 746 576 784 habet.
637 747 707 783 Lv.
741 744 776 783 61
796 744 940 783 11115610
960 743 1074 782 mihi!
1105 757 1177 793 qur
1197 756 1288 781 eum
1307 743 1456 781 habet?

453 812 522 849 PA.
555 811 767 849 insectatur
787 810 916 848 omnis
937 808 1046 847 domi
1067 822 1135 859 per
1153 807 1262 846 aedis

453 890 527 914 1166
547 889 789 926 quemquam
808 888 932 925 prope
950 875 1001 912 ad
1022 887 1063 912 56
1083 873 1174 911 sinit
1193 873 1323 911 adire:

229 963 272 994 40
400 941 455 980 ita
473 955 611 980 omnes
632 942 705 980 sub
726 940 836 988 arcis,
858 941 932 979 sub
952 939 1062 978 lectis
1081 941 1246 977 latentes

402 1014 510 1045 metu
530 1006 747 1044 mussitant.
809 1007 878 1043 Lv.
911 1004 1039 1043 occidi
1059 1012 1177 1054 atque
1197 1004 1324 1042 interii
1343 1007 1349 1042 1
1640 1006 1705 1051 665

400 1071 497 1121 quid
517 1071 595 1109 11116
615 1070 853 1109 obiectumst
874 1070 965 1108 mali
986 1077 1065 1108 tam
1086 1071 1275 1119 repente?

401 1139 470 1175 PA.
502 1136 656 1175 insanit.
717 1138 787 1174 ΙΝ.
820 1135 1153 1174 scelestissumum
1174 1148 1237 1172 me
1258 1148 1343 1172 esse
1363 1135 1493 1172 credo.
1554 1172 1568 1191 ‚

401 1204 470 1240 PA.
502 1202 625 1240 immo
646 1201 677 1239 si
698 1201 798 1240 scias
817 1200 924 1239 dicta
944 1214 1045 1251 quae
1065 1200 1161 1239 dixit
1181 1200 1311 1240 hodie.

228 1285 270 1317 45
402 1269 472 1306 Lv.
504 1267 604 1306 istuc
625 1274 766 1317 expeto
786 1266 894 1305 scire.
954 1265 1050 1316 quid
1070 1265 1196 1304 dixit?
1252 1266 1320 1302 PA.
1352 1263 1456 1302 audi.

401 1346 470 1383 per
489 1332 618 1370 omnis
639 1333 736 1370 deos
756 1338 794 1370 et
814 1333 908 1370 deas
928 1330 1129 1378 deierauit,
1641 1334 1711 1376 670

401 1397 623 1436 occisurum
644 1410 735 1435 eum
756 1397 830 1435 hac
851 1403 969 1434 nocte
989 1395 1151 1446 quicum
1172 1395 1343 1433 cubaret.

401 1464 470 1501 Lv.
505 1476 597 1500 men
626 1462 810 1500 occidet?
885 1464 953 1499 PA.
990 1475 1039 1499 an
1070 1460 1271 1510 quippiam
1301 1461 1352 1498 ad
1382 1467 1420 1498 te
1452 1458 1621 1497 attinet?

1419 1525 1488 1561 LY.
1520 1523 1621 1560 uahl

403 1595 472 1631 PA.
504 1592 611 1642 quid·
634 1606 726 1630 cum
761 1605 806 1630 ea
839 1591 972 1641 negoti
1001 1590 1139 1629 tibist?
1206 1592 1277 1628 Lv.
1310 1587 1501 1627 Peccaui:
1531 1587 1623 1626 illuc
1642 1591 1758 1636 673-4

1066 1655 1207 1702 dicere,
1229 1654 1403 1700 uilicum,
1424 1652 1619 1690 uolebam.

234 1742 274 1774 50
404 1725 472 1761 PA.
505 1722 632 1761 sciens
653 1723 702 1761 de
724 1721 788 1760 uia
807 1721 848 1759 in
869 1720 1049 1761 semitam
1069 1721 1292 1770 degredere.
1643 1722 1709 1767 675

404 1790 473 1826 LY.
506 1802 602 1826 num
623 1787 720 1837 quid
740 1786 837 1825 mihi
857 1786 1055 1824 minatur?
1113 1787 1181 1823 PA.
1214 1784 1285 1823 tibi
1305 1784 1447 1822 infesta
1466 1783 1575 1841 solist

297 1855 384 1904 plus
405 1867 523 1903 quarn
545 1852 771 1903 quoiquam.
832 1854 902 1890 Lv.
934 1851 1215 1927 quamobrem.
1207 1853 1224 1880 Ρ
1280 1851 1349 1887 PA.
1382 1848 1474 1899 quia
1493 1862 1534 1886 se
1554 1849 1624 1886 des

1199 1928 1361 1953 uxorem
1383 1913 1623 1964 Olympioni,

296 1997 425 2034 neque
445 1997 486 2022 56
507 1991 615 2022 tuam
636 1997 709 2022 1166
730 1996 841 2021 suam
862 1996 991 2032 neque
1012 1981 1083 2019 uiri
1104 1981 1224 2019 uitam
1247 1979 1372 2018 sinere
1392 1979 1432 2017 in
1452 1979 1581 2018 erasti
1642 1983 1784 2029 678»80

1156 2060 1252 2084 num
1273 2045 1452 2096 protolli:
1483 2044 1523 2083 id
1547 2045 1625 2082 huc

338 2121 401 2160 654
427 2120 523 2161 [quid
545 2119 612 2160 est]
638 2129 774 2159 possum
799 2118 900 2160 P(ex
917 2130 945 2151 v.
970 2120 1055 2158 6533
1081 2118 1123 2150 iv.
1148 2117 1183 2158 3)
1362 2118 1424 2155 655
1449 2120 1485 2147 tu
1506 2126 1571 2146 om.
1596 2114 1630 2144 P

295 2165 359 2203 658
382 2174 442 2193 suo
467 2173 553 2202 quae
587 2164 676 2194 inter
701 2164 847 2193 minatur
872 2162 906 2193 P
1014 2162 1252 2193 interminatur
1276 2171 1320 2190 an
1347 2166 1436 2190 ·etur
1460 2160 1563 2189 incert.
1590 2158 1624 2188 A

295 2209 358 2246 663
383 2217 460 2237 sese
476 2206 579 2236 Bothe
659 2207 738 2246 fort.
760 2207 849 2237 sinet
975 2207 1039 2245 665
1063 2205 1112 2236 vel
1125 2204 1262 2235 interiui
1388 2204 1453 2233 666
1474 2202 1623 2233 maltiam

264 2246 273 2256 ⁸
297 2250 446 2292 (-litiam)
460 2250 493 2280 P
579 2252 642 2288 670
668 2250 833 2280 delerauit
849 2260 886 2280 se
899 2250 932 2280 A
1033 2251 1093 2288 671
1121 2248 1304 2278 occisuram
1321 2247 1354 2277 A
1374 2247 1409 2288 (i.
1427 2245 1462 2286 9)
1561 2247 1624 2285 672

297 2293 390 2334 men]
406 2303 460 2323 me
477 2293 510 2322 P
622 2296 683 2333 675
710 2294 887 2333 degredire
905 2293 1035 2332 Bentley
1151 2293 1216 2330 676
1240 2301 1316 2321 nam
1333 2291 1366 2321 A
1497 2289 1621 2327 678-81

289 2338 377 2377 fines
396 2337 543 2367 mutilati
558 2336 591 2367 P
606 2338 617 2376 <
622 2341 753 2377 propter
766 2337 941 2367 laceratam
956 2336 1121 2376 paginam
1138 2336 1171 2366 in
1188 2335 1243 2365 ΡΑ
1256 2345 1264 2373 3
1288 2334 1332 2366 iii.
1348 2333 1384 2375 8)
1473 2333 1537 2370 678
1562 2341 1625 2361 nec

299 2382 370 2423 [se]
388 2390 483 2413 suam
501 2379 534 2409 P
618 2381 732 2410 sinere
749 2378 801 2418 in]
820 2379 872 2410 sin
889 2379 920 2410 P
